3246 4944
777 421 959 496 -5'18-

325 615 460 680 instituti
488 615 611 679 ratione
641 614 814 690 immutata,
843 630 923 695 quse
951 611 1129 694 superioris
1156 610 1347 676 auctoritate
1373 611 1405 674 in

324 715 493 797 pristinum
516 721 631 778 statum
655 713 779 778 restitui
811 723 864 778 aut
892 711 1057 777 reformari
1088 701 1220 776 omnino
1247 710 1400 786 debeant;

323 832 381 880 nos
398 831 455 896 pro
471 813 567 878 cilicii
593 821 722 878 nostrae
737 812 908 894 legationis
930 811 1039 876 debito
1053 810 1129 873 nibil
1148 810 1249 890 magis
1272 811 1303 874 in
1320 811 1403 875 votis

322 914 476 978 babentes
492 929 585 994 quam
606 922 641 976 ut
661 911 860 976 Universitas
884 920 946 974 lam
970 909 1118 984 celebris,
1138 917 1231 989 prout
1254 918 1303 974 est
1325 910 1404 974 baec

321 1012 539 1088 lovaniensis,
554 1012 719 1092 antiquum
744 1029 836 1075 suum
860 1011 1002 1091 vigorem
1025 1009 1178 1083 obtineat,
1194 1018 1225 1076 et
1244 1007 1400 1086 delectus,

319 1111 346 1176 si
378 1111 429 1193 qui
460 1111 661 1192 irrepserint,
685 1109 878 1174 visitationis
905 1109 1009 1173 medio
1036 1107 1249 1189 corrigantur,
1272 1124 1400 1188 operam

318 1211 412 1286 dare;
430 1212 480 1276 cui
498 1211 591 1274 etiam
604 1210 649 1275 rei
665 1209 945 1288 praedecessorem
964 1216 1109 1272 nostrum
1125 1205 1401 1288 archiepiscopum

320 1311 550 1375 Damasceuum
567 1309 707 1373 animum
726 1307 885 1388 adjecisse
908 1307 1104 1386 accepimus,
1125 1306 1165 1370 de
1188 1307 1304 1370 vestris
1328 1323 1401 1386 pru-

318 1408 435 1486 dentis,
459 1407 746 1486 circumspectione
773 1415 804 1469 et
834 1421 940 1470 rerum
967 1404 1180 1485 gerendarum
1207 1405 1400 1484 experientia

318 1507 487 1587 plurimum
513 1506 543 1568 in
568 1505 702 1570 Domino
725 1503 852 1579 conlisi,
870 1521 1006 1585 quorum
1022 1504 1117 1568 etiarn
1135 1520 1290 1584 personas
1306 1503 1399 1568 dictis

316 1605 540 1672 serenissimis
571 1603 771 1683 Principibus
800 1613 907 1684 gratus
935 1612 966 1666 et
992 1613 1139 1682 acceptus
1166 1602 1235 1667 lore
1260 1619 1398 1684 coguos-

316 1713 438 1778 centes,
453 1703 639 1768 auctoritate
654 1701 829 1782 apostolica
848 1701 939 1764 nobis
952 1717 1106 1766 concessa
1120 1711 1151 1766 el
1163 1719 1224 1783 qua
1238 1701 1399 1783 luugimur

317 1803 347 1866 iu
365 1803 424 1867 bac
437 1811 526 1883 parte
541 1809 617 1874 etc,
627 1806 659 1864 ut
670 1803 702 1862 in
718 1799 845 1882 epistole
856 1817 909 1863 scu
925 1801 1134 1864 commissione
1149 1803 1235 1867 Decii
1253 1801 1396 1882 Ceresue,

315 1903 441 1978 Nomii,
458 1919 553 1983 supro
569 1918 599 1981 p.
616 1899 688 1962 tltb.

356 2002 468 2066 [latum
496 1998 673 2072 bruxellae,
696 1999 830 2077 septima
857 1999 1050 2078 septembris
1078 1998 1396 2080 indemnitatibus

313 2099 508 2164 sanctissimi
546 2097 666 2162 domiui
704 2097 806 2160 nostri
844 2097 932 2161 Pauli
970 2098 1070 2178 quinti
1103 2115 1187 2162 anuo
1217 2099 1322 2163 tertio.
1353 2133 1390 2145 -

313 2196 446 2262 butun.
464 2196 737 2276 drobiepisoopus
753 2195 960 2259 Rhodiensis.
977 2231 1017 2242 —-
1031 2199 1108 2260 Item
1124 2196 1258 2277 sipillum
1276 2197 1392 2262 subim-

310 2313 460 2378 pressum,
479 2302 507 2358 et
522 2295 577 2358 sub
591 2293 691 2374 sipillo
706 2295 854 2375 seriptum
872 2313 881 2358 :
898 2291 970 2358 Oer.
988 2295 1113 2358 Bnocrns
1129 2296 1335 2362 secretarius.

319 2501 327 2508 ,
354 2466 367 2503 ι
387 2443 442 2509 llie
458 2443 563 2517 lunae,
579 2443 678 2523 prima
691 2441 833 2515 octobris
847 2443 932 2520 [anni
946 2443 1037 2523 ltus]
1054 2444 1170 2508 indicta
1188 2445 1245 2510 luit
1257 2462 1393 2526 congre·

310 2545 395 2624 gartio
434 2541 654 2607 Universitatis
672 2589 693 2604 ..
722 2541 756 2602 ln
785 2557 846 2621 oua
877 2541 1065 2622 magnificus
1094 2541 1245 2608 dominus
1273 2544 1392 2609 Rector

311 2643 413 2722 primo
430 2639 597 2720 proposuit
612 2639 697 2720 quod
714 2638 912 2703 clarissimus
929 2640 1077 2704 dominus
1096 2641 1209 2705 doctor
1231 2650 1261 2706 et
1283 2641 1389 2706 consi·

308 2739 418 2804 lierius
444 2739 623 2818 Stepbanus
649 2737 871 2814 Graesbekius,
889 2739 1075 2804 auctoritate
1103 2737 1184 2804 Suae
1206 2741 1390 2806 sanctitatis

308 2845 341 2906 et
370 2839 504 2903 Suaruru
534 2837 764 2902 Celsitudinum
801 2853 872 2900 oum
904 2839 1079 2903 reverendo
1110 2839 1240 2905 domino
1275 2840 1389 2907 abbate

308 2937 457 3002 Parcensi
497 2936 534 2999 ad
577 2935 767 3000 visitandum
809 2935 890 3000 banc
933 2936 1177 3002 Universitatem
1217 2939 1388 3020 deputatus

306 3035 559 3110 commissarius,
578 3034 683 3114 cupiat
700 3034 761 3097 sibi
777 3033 816 3098 de
834 3035 901 3098 suis
918 3036 1138 3100 vacationibus
1154 3037 1186 3104 in
1204 3038 1387 3118 hujusmodi

304 3135 487 3200 uisitatione
517 3133 608 3197 lautis
638 3132 810 3204 satislieri;
841 3149 963 3212 ponens
995 3133 1066 3198 ideo
1095 3135 1126 3198 in
1157 3137 1387 3220 deliberatione

305 3233 379 3315 quid
393 3233 422 3298 ei
436 3232 695 3314 respondendum
711 3231 764 3296 sit.
780 3230 817 3295 lit
833 3248 870 3295 ex
889 3233 1027 3295 uuanimi
1043 3234 1185 3298 omnium
1203 3236 1387 3302 facultatum

303 3333 533 3398 deliberatione
573 3330 748 3404 conclusit,
780 3330 883 3410 quod,
919 3339 1036 3395 attente
1078 3335 1230 3400 tenuitate
1271 3337 1388 3400 aerarii

305 3431 422 3511 publici
464 3428 696 3502 Universilstis,
738 3428 909 3494 admodum
951 3429 1079 3495 difficile
1119 3432 1199 3496 loret
1240 3433 1385 3500 invenire

305 3529 471 3610 pecuniam
508 3529 545 3592 ad
582 3527 843 3591 satisfaciendum
880 3528 981 3593 dictas
1019 3531 1215 3607 vacationes,
1247 3531 1385 3614 ideoque

304 3626 548 3691 Universitatem
570 3643 701 3707 sperare
724 3625 955 3692 serenissimos
980 3628 1155 3708 Principes,
1172 3630 1279 3695 audita
1303 3631 1385 3696 rela-

304 3725 390 3789 tione
414 3724 614 3789 domiuorum
638 3725 837 3788 visitatorum
861 3725 900 3790 de
924 3725 1107 3806 hujusmodi
1131 3729 1297 3807 tenuitate,
1321 3732 1385 3796 imo

304 3823 446 3887 nullitate
475 3823 602 3900 aerarii,
627 3823 737 3888 l'aciles
769 3824 893 3888 tuturos
919 3825 959 3888 de
989 3843 1048 3891 suo
1076 3827 1281 3892 honorarium
1309 3830 1385 3894 dicti

303 3921 421 3984 domini
439 3920 614 3985 consiliarii
631 3921 819 3987 decernere.

346 4090 359 4127 u
381 4069 435 4134 [lie
471 4070 630 4146 mercurii,
655 4082 764 4136 octavu
797 4072 907 4151 aprilis
935 4074 1019 4151 [anni
1052 4075 1141 4153 lota]
1171 4085 1295 4142 servata
1328 4079 1387 4142 luit

303 4167 465 4247 deputatio
482 4166 743 4234 Universitutis...
763 4170 796 4232 ln
813 4187 874 4250 qua
891 4171 990 4237 lectae
1006 4184 1082 4238 sunt
1102 4174 1225 4241 litterae
1247 4177 1382 4242 Suarum

302 4266 532 4331 celsitudinum
546 4277 578 4331 et
590 4267 620 4330 iu
633 4269 895 4334 deliberationem
909 4272 1041 4352 positae,
1058 4274 1179 4339 tenoris
1192 4277 1356 4359 sequentis
1372 4299 1380 4339 ι
