3240 4946
669 395 793 474 -ttea
817 443 854 455 -

223 589 406 655 mandalum
445 591 519 656 Ser.
554 590 770 656 Archiduoum
813 592 994 672 proprium,
1031 601 1060 656 el
1100 593 1255 676 siqrtotum
1298 615 1307 656 .·

222 691 433 771 Verreycken.
466 693 601 772 Eratque
641 697 808 773 appensum
848 693 983 773 aipillnrn
1022 695 1120 774 majus
1160 695 1309 759 rotundae

221 791 339 870 liparae
352 791 385 854 in
401 791 495 856 rubro
510 809 578 854 cero
593 793 788 872 impressum.

265 991 307 1052 Le
345 990 461 1053 burron
500 990 560 1064 ultr,
580 989 715 1052 tribunal
755 991 796 1054 du
837 990 1069 1056 Conseruoleur.
1103 991 1307 1057 Exercendae

221 1088 437 1170 iurisdictioni
464 1105 542 1153 suae
566 1090 735 1168 deputatos
757 1089 851 1154 habet
874 1089 1089 1155 Conservator
1113 1115 1119 1154 :
1146 1093 1178 1154 l⁰
1200 1091 1326 1174 sigua-¹

224 1199 326 1254 torem
354 1189 526 1268 primarum
555 1188 732 1263 literarum,
750 1189 783 1250 ⁰2⁰
805 1188 1007 1264 adsessores,
1025 1189 1058 1250 3⁰
1082 1191 1223 1254 notarios
1249 1209 1305 1256 seu

222 1288 392 1360 actuarios,
411 1287 444 1350 4⁰
459 1287 639 1368 syndicum,
657 1296 687 1352 el
702 1288 736 1349 50
752 1295 979 1368 procuratores
1002 1298 1096 1370 atque
1118 1299 1307 1355 executores

223 1405 279 1452 seu
297 1403 447 1452 cursores
461 1385 597 1468 juratos.
615 1387 660 1450 lta
678 1387 803 1457 Psouor.

264 1490 290 1565 a)
307 1487 348 1550 Le
370 1487 464 1550 liseur·
483 1487 536 1550 dea
552 1486 653 1549 lettres
669 1502 710 1551 ou
730 1508 742 1544 u
760 1489 899 1567 siprrolor
912 1488 1084 1568 primorum
1098 1488 1257 1553 literarum
1278 1511 1305 1552 l.

223 1586 270 1650 Ad
287 1586 349 1651 boc
366 1601 481 1651 munus
498 1586 627 1664 deputat
650 1584 848 1650 Universitas
871 1585 972 1650 virum
995 1586 1131 1668 aliquem
1156 1587 1304 1669 probum,

223 1686 352 1749 doctum
379 1693 409 1749 et
436 1683 628 1764 practicum;
656 1683 709 1764 qui
738 1683 905 1764 primarias
928 1683 1171 1751 conservatoris
1197 1687 1305 1752 literas

223 1784 389 1850 admittere
420 1782 522 1864 possit
551 1783 600 1847 vel
630 1782 775 1863 rejicere,
793 1783 977 1864 muniatque
1006 1784 1112 1864 sigilio
1143 1782 1304 1864 Hectoris,

223 1900 302 1965 quas
330 1881 542 1947 admittendas
568 1881 734 1962 iudicabit,
753 1882 848 1962 idque
877 1882 1055 1947 secundum
1085 1883 1305 1951 Universitatis

206 1987 296 2048 'cum
315 1981 459 2062 principe
475 1981 668 2046 concordata
684 1989 716 2045 et
731 1980 951 2045 ordinationes
968 1997 1025 2047 seu
1042 1989 1170 2047 statuta.
1189 1984 1307 2050 Prima·
1418 1969 1420 1978 '

223 2079 288 2146 rias
313 2097 408 2161 porro
431 2080 540 2144 literas
564 2079 659 2160 vulgo
682 2079 803 2158 dicunt,
821 2080 938 2160 quibus
960 2081 1119 2162 quispiam
1143 2098 1197 2147 aes
1213 2100 1307 2149 suum

224 2189 278 2245 aut
304 2179 471 2246 bonnella
498 2179 530 2242 in
557 2179 772 2244 academicum
799 2179 936 2260 aliquem
967 2181 1128 2246 transfert.
1153 2180 1305 2253 Quoniam

223 2287 327 2344 autem
344 2296 425 2360 quae
439 2295 496 2360 pro
509 2277 690 2359 huiusmodi
704 2277 805 2342 literis
819 2277 1011 2358 penduntur,
1022 2279 1167 2360 signator
1182 2282 1305 2361 recipit,

222 2380 344 2460 accepti
362 2379 502 2444 rationes
518 2379 701 2444 academico
718 2377 880 2459 quaestori
897 2377 1069 2458 quotannis
1092 2378 1141 2444 bis
1164 2379 1304 2445 cullibet.

263 2477 330 2542 lam
354 2477 393 2542 ab
415 2495 498 2543 anuo
518 2475 595 2540 llol
611 2477 705 2542 lertio
721 2477 813 2542 eidus
829 2475 1022 2551 decembris,
1040 2485 1134 2558 alque
1150 2477 1231 2543 adeo
1247 2479 1306 2544 sub

223 2577 324 2657 ipsam
355 2577 543 2642 Academiae
579 2576 748 2658 originem,
772 2583 923 2640 statutum
961 2575 1018 2640 t'uit
1054 2577 1306 2656 supplicationes

224 2693 336 2742 omnes
366 2693 464 2757 super
492 2675 721 2741 monitionibus
749 2674 1020 2756 citationibusque
1051 2675 1203 2742 iaciendis
1234 2686 1307 2743 aule

225 2775 450 2840 examinandas
466 2791 539 2840 esse
557 2791 612 2855 per
627 2775 808 2851 Rectorem,
823 2773 956 2855 eJusque
974 2790 1030 2854 pro
1045 2784 1187 2856 ternpore
1199 2775 1308 2840 adses-

208 2891 343 2950 sorem,
361 2882 392 2938 el
411 2883 515 2938 utrum
533 2874 719 2954 supplicans
733 2891 829 2939 verus
846 2884 933 2938 esset
949 2873 1095 2946 studens,
1113 2874 1217 2955 deque
1234 2875 1307 2940 aliis

223 2969 474 3037 circumstantiis
496 2971 659 3053 requisitis
675 2972 913 3053 inquirendum,
932 2990 970 3037 ue
988 2972 1305 3039 bincdetrimentum

222 3079 275 3136 aut
292 3071 455 3134 molestias
473 3077 631 3151 pateretur
647 3070 857 3135 Universitas.

265 3169 331 3232 Alia
355 3177 470 3234 statuta
494 3185 577 3232 arruo
601 3168 680 3232 leta
706 3168 832 3231 decimo
861 3169 954 3232 tertio
981 3169 1132 3234 kalendas
1156 3170 1305 3252 januarii,

222 3268 306 3334 edita
330 3277 406 3332 suut
427 3266 604 3347 spectautia
628 3267 666 3330 ad
687 3266 944 3332 reformationem
961 3267 1231 3349 supplicationum
1249 3286 1306 3348 pro
1369 3327 1372 3334 .

222 3369 324 3432 literis
339 3367 508 3441 citatoriis,
522 3366 729 3440 inbibito'riis,
745 3365 963 3446 protectoriis,
978 3367 1172 3448 celerisque,
1189 3369 1306 3448 quibus

222 3477 253 3531 et
268 3465 405 3548 qualiter
420 3483 476 3531 eae
493 3465 626 3531 concedi
650 3464 813 3538 deberent,
832 3464 1072 3538 examinandae,
1090 3466 1306 3532 admittendae

223 3563 271 3632 rel
289 3564 509 3630 relelleudaea
523 3564 753 3646 quinqueviris
767 3563 977 3644 prudentibus
991 3580 1047 3644 per
1061 3563 1305 3630 Universitalem
1341 3593 1345 3598 ·

222 3663 260 3728 ad
278 3663 338 3728 boc
356 3681 416 3728 una
433 3681 505 3728 curn
524 3664 658 3728 Rectore
675 3661 877 3743 deputandis.
897 3722 900 3727 .

264 3762 406 3844 licinique
421 3779 504 3826 aurio
522 3763 600 3826 lbra
617 3762 733 3843 placuit
746 3760 962 3836 Universitali,
980 3775 1011 3826 ut
1024 3761 1177 3844 deinceps
1189 3761 1305 3843 aliquis

219 3861 425 3943 jurisperitus
461 3861 770 3942 assumeretur,.qui
806 3861 905 3924 sciret
934 3859 1132 3941 distinguere
1163 3862 1308 3928 actiones

220 3977 403 4034 causarum,
420 3960 626 4041 siguarelque
643 3960 751 4024 literas
768 3959 935 4040 primarias
955 3957 986 4021 in
1012 3959 1119 4024 causis
1144 3969 1309 4044 transpor-

221 4069 322 4135 tuum‚
341 4069 402 4125 etc.
419 4059 463 4123 lta
481 4058 609 4129 Pnouor.
