3236 4944
635 425 759 508 alat
785 477 828 507 -,

228 613 258 690 s.
282 611 351 694 'lton
366 623 522 708 suscipiat
538 623 676 708 aliquam
691 641 834 704 causam,
858 641 940 708 quac
959 625 1119 692 uidebitur
1139 625 1171 690 in
1192 640 1271 692 oon·

185 725 320 792 scicntia
344 741 401 792 sua
426 724 556 808 injusta,
581 734 764 792 etecusam
787 735 968 806 susceptam
993 725 1163 808 relinquat,
1189 727 1214 791 si
1240 727 1272 791 in

185 843 361 910 progressu
379 824 572 892 intellexerit
587 841 661 892 esse
677 824 839 908 injustam.

227 958 259 1022 d.
283 958 354 1025 Non
380 957 619 1023 colludatcum
649 965 739 1039 parte
767 957 914 1034 adversa,
933 973 993 1023 nec
1014 956 1133 1040 aliquid
1150 958 1266 1041 exigat,

188 1057 250 1123 nisi
267 1059 351 1140 quod
366 1057 437 1140 iura
454 1057 654 1139 permittunt.

230 1191 260 1255 d.
286 1190 331 1256 Ne
353 1188 485 1255 nimium
503 1189 575 1255 lites
591 1197 623 1255 ct
638 1188 818 1271 scripturae
834 1189 1077 1272 prolongentur,
1094 1189 1271 1256 advocatus

189 1299 251 1356 tarn
268 1293 314 1355 rei
331 1305 425 1371 quant
440 1289 570 1365 actoris,
588 1289 713 1354 duabus
736 1289 907 1371 scripturis
929 1291 1010 1355 iacta
1031 1289 1137 1354 ornnia
1154 1307 1272 1372 propo·

189 1398 276 1467 nant,
307 1389 456 1455 videlicet
485 1389 659 1455 advocatus
688 1389 808 1454 actoris
838 1388 947 1454 libello
983 1399 1015 1454 et
1051 1388 1271 1471 replicatione,

188 1489 363 1556 advocatus
385 1505 462 1554 vero
486 1489 531 1554 rei
555 1488 745 1569 exceptione
769 1496 801 1554 et
826 1487 1055 1569 duplicatione,
1085 1488 1146 1553 nisi
1173 1505 1270 1555 causa

188 1590 299 1672 plures
328 1589 507 1671 scripturas
537 1589 687 1670 postulet,
713 1590 798 1670 quod
825 1587 947 1670 judicio
975 1588 1096 1653 domini
1124 1587 1271 1655 ilectoris

188 1688 397 1771 relinquitur;
419 1688 479 1755 sub
502 1687 552 1752 bis
573 1695 677 1754 autern
701 1687 825 1754 duabus
850 1687 1020 1769 scripturis
1041 1703 1103 1752 non
1127 1705 1272 1769 compre·

189 1789 372 1856 benduntur
385 1788 628 1872 reprobationes
642 1787 784 1865 testium,
794 1804 852 1854 uec
865 1786 1058 1854 salvationes
1071 1789 1270 1856 eorumdem.

232 2021 291 2085 bes
303 2037 490 2102 procuratore
503 2019 557 2084 des
572 2037 692 2084 causes.
711 2020 756 2084 lle
772 2018 834 2093 bis,
851 2018 911 2085 sub
928 2017 1021 2086 titulo
1039 2036 1047 2084 :
1067 2021 1111 2084 lle
1124 2037 1273 2103 procura·

187 2121 304 2212 leubus
319 2137 494 2195 raucorum,
512 2119 679 2201 sequentia
694 2119 912 2186 ducernebant
925 2119 1046 2184 Statutc
1059 2121 1273 2187 Uniunoitctio

187 2219 281 2303 (apud
298 2218 456 2297 Mouauuu,
475 2220 555 2284 illst.
574 2218 661 2296 ton,
679 2219 730 2286 ed.
750 2219 793 2286 ile
809 2219 900 2298 Ram,
918 2219 957 2297 ll,
976 2237 1006 2301 p.
1023 2219 1095 2300 913)
1112 2237 1119 2285 :

231 2386 261 2449 l.
286 2385 478 2451 Procurator
498 2401 668 2451 causarum
688 2384 906 2451 admittendus
928 2401 1036 2452 coram
1062 2385 1274 2454 Universitate

190 2485 364 2567 praestabit
389 2485 605 2570 iuramentum
628 2485 904 2556 intitulandcrurn,
924 2486 951 2550 si
979 2487 1068 2568 prius
1095 2487 1275 2553 intitulatus
1311 2547 1313 2554 ι

192 2601 256 2650 non
274 2585 384 2664 luerit,
403 2593 435 2652 et
451 2585 566 2652 deinde
582 2585 667 2668 quod
684 2585 831 2668 sequitur
849 2608 856 2648 :

238 2724 250 2762 ιι
265 2701 331 2788 ligo
346 2701 384 2766 N.
398 2701 485 2784 iuro,
503 2702 588 2785 quod
605 2702 745 2768 officium
762 2702 982 2786 procuratoris
998 2701 1087 2784 justa
1108 2711 1224 2769 statuta
1245 2713 1278 2771 et

195 2800 361 2884 privilegia
376 2801 600 2868 Universitatis
616 2801 754 2867 fideliter
769 2801 941 2876 escrccb0;
960 2818 1024 2868 non
1040 2802 1153 2868 iovebo
1169 2802 1276 2869 soien-

193 2912 243 2968 ter
258 2917 373 2967 causas
390 2902 539 2986 injustas,
558 2919 620 2968 uon
638 2911 707 2968 utar
724 2902 801 2968 talsa
816 2901 1014 2984 probatione,
1028 2901 1199 2968 dilationes
1212 2919 1276 2969 non

194 3011 299 3082 petam
316 3001 347 3065 in
364 2989 520 3077 fraudent,
538 3017 602 3068 non
619 3001 701 3068 dabo
718 3011 771 3067 aut
788 3003 969 3083 prornittaru
986 3001 1104 3084 aliquid
1122 3003 1154 3066 in
1171 3002 1277 3068 causis

192 3117 328 3184 quarum
344 3111 536 3183 procurator
551 3118 620 3177 ero,
638 3101 699 3166 nisi
719 3101 784 3166 illis
805 3102 953 3183 personis
973 3102 1091 3183 quibus
1108 3100 1181 3182 iura
1201 3101 1279 3167 dare

194 3201 392 3282 permittunt,
406 3217 527 3283 eroque
542 3210 715 3267 contentus
731 3201 847 3269 salario
863 3203 948 3283 quod
963 3201 1038 3266 mibi
1055 3201 1228 3276 taxabitur3
1247 3205 1277 3268 ct

193 3299 221 3365 si
237 3299 356 3381 aliquid
374 3301 412 3365 ad
429 3317 531 3366 meam
548 3300 692 3366 notitiam
709 3299 884 3376 devenerit,
903 3301 988 3382 quod
1002 3300 1031 3363 in
1047 3299 1277 3382 praeiudicium

189 3398 425 3480 jurisdictionis
435 3409 466 3465 et
475 3399 713 3482 privilegiorum
723 3400 945 3466 Universitatis
958 3412 1069 3482 posset
1084 3399 1277 3476 redundare,

193 3499 225 3564 id
248 3499 379 3566 domino
403 3499 531 3566 Rectori
557 3500 705 3566 intimare
728 3517 790 3566 nou
814 3500 969 3576 ornittarn,
995 3500 1120 3582 ipsique
1145 3498 1278 3566 donico

195 3599 323 3670 Rectori
341 3609 372 3666 et
391 3598 462 3681 ejus
477 3600 638 3666 assessori
654 3600 685 3664 in
704 3599 827 3681 judicio
844 3600 1055 3667 reverentiam
1072 3609 1103 3666 et
1119 3599 1276 3666 bonorem

192 3697 364 3766 exhibebo.
385 3721 398 3758 n

233 3832 263 3896 d.
291 3829 483 3898 Procurator
496 3849 552 3914 per
565 3851 601 3900 se
613 3833 662 3899 vel
680 3851 736 3916 per
751 3833 848 3900 aliurn
861 3851 917 3900 seu
929 3833 1011 3899 alios
1024 3849 1064 3899 nc
1076 3841 1171 3915 neget
1182 3831 1281 3915 juris·

192 3931 366 3998 dictionem
388 3932 510 3998 domiui
531 3930 777 3999 conservatoris
800 3933 991 4008 subsistere,
1008 3933 1058 3998 uel
1083 3931 1115 3997 in
1137 3932 1280 3998 savorem

192 4031 417 4098 Universitatis
440 4041 472 4098 et
493 4032 695 4114 singulorum
718 4033 964 4114 suppositorum
987 4049 1177 4100 concessam
1193 4049 1279 4112 esse,

195 4148 300 4215 neque
323 4131 471 4214 aliquem.
487 4131 638 4198 informet
659 4134 699 4198 ad
723 4131 905 4214 hujusmodi
933 4133 1135 4216 negationem
1163 4133 1281 4202 iacien-

194 4231 279 4308 daur,
304 4247 408 4314 neque
429 4246 558 4300 causatu
582 4230 720 4314 aliquam
745 4243 888 4298 assumat
913 4223 966 4298 aut
992 4245 1218 4315 prosequatur,
1246 4232 1278 4297 in
