3240 4946
712 555 713 563 Ν
781 483 965 546 -eru-

325 661 504 740 parcensis,
516 662 640 728 ordinis
654 662 994 734 praemonstratensis,
1006 664 1092 744 justa
1105 665 1292 741 Lovaninm,
1306 669 1410 736 llccb·

323 761 470 826 liniensis
491 763 654 833 dioecesis,
671 772 703 826 et
728 762 890 841 Stephano
917 761 1110 838 Graesbeke,
1124 764 1242 844 jurium
1269 770 1407 840 doctori,

322 861 607 926 Serenissimorum
625 860 722 942 Belgii
741 861 922 940 Principum
939 862 970 950 in
987 879 1098 927 eorum
1114 865 1249 930 ducatus
1270 868 1407 932 Brabon-

323 959 385 1022 tiae
407 970 519 1024 senatu
543 959 738 1032 consiliario,
756 960 891 1022 salutem
911 959 942 1022 in
969 961 1102 1025 Domino
1118 964 1358 1043 sempiternam,
1376 977 1407 1034 et

322 1057 354 1120 in
370 1057 552 1122 commissis
570 1057 705 1122 fideliter
720 1073 826 1138 agere.

364 1156 454 1228 Cum,
472 1157 555 1220 sicut
570 1157 764 1236 accepimus,
782 1156 981 1220 Universitas
997 1157 1216 1234 Lemniensis,
1234 1179 1315 1242 quae
1331 1165 1406 1230 Sedi

205 1245 207 1250 ’
320 1255 518 1335 apostolicae
533 1255 714 1326 immediate
731 1255 853 1329 subest,
871 1265 902 1319 et
923 1255 1030 1321 multis
1052 1257 1091 1321 ab
1115 1275 1152 1322 ea
1178 1260 1352 1346 privilegiis
1374 1274 1406 1328 et

320 1353 567 1418 antelationibus
590 1354 744 1435 insignita.
762 1363 823 1426 est,
844 1371 862 1416 a
886 1355 1037 1418 memoria
1063 1357 1224 1420 bominum
1242 1377 1258 1422 a
1277 1361 1404 1427 nemine

318 1453 443 1516 visitate
457 1452 561 1525 fuerit,
575 1463 605 1516 et
617 1452 802 1518 verosimile
814 1452 856 1516 sit
872 1453 1027 1532 temporis
1040 1462 1141 1518 tractu
1157 1465 1188 1520 et
1201 1455 1296 1537 bujus
1311 1459 1405 1536 potis-

319 1552 434 1617 simum
464 1550 604 1616 difficilis
633 1551 753 1616 saeculi
784 1551 897 1633 iniuria
927 1551 1044 1619 ibidem
1074 1553 1229 1634 quaedam
1260 1558 1402 1637 collapsa

318 1666 404 1726 esse,
422 1651 593 1715 obscurata
609 1660 672 1716 eta
690 1651 849 1732 primaeva
866 1651 915 1714 sui
933 1651 1068 1716 instituti
1086 1653 1209 1718 ratione
1225 1655 1399 1728 immutata,

316 1765 401 1830 quae
416 1749 594 1829 superioris
610 1749 798 1813 auctoritate
813 1747 846 1812 in
868 1747 1037 1829 pristinum
1060 1759 1177 1813 statum
1201 1754 1325 1816 restitui
1348 1767 1402 1819 uut

318 1847 484 1911 reformari
501 1847 632 1912 omnino
649 1845 803 1920 debeant;
820 1862 880 1909 nos
898 1863 955 1925 pro
971 1845 1067 1911 officii
1086 1858 1213 1913 nostrae
1232 1851 1402 1932 legationis

314 1945 425 2010 debito
451 1946 529 2010 nibil
558 1945 657 2026 magis
684 1945 715 2007 in
741 1945 824 2009 votis
847 1943 1014 2020 babentes,
1031 1961 1125 2026 quam
1150 1958 1183 2011 ut
1205 1947 1401 2015 Universitas

315 2054 380 2108 tem
407 2044 557 2118 celebris,
580 2052 674 2124 prout
698 2055 747 2108 est
773 2044 852 2108 baec
878 2043 1098 2120 lovaniensis,
1116 2047 1278 2128 antiquum
1307 2067 1399 2113 suum

315 2145 458 2224 vigorem
482 2143 636 2218 obtineat,
652 2153 683 2208 et
699 2143 855 2216 defectus,
873 2143 900 2206 si
917 2143 970 2224 qui
987 2144 1189 2224 irrepserint,
1207 2147 1399 2214 visitationis

317 2243 422 2308 medio
444 2243 658 2323 corrigantur,
675 2257 804 2323 operam
828 2242 921 2316 dare;
945 2241 985 2308 de
1007 2243 1124 2308 vestris
1141 2246 1319 2324 prudentia,
1337 2248 1398 2311 cir-

312 2341 555 2420 cumspectione
570 2350 602 2406 et
618 2355 724 2406 rerum
740 2341 952 2420 gerendarum
966 2342 1161 2422 experientia
1177 2343 1349 2423 plurimum
1365 2345 1397 2409 in

314 2439 450 2504 Domino
465 2438 591 2514 confisi,
608 2454 744 2519 quorum
761 2438 854 2502 etiam
879 2453 1034 2518 personas
1056 2440 1151 2506 dictis
1173 2441 1396 2510 serenissimis

314 2538 514 2618 Principibus
529 2547 637 2618 gratas
652 2545 683 2601 et
698 2547 847 2617 acceptas
863 2537 931 2602 fore
945 2549 1193 2618 cognoscentes,
1207 2543 1395 2609 auctoritate

310 2636 487 2717 apostolica
514 2635 607 2700 nobis
635 2652 791 2700 concessa
818 2643 850 2700 et
873 2651 935 2716 qua
962 2635 1123 2717 fungimur
1148 2639 1179 2701 iu
1206 2639 1266 2704 ltac
1292 2652 1393 2721 parte,

315 2733 565 2799 discretionibus
591 2735 707 2798 vestris
734 2733 975 2810 committimus,
1001 2744 1033 2798 ut
1059 2735 1254 2816 coniunctim
1282 2756 1395 2830 proce-

312 2834 428 2898 dentes
457 2833 574 2897 dietam
605 2833 850 2898 Universitatem
881 2832 1111 2900 lovaniensem
1141 2837 1261 2900 tamin
1292 2839 1395 2918 capite

310 2947 406 3014 quam
442 2931 473 2994 in
511 2931 664 2996 membris
701 2931 849 3004 visitetis,
881 2947 1036 3010 personas
1075 2947 1294 3016 quascumque
1330 2947 1393 3001 tam

310 3029 549 3097 ecclesiasticas
572 3045 667 3111 quem
690 3029 873 3094 saeculares
896 3031 999 3110 quoad
1024 3041 1224 3110 praesentem
1248 3033 1392 3114 ejusdem

309 3139 427 3196 statum
451 3129 587 3194 audiatis
609 3139 641 3194 et
663 3127 863 3203 examinetis,
881 3128 967 3192 etde
990 3129 1140 3194 omnihus
1155 3140 1186 3195 et
1202 3131 1338 3212 siugulis
1353 3135 1392 3197 ad

309 3229 427 3296 dictam
450 3228 697 3294 Universitatem
719 3227 938 3308 spectantibus
961 3228 1058 3293 rebus
1080 3240 1190 3295 exacte
1212 3247 1270 3296 vos
1293 3233 1393 3297 infor-

309 3329 417 3403 metis,
438 3326 672 3409 inquiratisque
694 3342 733 3390 an
757 3323 934 3391 laudabiles
956 3325 1099 3407 ejusdem
1125 3330 1390 3407 consuetudines,

307 3426 569 3504 constitutiones,
590 3425 673 3489 ritus
697 3433 729 3490 et
755 3422 969 3498 fundationes,
987 3434 1021 3490 ut
1045 3425 1150 3500 decet,
1166 3437 1336 3492 serventur
1361 3435 1393 3494 et

309 3525 556 3607 adimpleantur,
580 3540 617 3588 ac
646 3523 773 3588 debitus
802 3523 882 3587 ordo
908 3537 945 3586 ae
971 3522 1141 3605 disciplina
1168 3525 1252 3590 iuter
1276 3543 1392 3594 omnes

308 3623 534 3688 Universitatis
563 3621 751 3704 suppositos
779 3621 906 3703 vigeal;
938 3621 1137 3702 ulteriusque
1165 3639 1202 3688 ca
1231 3625 1390 3702 statuatis,

306 3721 528 3789 determinetis
552 3729 584 3786 et
610 3719 776 3794 ordinetis,
795 3736 876 3802 quae
901 3718 939 3784 ad
966 3720 1124 3786 abusuum
1150 3730 1182 3788 et
1206 3721 1390 3790 defectuum

305 3819 541 3888 correctionem
571 3827 603 3884 et
632 3817 905 3895 reformationem,
932 3818 1112 3884 studiorum
1142 3821 1389 3901 promotionem,

304 3918 547 4002 suppositorum
577 3917 790 4000 disciplinam,
814 3916 1037 3982 fundationum
1066 3917 1337 3996 observationem,
1359 3928 1391 3988 ct

303 4017 444 4099 dentque
466 4015 610 4099 ejusdem
632 4015 851 4082 universitatis
873 4015 1106 4082 incrementum
1130 4033 1188 4099 pro
1211 4017 1391 4098 praesentis

304 4115 461 4198 temporis
498 4115 621 4182 ratione
656 4114 749 4180 vobis
781 4113 964 4181 necessaria
992 4113 1196 4193 videbuntur,
1227 4124 1323 4199 atque
1351 4132 1390 4184 ea

303 4230 387 4297 quae
416 4214 549 4297 provide
578 4212 767 4292 statueritis,
798 4213 838 4278 ab
872 4213 1021 4281 omnibus
1058 4225 1090 4281 ct
1125 4215 1275 4298 singulis,
1305 4231 1389 4300 quos
