3236 4944
770 489 956 556 -380-

315 671 394 739 haec
410 683 458 738 est
477 697 483 735 :
502 675 569 754 apo
586 675 625 738 Ν.
644 676 697 745 Ν..
716 677 845 752 insipulc
861 675 1006 738 ecclesiae
1024 675 1088 738 cliui
1106 675 1188 737 Petri
1201 677 1407 756 praepositae,

312 793 368 838 uec
393 793 453 836 uon
480 773 572 838 huius
600 775 700 838 almae
735 775 942 838 Vniuersitalt's
968 774 1182 848 ccttcellatius,
1207 775 1261 837 ttut
1286 777 1326 837 N.
1352 777 1408 848 Ν.,

312 875 727 949 1333313333),,3311336313
742 874 907 956 apostolica
928 877 1038 938 domus
1055 875 1208 938 licentiam
1232 881 1260 936 ct
1274 873 1409 950 lucullo·

311 966 372 1037 lem
394 973 524 1055 lupentii,
542 975 682 1050 docendi,
700 975 890 1054 disputandi,
908 973 1077 1037 resolvendi
1099 979 1127 1036 et
1151 971 1298 1054 quaslibet
1319 979 1409 1036 nctus

311 1072 508 1138 scholasticos
530 1073 570 1135 ntl
590 1073 766 1154 facultatem
783 1073 823 1136 Ν.
840 1079 1007 1156 spectantes
1029 1071 1077 1135 ltic
1091 1079 1121 1135 el
1136 1070 1246 1153 tulique
1268 1071 1406 1136 lucorum

313 1172 486 1236 exercendi.
517 1171 634 1237 Domus
662 1172 716 1236 tili
744 1173 869 1254 insuper
891 1173 1066 1252 facultatem
1093 1171 1266 1234 catltedtam
1292 1172 1408 1252 mapis·

311 1269 421 1334 tralem
446 1271 628 1335 ascendendi
652 1273 818 1336 secundum
845 1289 958 1335 morem
981 1278 1009 1334 et
1031 1270 1282 1334 cousuetudinem
1303 1271 1406 1334 dictae

310 1369 483 1450 facultatis,
499 1372 530 1434 iu
546 1372 669 1434 nomine
686 1372 799 1443 Patris,
816 1377 844 1434 el
862 1371 945 1449 Filii,
962 1377 989 1433 el
1003 1370 1139 1451 Spiritus
1157 1371 1268 1433 sancti.
1288 1369 1404 1444 Locus,

311 1469 338 1534 si
355 1469 526 1552 theologus
550 1469 739 1535 candidatus
763 1471 816 1542 sit,
834 1470 1028 1534 auditorium
1054 1469 1271 1549 theologicum
1295 1479 1360 1544 est;
1378 1465 1403 1532 'si

307 1568 391 1651 iuris
414 1575 467 1634 aut
491 1569 680 1642 medicinae,
698 1569 856 1634 ecciesiae
874 1569 909 1632 1).
931 1570 1012 1634 Petri
1029 1569 1166 1644 chorus;
1192 1569 1223 1632 in
1241 1585 1305 1649 quo
1328 1568 1406 1634 olim

310 1684 438 1750 quoque
460 1668 575 1734 artium
600 1668 742 1750 magistri
769 1667 1053 1742 renunciabantur,
1071 1676 1102 1732 at
1119 1683 1204 1732 nuno
1227 1667 1259 1730 in
1276 1667 1404 1748 publica

311 1765 426 1831 artium
453 1767 577 1831 schola.
609 1767 655 1831 db
681 1769 741 1832 hac
768 1767 892 1832 ratione
922 1767 1014 1832 abest
1044 1765 1224 1847 perniciosa
1255 1765 1404 1843 facilitas,

311 1865 492 1947 quempiam
527 1866 566 1930 ad
597 1866 739 1931 honores
774 1865 977 1931 academicos
1009 1864 1217 1946 provehendi,
1248 1865 1301 1948 qui
1329 1881 1404 1930 sese

311 1980 422 2045 parum
440 1964 589 2029 idoneum
612 1964 807 2039 exhibuerim
831 1964 916 2045 quod
939 1973 1140 2044 compertum
1168 1964 1210 2028 sit
1233 1963 1404 2045 plerasque

310 2062 512 2141 Academias,
536 2065 585 2129 vei
609 2063 731 2129 ideirco
756 2063 904 2145 periisse,
929 2063 1014 2144 quod
1042 2063 1190 2127 indoctos
1218 2062 1403 2144 promiscue

311 2162 489 2243 doctosque
525 2172 658 2241 accepto
696 2163 799 2244 pretio
838 2162 1068 2243 promoverint.
1100 2163 1176 2226 Cum
1214 2162 1403 2227 doctoratus

311 2261 493 2342 insignibus
506 2261 664 2342 quispiam
678 2271 727 2326 est
744 2261 979 2342 insigniendus,
995 2271 1126 2341 recepto
1144 2274 1232 2325 more
1248 2259 1404 2326 1331133-

310 2360 443 2426 cellario
472 2359 629 2425 honorem
660 2377 699 2425 ex
733 2360 870 2424 tormuta
900 2360 1048 2440 inprimis
1082 2361 1305 2441 consequitur,
1335 2368 1407 2435 tum,

311 2459 448 2540 insignia
471 2475 487 2522 3
512 2459 714 2534 doctoribus,
735 2459 852 2540 ouibus
875 2474 944 2524 eam
969 2459 1187 2524 cancellarius
1212 2467 1401 2538 potestatem

311 2559 392 2623 tacit.
413 2558 469 2621 1113
487 2574 550 2622 333
568 2558 679 2622 eadem
697 2559 729 2621 in
746 2558 897 2622 omnibus
914 2557 1117 2622 facultatibus
1133 2566 1220 2634 sunt,
1240 2573 1299 2622 nos
1318 2557 1401 2620 intra

309 2657 349 2722 de
364 2655 416 2738 ijs.
433 2655 582 2721 Ceterum
599 2656 625 2720 si
644 2655 860 2721 cancellarius
877 2673 1030 2736 praesens
1047 2657 1079 2719 in
1097 2656 1175 2721 urbe
1196 2673 1258 2720 non
1276 2657 1330 2731 sit,
1348 2667 1404 2722 aut

310 2755 398 2837 iungi
421 2758 484 2819 hoo
507 2771 640 2819 munere
660 2771 718 2835 per
741 2754 955 2818 valetudinem
980 2771 1043 2819 non
1068 2756 1183 2836 possit,
1202 2755 1306 2820 locum
1330 2753 1402 2836 eius

312 2854 434 2918 obtinet
456 2862 487 2918 et
512 2869 628 2917 munus
651 2852 718 2916 obit
740 2852 897 2917 ecciesiae
919 2853 984 2916 divi
1010 2853 1095 2918 Petri
1118 2854 1272 2929 decanus,
1290 2871 1307 2917 3
1323 2855 1403 2918 (133-

312 2951 433 3033 ceiiarij
466 2960 569 3018 tameo
602 2951 731 3016 nominc
761 2951 910 3016 abstinet.
941 2952 985 3016 lta
1017 2953 1154 3018 instituit
1181 2953 1335 3018 Martinus
1363 2953 1399 3018 V.

312 3051 465 3132 pontifex,
480 3050 585 3116 sanxit
602 3061 633 3116 et
648 3050 849 3116 confirmavit
864 3051 1014 3117 albertus
1033 3052 1119 3128 iius,
1135 3051 1301 3133 Belgarum
1317 3051 1402 3132 priu-

312 3167 401 3232 ceps.
415 3171 428 3210 t
442 3151 612 3215 Academia
624 3151 836 3226 lovaniensis,
851 3150 901 3215 ed.
915 3151 1026 3242 attera,
1037 3150 1111 3215 Lot.
1123 3151 1213 3226 1661,
1225 3168 1277 3231 pp.
1296 3149 1398 3214 tant.

355 3331 469 3398 Primis
491 3330 682 3396 Academiae
705 3331 827 3408 tastris,
856 3332 1042 3396 Cancellarii
1073 3340 1104 3397 et
1129 3332 1400 3398 rire-cancellarii

311 3431 484 3513 aliquando
500 3429 606 3494 eonati
623 3437 699 3494 sunt
714 3429 776 3494 sibi
794 3431 958 3495 vindicare
977 3430 1030 3511 J'us
1048 3448 1109 3495 non
1127 3432 1232 3496 sotum
1249 3431 1400 3496 candida-

312 3539 363 3596 tos
386 3529 574 3595 solemniter
596 3531 635 3592 ad
659 3529 780 3610 gradus
803 3529 1007 3594 academicos
1035 3531 1257 3609 promovendi,
1286 3529 1342 3595 sed
1368 3539 1402 3595 et

312 3630 446 3696 eosdem
477 3629 605 3710 praevio
637 3628 783 3694 examine
814 3629 966 3701 tentandi,
1001 3637 1169 3709 postauam
1201 3639 1306 3694 tamen
1333 3628 1400 3710 J'am

313 3743 421 3794 coram
438 3728 577 3809 propriis
593 3727 784 3793 doctoribus
799 3736 831 3792 et
847 3727 1008 3808 magistris
1025 3727 1216 3794 eruditionis
1232 3737 1263 3794 et
1276 3728 1398 3794 idonei-

313 3828 389 3892 tatis
404 3843 482 3892 suae
498 3827 675 3908 periculum
693 3825 856 3891 iecissent.
876 3825 921 3891 De
938 3826 989 3890 tali
1006 3827 1175 3892 conamine
1192 3827 1400 3911 1133313333-

312 3935 364 3991 tur
379 3926 410 3990 in
427 3926 516 3991 dctis
532 3926 693 3990 iuouttatis
709 3925 825 3989 artium
841 3941 926 3990 anuto
944 3923 1022 3989 ttae
1040 3947 1048 3988 ι

353 4041 504 4106 «Decima
520 4039 655 4120 septima
670 4039 815 4121 eiusdem
833 4039 1224 4120 mensisllebruarii]tacta
1243 4043 1302 4108 tuit
1317 4060 1396 4109 con-

310 4139 460 4224 gregacio
490 4139 529 4202 ad
559 4138 753 4204 audiendum
788 4154 844 4219 per
873 4139 1030 4205 decanum
1069 4140 1229 4222 tacuttath
1261 4139 1402 4224 proponi

312 4247 430 4316 certam
457 4244 639 4326 requestam
666 4245 698 4305 et
722 4237 972 4309 insinuationem
1006 4256 1062 4326 por
1095 4239 1252 4311 decanum
1291 4243 1396 4312 sancti
