3222 4944
680 455 868 528 -689-

270 637 332 704 det
349 639 368 702 3
375 642 499 722 ionrier
515 641 605 704 ΜΠ.
625 642 777 710 Rectorat
793 645 833 711 de
848 643 976 710 Nicoias
994 642 1103 724 Bigen.

266 805 412 871 Secunda
437 807 557 871 mensis
577 807 715 890 ianuarii
740 810 779 872 ad
805 808 916 874 horam
934 808 988 870 2⁸⁰¹
1009 815 1082 888 post
1098 805 1267 889 prandium
1285 805 1317 872 in

228 920 343 984 magno
369 905 539 970 refectorio
565 907 696 970 fratrum
728 907 969 974 predicatorum
997 907 1056 973 soit
1081 907 1227 988 intimata
1259 921 1315 986 per

227 1013 386 1070 rectorem
416 1013 448 1069 et
477 1005 720 1070 vniuersitatem
755 1007 914 1087 generatis
944 1005 1142 1072 conuoeacio
1171 1005 1314 1070 omnium
1383 1087 1384 1090 Ἴ

227 1101 496 1188 [suppositorum]
511 1114 542 1169 et
558 1105 753 1170 studentium
770 1105 809 1170 ad
822 1107 942 1170 -vaioas
965 1107 1177 1172 eeclesiarum
1201 1112 1232 1168 et
1254 1103 1314 1168 soh

229 1201 335 1284 aigttto
348 1201 382 1283 in
400 1203 500 1268 torma
517 1212 611 1284 prout
628 1205 774 1284 seqnitur
794 1229 800 1266 :
1070 1213 1073 1218 ·

260 1399 375 1482 ‚Tener
399 1399 513 1466 cedute
538 1402 700 1484 generalis
724 1401 975 1469 conuocaoionis
998 1402 1142 1468 omnium
1165 1403 1316 1484 supposi-

230 1507 334 1564 tornm
352 1507 415 1564 etc.
432 1509 483 1565 est
499 1500 571 1564 tatis
591 1523 597 1562 :

273 1701 286 1754 tr
303 1695 420 1762 Rector
432 1705 462 1762 et
474 1697 667 1764 vninersitas
680 1698 776 1780 stodii
793 1699 956 1780 generatis
974 1699 1184 1764 Louaniensis
1200 1700 1315 1764 exhor-

230 1803 337 1858 tantur
367 1806 498 1862 monent
527 1805 560 1862 et
590 1796 758 1877 requirnnt
788 1813 900 1862 omnes
930 1806 961 1861 et
990 1797 1137 1878 singulos
1166 1797 1316 1862 dominos

231 1883 379 1972 pretatos'
398 1895 549 1960 doctores
576 1895 702 1960 nobiles
732 1895 914 1961 licentiatos
943 1896 1115 1977 magistros
1143 1896 1317 1962 canonicos

230 1992 355 2074 priores
371 2003 604 2069 concentuum,
623 1993 777 2074 pteoanos
795 1995 993 2075 presbiteros
1009 1995 1155 2059 scolares
1178 2012 1214 2060 ec
1238 1995 1319 2059 aiios

229 2107 451 2172 quoscumque
473 2091 702 2176 incorporatos
729 2102 759 2157 et
786 2093 889 2158 eidem
917 2093 1116 2174 vninersitati
1145 2095 1318 2159 attinentes

220 2198 387 2270 'quatenus
404 2200 476 2270 post
493 2190 659 2270 prandium
678 2189 755 2268 hora
778 2191 824 2254 θ’·
841 2191 993 2272 intersint
1015 2191 1157 2272 generati
1181 2207 1315 2272 congre·

229 2288 353 2369 gacicni
379 2289 520 2353 omnium
537 2300 567 2353 et
591 2289 793 2370 singulorum
810 2289 1051 2372 suppositorum
1065 2289 1170 2371 ipsios
1188 2290 1315 2354 rniuer-

230 2387 381 2451 sitatis-io
403 2404 518 2468 magno
540 2387 712 2452 refectorio
737 2389 868 2453 fratrum
893 2387 1133 2453 Predieatortrm
1157 2387 1261 2452 dende
1284 2395 1315 2452 et

229 2485 432 2560 celebrande,
454 2486 492 2549 ad
517 2486 711 2551 audiendum
735 2487 840 2568 atiqua
865 2486 998 2567 proponi
1023 2497 1054 2550 et
1077 2485 1230 2567 publicari
1257 2503 1314 2566 pro

230 2593 318 2663 parte
340 2583 553 2666 iilustrissirni
580 2600 618 2648 ac
646 2584 898 2666 metuendissimi
928 2584 1083 2666 principis
1110 2585 1211 2650 nostri
1236 2584 1316 2648 Bor·

140 2724 169 2753 .·
234 2681 352 2762 gondie
396 2699 452 2761 per
491 2682 748 2764 spectatissimos
789 2681 1129 2764 prestantissimosque
1169 2681 1318 2746 dominos

234 2781 460 2845 cancellarium
477 2780 660 2861 Burgondie
675 2790 707 2845 et
730 2782 866 2862 primurn
891 2779 1106 2861 presidentem
1131 2780 1318 2862 parlamenti

234 2886 295 2943 etc.
328 2879 365 2943 Et
401 2879 463 2944 hoo
499 2879 559 2944 sub
590 2895 670 2959 pena
701 2879 824 2960 prestiti
851 2877 1037 2960 iuramenti,
1068 2889 1099 2944 et
1128 2879 1319 2960 grauissime

230 2975 467 3056 indignacionis
480 2977 585 3058 ipsios
601 2978 830 3042 vniuersitatis.
850 2977 961 3042 Datum
978 2977 1038 3042 sub
1053 2976 1161 3058 sigitlo
1178 2977 1316 3042 rectorio

232 3091 317 3140 enno
334 3074 427 3156 lxxvii
444 3073 477 3135 ἓ·
487 3074 635 3156 ianuarii.
658 3097 671 3133 r

274 3272 310 3336 tn
323 3289 384 3354 qna
397 3273 651 3353 congregacione
665 3272 806 3354 generati
820 3271 953 3353 predicti
967 3270 1085 3352 domini
1103 3271 1318 3353 commissarii

233 3381 369 3452 protunc
406 3388 469 3434 non
506 3381 757 3452 comparuerunt
793 3381 824 3436 et
858 3369 903 3450 ite
933 3371 991 3435 tuit
1020 3369 1092 3451 ipsa
1122 3371 1320 3436 conuocacio

233 3471 417 3534 continuata
433 3469 471 3533 ad
490 3479 677 3551 sequentem
694 3470 777 3534 diem
794 3470 834 3534 de
850 3485 943 3534 nrane
958 3469 996 3534 ad
1014 3469 1125 3532 horam
1145 3485 1261 3534 nonem
1282 3467 1318 3549 in

233 3569 305 3634 ioco
342 3569 497 3650 predicto.
528 3568 566 3631 in
602 3569 718 3649 quibos
755 3569 826 3633 ioco
861 3578 893 3632 et
922 3567 1000 3632 hora
1031 3567 1166 3648 predicti
1196 3567 1317 3647 domini

233 3665 444 3748 commissarii
462 3675 722 3748 comparuerunt,
740 3677 771 3731 et
788 3666 907 3748 ibidem
930 3665 1082 3730 dominos
1105 3665 1319 3730 cancellarios

235 3767 337 3848 primo
361 3765 436 3829 ierit
458 3783 550 3830 vnam
574 3780 736 3846 orengam,
751 3767 784 3847 in
812 3782 872 3847 qna
893 3765 979 3846 inter
1001 3765 1061 3828 alia
1086 3764 1188 3845 tetigit
1209 3773 1317 3830 certos

233 3866 378 3930 detectus
407 3881 489 3946 quos
516 3863 580 3947 ipsi
608 3864 639 3926 in
667 3865 822 3944 regimine
849 3875 878 3929 et
905 3862 1074 3944 exerciciis
1099 3863 1320 3928 vniuersitatis

228 3962 450 4042 inuenissent;
482 3973 512 4028 et
542 3964 626 4044 qood
657 3981 692 4028 ex
725 3973 813 4044 parte
852 3962 985 4044 predicti
1025 3962 1178 4044 principis
1217 3963 1319 4026 nostri

233 4073 339 4126 certas
364 4062 614 4128 reformaoiones
630 4077 667 4125 ao
683 4062 910 4126 ordinaciones
927 4071 1098 4142 perpetuas
1114 4060 1321 4125 ordinassent

232 4170 262 4224 et
285 4161 516 4225 condidissent.
542 4160 610 4236 tine
629 4159 749 4240 ibidem
774 4160 900 4240 pontice
925 4176 981 4238 per
1006 4159 1190 4240 magistrum
1213 4158 1317 4238 Nico-

1196 4289 1237 4352 tt
