3222 4944
746 459 931 524 -too-

318 663 320 670 ’
343 644 377 707 m
394 643 547 708 revolutis
562 649 700 724 quatuor
715 643 820 716 antris,
831 641 948 720 poterit
963 642 1073 722 legens
1089 657 1218 707 sumere
1233 648 1383 726 quartum

300 743 348 806 vel
366 742 510 822 quintum
524 741 611 822 juxta
628 741 887 805 commoditatem
904 739 1098 805 audientium
1115 748 1145 806 et
1162 757 1251 805 suam
1268 757 1388 805 conve·

301 841 464 918 alentiam.
483 841 519 905 Et
535 856 573 905 eo
590 857 673 904 anno
690 841 835 920 legentes
856 839 1026 904 lectionem
1042 837 1239 904 ordinariam
1256 839 1389 904 desero

301 939 556 1012 lltcleutinitium
579 940 612 1002 iu
630 939 756 1004 titulum
778 937 885 1004 Solate
907 936 1172 1019 matrimonl0(l),
1190 954 1296 1018 quem,
1313 953 1388 1002 cum

300 1039 393 1104 titulo
419 1041 464 1102 lle
489 1041 635 1120 impensis
659 1038 717 1120 (l),
748 1046 983 1119 prosequentur
1010 1055 1068 1118 pro
1095 1046 1186 1118 parte
1213 1036 1387 1110 ordinaria,

301 1138 465 1204 succincte
488 1148 593 1202 tamen
620 1137 820 1202 transeundo
845 1135 938 1219 leges
966 1153 1029 1200 non
1055 1136 1211 1202 trabentes
1237 1135 1389 1199 materias

302 1237 451 1319 pinguem
476 1247 506 1302 et
530 1238 603 1302 inde
627 1237 808 1302 transibunt
831 1237 869 1300 ad
894 1245 1043 1318 quartum
1066 1236 1182 1300 librum
1206 1243 1237 1300 ct
1261 1234 1389 1299 titulum

304 1339 347 1400 lle
363 1339 549 1402 testamentis
560 1338 619 1418 (3);
637 1353 731 1418 quem
750 1343 987 1417 prosequentur
1002 1343 1155 1416 quantum
1173 1334 1240 1398 lteri
1260 1333 1389 1415 poterit.

303 1436 340 1502 llt
376 1453 433 1517 pro
466 1435 716 1500 extraordinaria
753 1437 859 1516 legcut
894 1436 926 1498 in
963 1436 1095 1499 materia
1129 1433 1311 1498 tutelarum.
1351 1432 1391 1498 Et

302 1535 472 1617 aliquando
498 1535 597 1600 eciam
626 1543 776 1615 poterunt
803 1545 924 1614 partem
952 1533 1034 1598 tituli
1062 1531 1170 1598 Soluto
1194 1532 1390 1595 matrimonio

303 1635 485 1716 relinquere
515 1651 573 1716 pro
602 1633 868 1709 extraordinaria,
902 1643 935 1697 ut
965 1633 996 1696 in
1023 1639 1137 1714 quarto
1165 1631 1248 1695 libro
1273 1631 1391 1696 iaciant

304 1734 455 1815 majorem
473 1749 674 1815 processum.

345 1896 452 1961 Altero
475 1914 670 1973 concamio,
702 1897 732 1958 in
763 1896 904 1960 secunda
929 1905 1019 1976 parte
1045 1895 1164 1974 lligesti
1186 1893 1307 1959 veteris
1335 1893 1390 1956 liat

303 1997 433 2061 inicium
453 2013 624 2076 processus
641 1997 739 2076 partis
755 1995 919 2060 ordinarie
936 2011 952 2058 a
970 1995 1061 2058 titulo
1088 1997 1131 2058 lle
1152 1993 1390 2079 rclruacruditis

304 2103 333 2160 et
355 2101 383 2158 si
405 2104 519 2160 certum
540 2095 727 2178 pereunti),
753 2107 784 2159 et
810 2097 935 2176 legetur
958 2103 1046 2158 totus
1070 2092 1281 2158 duodecimus
1298 2091 1392 2166 liber,

305 2204 336 2260 et
358 2195 432 2259 inde
455 2195 508 2258 dat
532 2211 703 2276 processus
719 2196 755 2257 ad
778 2193 993 2258 tridecimum.
1012 2193 1049 2256 tlt
1064 2210 1122 2273 pro
1139 2190 1394 2256 extraordinaria

305 2305 510 2358 assumentur
536 2303 646 2358 sextus
676 2293 832 2366 decimus,
864 2301 895 2356 et
925 2292 1083 2356 revolutis
1113 2290 1206 2354 annis
1236 2289 1396 2369 septimus

306 2392 450 2456 decimus
466 2391 514 2456 vel
531 2387 583 2454 alii
600 2400 773 2472 sequentes
787 2391 874 2471 Juxta
894 2389 1045 2470 malorem
1063 2388 1329 2454 convenientiam.
1356 2387 1397 2452 Et

307 2491 362 2554 illo
377 2507 460 2555 anno
477 2491 506 2553 in
524 2491 660 2555 lectione
677 2490 716 2553 dc
731 2507 806 2554 sero
823 2489 873 2554 fiet
893 2487 1023 2552 inicium
1037 2506 1052 2551 a
1067 2488 1159 2552 titulo
1175 2489 1220 2551 lle
1233 2486 1393 2550 uerborum

306 2589 540 2669 otttpattonttus
552 2589 613 2671 (5);
637 2589 690 2670 qul
706 2587 788 2653 bene
805 2589 907 2653 lectus
928 2597 959 2652 et
975 2587 1153 2668 explicatus
1169 2586 1258 2650 dabit
1273 2585 1397 2650 intelli-

307 2691 446 2769 gentiam
484 2689 681 2753 iutinltorum
718 2687 866 2765 aliorum,
906 2697 939 2753 et
976 2688 1007 2750 iu
1045 2686 1116 2766 ipso
1154 2683 1395 2750 continuabitur

309 2787 482 2852 ordinaria.
510 2787 546 2851 tlt
569 2805 626 2867 pro
648 2787 899 2851 extraordinaria
921 2787 983 2868 legi
1008 2783 1123 2866 putcrit
1146 2784 1178 2847 in
1205 2792 1315 2848 octava
1342 2781 1393 2848 vel

313 2886 345 2949 in
377 2885 543 2952 undecima
579 2887 708 2950 materia
743 2886 990 2968 appellationum
1026 2883 1202 2950 secundum
1240 2881 1393 2964 majorem

314 2985 570 3050 convenientiam
587 2985 736 3065 legentis.

355 3151 389 3214 lu
413 3151 536 3232 reliquo
558 3168 634 3216 vero
655 3167 752 3222 auno,
770 3151 802 3213 in
831 3150 973 3215 secunda
997 3159 1085 3230 parte
1107 3147 1235 3212 Codicis
1258 3145 1312 3211 iret
1336 3145 1398 3211 ini·

312 3251 396 3314 olum
413 3267 429 3313 a
447 3250 538 3316 titulo
556 3252 599 3313 lle
613 3251 750 3330 supitinr'a
764 3251 858 3314 suuis
872 3249 923 3330 (6),
941 3248 994 3330 qui
1010 3258 1042 3314 ct
1064 3247 1178 3312 titulus
1195 3263 1336 3327 sequens
1354 3247 1401 3308 De

312 3351 405 3429 turtio
420 3349 476 3431 (l),
500 3360 532 3414 et
555 3358 663 3428 postea
687 3350 798 3414 titulus
823 3351 884 3428 erl
905 3349 1027 3414 admitti
1048 3349 1087 3412 ad
1109 3347 1256 3411 bonorum
1274 3362 1398 3426 posme-

313 3449 427 3512 aionem
461 3456 588 3528 possunt
610 3447 659 3525 (8),
697 3449 779 3512 alios
816 3447 1024 3512 intermedius
1061 3446 1249 3526 reliquenda
1288 3442 1398 3508 studio

313 3549 475 3622 camerali,
507 3564 578 3611 cum
609 3555 674 3612 toto
704 3556 794 3611 sexto
821 3546 902 3611 libro
935 3545 1173 3610 continuabitur
1210 3559 1268 3624 pro
1306 3550 1400 3621 parte

314 3646 495 3712 ordinariae
511 3645 673 3718 lectionis;
697 3656 728 3709 et
751 3663 808 3725 pro
831 3645 1096 3717 extraordinaria,
1121 3643 1148 3708 si
1172 3642 1310 3706 uiderint
1334 3657 1399 3704 non

314 3761 411 3826 posse
434 3745 589 3826 perlicere
612 3754 735 3810 sextum
759 3745 874 3809 librum
898 3745 930 3807 ln
956 3761 1051 3818 anno,
1078 3749 1242 3807 assument
1270 3739 1398 3804 titulum

351 4032 390 4102 (ι)
410 4032 475 4088 coa.
499 4035 522 4086 u
542 4034 569 4088 a.
586 4035 673 4104 -qap
692 4035 758 4090 coa.
781 4035 804 4106 q
828 4033 870 4088 re.
888 4063 920 4071 -
935 4031 974 4101 (3)
996 4030 1058 4099 urg.
1081 4027 1158 4084 xxv
1183 4028 1206 4082 t.
1224 4057 1256 4068 -
1271 4025 1311 4097 (a)
1333 4025 1400 4094 urg.

316 4123 367 4176 xu
393 4122 415 4176 r.
432 4153 462 4163 -
480 4124 518 4195 (5)
539 4123 601 4193 mg.
626 4124 701 4179 xcv
725 4124 748 4182 t.
766 4153 797 4166 -
812 4123 850 4196 (n)
870 4123 936 4176 oon.
959 4122 993 4175 vt
1022 4121 1044 4175 t.
1063 4151 1096 4164 -
1111 4120 1149 4189 (a)
1169 4117 1236 4176 coa,
1260 4117 1295 4170 vr
1320 4116 1348 4170 a.
1366 4145 1404 4158 -

316 4211 350 4285 (st
369 4213 434 4271 coa,
452 4214 486 4269 vt
500 4215 528 4271 a.
944 4223 945 4226 ¹
