3260 4944
712 469 896 536 -3to-

415 652 516 720 Gallis
531 653 719 734 deportatus
735 652 793 716 luit
810 651 959 733 primum,
978 665 1088 714 menso
1103 649 1228 715 octobri
1248 649 1340 724 anet,

418 751 593 826 Brtrxcllas,
623 752 819 833 paulopost
848 749 1013 830 Rupellam
1039 749 1101 828 (ta
1129 748 1280 831 nortona)
1309 749 1341 813 in

392 865 394 870 ’
416 848 560 922 Galliam,
575 865 612 912 ac
624 851 752 914 demum
769 850 801 912 in
818 848 954 912 insulam
967 847 1133 926 Gnyanam,
1150 847 1201 911 ubi
1215 863 1341 913 aarum·

419 947 468 1012 nis
484 947 659 1012 extraustus
675 947 753 1012 obiit
769 947 788 1010 6
803 946 996 1028 septembris
1016 945 1104 1008 tttlo.
1123 945 1167 1012 lla
1184 946 1244 1010 ltoc
1259 945 1340 1022 viro,

416 1047 595 1111 tortissimo
610 1047 788 1112 catholicae
806 1045 878 1110 tidei
895 1045 1024 1120 athleta,
1040 1044 1139 1110 vine:
1159 1044 1343 1127 lllopruplu‘c

416 1145 454 1208 do
464 1147 671 1226 locri-tosepn
686 1145 872 1226 Haeclonpe,
881 1145 1004 1208 dernier
1018 1144 1146 1208 Rectcur
1157 1144 1343 1226 mopnillque

416 1244 453 1307 de
465 1242 657 1308 i'Unioern'lt
668 1245 705 1306 tle
717 1245 872 1317 Louucin,·
883 1261 983 1306 cuore
992 1241 1153 1324 posthume
1164 1243 1200 1306 de
1212 1243 1342 1306 Nrcotts

413 1346 523 1406 losann
546 1343 747 1417 Cannnsrmn,
771 1342 846 1406 eurd
866 1343 904 1404 de
929 1343 1131 1411 Dommurlin,
1146 1339 1267 1422 poblite
1285 1359 1344 1423 por

414 1441 459 1504 loa
471 1443 556 1504 solnta
571 1443 609 1504 de
630 1440 671 1504 tl.
688 1443 725 1504 t.
744 1439 947 1516 Cnnresnsn,
972 1440 1045 1504 curt
1065 1441 1103 1502 do
1122 1440 1194 1502 Vim
1210 1440 1340 1520 (clepo),

407 1541 445 1601 in
469 1539 632 1604 Alimentus
652 1556 732 1619 pom
754 1541 852 1602 servir
873 1538 1051 1602 didistoirc
1067 1538 1292 1620 ecclesiasticus
1305 1539 1343 1602 do

414 1639 444 1700 ln
462 1637 614 1718 Belplquo.
635 1635 731 1709 XXV,
750 1654 802 1716 pp.
822 1637 856 1698 dl
869 1635 974 1699 l-ett.

296 1820 340 1883 Le
354 1818 471 1882 bureau
486 1817 628 1881 rectorrd.
650 1853 690 1864 -
711 1817 929 1898 L'cxpedilion
950 1815 1108 1898 regulere
1124 1817 1182 1882 des
1198 1815 1340 1891 affaires,

256 1933 318 1996 nuc
347 1915 377 1981 le
414 1917 625 1997 onarrgemcnt
660 1915 839 1981 semestriel
875 1915 916 1979 du
955 1915 1094 1980 titulaire
1126 1915 1168 1979 du
1202 1916 1342 1980 rectorat

255 2015 309 2079 ctlt
340 2031 379 2094 pu
411 2031 546 2094 enrayer
579 2030 619 2079 ou
659 2015 736 2080 taire
767 2014 914 2096 languit,
953 2013 1030 2079 etait
1056 2013 1189 2080 assuree
1216 2030 1272 2095 par
1295 2030 1340 2081 *un

256 2112 374 2178 bureau
399 2128 438 2177 ou
466 2114 637 2193 personne!
665 2123 851 2193 permanent
873 2113 1002 2178 attactae
1024 2113 1051 2197 a·
1068 2112 1096 2176 la
1120 2129 1283 2192 personne
1299 2111 1339 2177 du

255 2211 405 2286 Rectene,
428 2222 459 2276 et
482 2209 636 2292 compost
658 2212 731 2276 d'un
755 2214 916 2284 diotutour,
934 2212 1006 2276 d'un
1031 2219 1137 2276 uoooot
1151 2211 1249 2292 perot,
1266 2211 1339 2277 dun

253 2312 371 2388 sprauto,
390 2309 462 2400 d'un
479 2311 639 2374 secretales
654 2328 694 2376 ou
715 2314 841 2390 notatio,
859 2309 933 2374 d'un
951 2317 1136 2392 promotam,
1154 2321 1216 2375 etc.

298 2480 311 2515 n
330 2457 426 2522 {labet
449 2457 567 2523 {lector
586 2457 803 2538 jurisdictioni
830 2475 908 2522 suae
931 2458 1115 2522 ordinariae
1141 2457 1338 2523 exercendae

255 2557 457 2636 negotiisque
472 2557 666 2621 academicis
684 2556 872 2628 tractandis,
888 2566 1014 2635 praeter
1030 2557 1228 2638 singularum
1242 2555 1340 2620 lacul-

254 2662 352 2718 tatum
385 2655 537 2729 decanos,
565 2654 659 2718 etiam
690 2655 878 2720 dictatorem
909 2665 941 2720 et
966 2655 1156 2720 advocatum
1184 2654 1338 2728 fiscalem,

254 2753 400 2830 aliosque
416 2753 584 2826 officiales,
601 2762 633 2816 ut
646 2752 826 2833 syndicum,
841 2753 1050 2818 secretarium
1064 2762 1096 2819 et
1109 2762 1338 2835 promotorem,

253 2849 303 2913 oui
323 2860 451 2929 praesto
467 2862 541 2915 sunt
557 2863 588 2915 et
603 2852 761 2916 assistunt
776 2853 922 2928 clientes,
946 2861 981 2918 ut
996 2862 1121 2927 vocant,
1140 2869 1197 2918 seu
1218 2851 1340 2917 satelli·

240 2951 314 3012 tes'.
331 2948 471 3012 Dictator
484 2959 515 3014 ct
528 2949 703 3014 advocatus
719 2950 1032 3031 tlsci,velutnuldam
1045 2951 1221 3016 consiliarii
1237 2949 1339 3031 ipsius

252 3047 401 3111 Rectoris
418 3057 448 3111 et
467 3047 703 3118 Uolucrsitatis,
724 3049 753 3111 in
771 3050 911 3114 comitiis
928 3067 985 3115 seu
1002 3049 1214 3114 conventibus
1228 3049 1340 3115 acade-

254 3145 364 3218 micis,
400 3147 563 3212 ordinarie
593 3147 642 3212 vel
675 3148 928 3213 extraordinarie
959 3147 1137 3222 habendis,
1172 3164 1233 3212 una
1267 3164 1340 3212 cum

253 3243 437 3310 facultatum
455 3245 599 3321 decanis,
616 3255 649 3309 ct
665 3245 805 3326 deputati
822 3246 989 3323 ordinarii,
1003 3247 1199 3312 conveniunt
1214 3254 1245 3311 et
1258 3245 1340 3312 deli-

253 3341 376 3406 berant.
406 3343 528 3408 Placuit
555 3345 689 3424 proinde
713 3354 744 3410 ct
771 3345 834 3410 illis
862 3345 893 3407 in
921 3343 970 3408 his
994 3347 1096 3408 Fortis
1119 3345 1195 3410 dare
1219 3345 1337 3419 locum,

253 3455 387 3520 quorum
401 3442 528 3522 cuidem
545 3443 672 3508 nomina
686 3460 801 3508 eruere
817 3443 1042 3524 investigando
1058 3443 1179 3508 licuit.»
1190 3444 1339 3508 Vacemus

252 3542 403 3613 asconis,
422 3541 516 3616 Fasti,
535 3541 586 3606 ed.
605 3542 718 3616 altera,
738 3543 813 3606 ιον.
833 3542 923 3618 lodo,
946 3560 977 3623 p.
994 3543 1045 3606 ta.

295 3707 308 3742 l
324 3685 516 3752 sputantem
529 3737 535 3752 .
547 3737 553 3752 .
565 3739 571 3751 .
583 3688 1088 3771 compluresofficiarii,vldcllcet
1097 3689 1340 3771 judicesappel·

252 3781 419 3858 lationem,
433 3787 545 3850 decani
561 3787 757 3862 lacoltatom,
772 3787 910 3852 dictator
923 3787 1161 3864 Universitatis‚
1176 3800 1336 3868 receptor,

251 3881 395 3962 signator
421 3885 593 3963 primarum
622 3885 811 3959 litterarum,
835 3885 1010 3950 advocatus
1038 3885 1170 3958 fiscalis,
1196 3886 1338 3952 notarius

251 3988 283 4044 et
298 3981 491 4047 secretarius
507 3983 742 4056 Universitatls,
762 3991 928 4064 promotor
950 3995 982 4049 et
1004 3985 1157 4066 syndicus
1173 3985 1338 4050 Universl·

250 4078 335 4154 tatis,
357 4079 515 4153 advocati,
540 4081 654 4145 notarii
683 4092 714 4146 ct
742 4090 969 4162 procuratores
996 4083 1106 4148 euriae
1133 4083 1280 4149 {lectoris
1307 4091 1339 4150 et

250 4180 501 4256 conservatoris,
521 4179 647 4255 bedelli,
666 4180 802 4256 librarii,
821 4181 927 4246 nuncii
944 4191 976 4247 et
991 4183 1125 4249 clientes
1142 4183 1338 4248 universita-
