3100 4942
763 401 948 466 -lll-

318 599 381 665 que
395 581 482 648 dicto
503 579 633 648 domino
654 581 789 648 lobanni
811 581 861 648 uel
884 580 1083 664 procuratori
1106 596 1167 646 suo
1189 597 1307 648 nocere
1332 598 1404 662 pos·

319 682 384 748 sint
396 681 527 763 prelatis
540 680 887 763 nostrissubdelegatis
900 690 1053 748 eteorum
1065 681 1198 748 cuilibet
1211 690 1403 761 potestatem

318 779 534 846 omnimodam
550 780 758 861 denegamus.
775 779 857 844 Etsi
880 780 1045 862 continget
1067 797 1127 846 nos
1148 797 1247 861 super
1264 779 1402 860 premis·

318 878 365 944 sis
378 878 410 942 in
423 878 531 960 aliquo
544 878 721 959 procedere
732 878 772 944 de
784 895 849 959 qno
865 877 958 944 uobis
974 885 1164 960 potestatem
1179 877 1399 944 omnimodam

317 993 524 1044 reseruemus
547 993 609 1042 non
633 977 829 1042 intendimus
853 985 1021 1058 propterea
1044 976 1306 1042 commissionem
1324 993 1401 1042 nos-

317 1088 398 1142 tram
416 1075 599 1142 bniusmodi
617 1076 648 1140 in
664 1075 772 1156 aliquo
789 1093 944 1142 reuocare
960 1075 1021 1140 nisi
1042 1076 1082 1142 de
1098 1077 1314 1142 rcuocaeione
1330 1076 1400 1158 ipsa

317 1175 489 1257 specialem
512 1183 543 1238 et
566 1189 751 1256 expressam
775 1173 808 1238 in
831 1175 952 1240 nostris
974 1174 1089 1240 litteris
1116 1175 1289 1240 fecerimus
1312 1191 1403 1238 men·

316 1274 453 1340 cionem.
471 1273 533 1338 Per
549 1289 737 1356 processum
757 1283 861 1338 autem
880 1283 1024 1339 nostrum
1046 1273 1231 1340 huiusmodi
1248 1272 1403 1338 nolumus

316 1389 376 1438 neo
388 1371 584 1438 intendimus
598 1372 719 1438 nostris
731 1372 763 1436 in
780 1372 887 1454 aliquo
904 1371 1106 1452 preiudicare
1121 1371 1257 1454 collegis
1272 1371 1402 1454 quomi-

316 1488 377 1538 nus
394 1471 518 1553 possint
535 1487 592 1538 seu
608 1487 720 1536 eornm
736 1470 818 1536 alter
831 1471 933 1552 possit
949 1477 1079 1536 seruato
1092 1480 1197 1536 tamen
1210 1471 1273 1535 boc
1286 1478 1402 1536 nostro

316 1587 471 1652 processu
491 1569 522 1634 iu
543 1569 727 1636 huiusmodi
739 1571 944 1636 executionis
961 1571 1096 1652 negocio
1109 1569 1288 1651 procedere
1303 1579 1400 1650 prout

316 1670 364 1736 eis
386 1686 442 1734 seu
470 1685 582 1735 eorum
608 1669 699 1735 elteri
722 1669 825 1734 visum
849 1669 943 1734 luerit
965 1669 1128 1751 expedire.
1153 1668 1296 1734 Prelatas
1320 1684 1402 1750 quo·

315 1785 376 1850 que
392 1767 514 1833 litteras
528 1767 724 1848 apostolicas
739 1776 770 1834 et
786 1767 871 1833 bunc
889 1777 1034 1834 nostrum
1049 1784 1237 1849 processum
1250 1767 1403 1832 uolumus

316 1883 415 1948 penes
437 1867 556 1932 dictum
580 1867 744 1932 dominum
759 1868 937 1934 iohannem
962 1868 1013 1933 uel
1037 1875 1280 1948 procuratorem
1304 1881 1401 1930 suum

263 1957 266 1964 '
316 1981 482 2032 remanere
504 1975 536 2030 et
558 1983 621 2032 non
642 1983 699 2046 per
720 1983 778 2031 ros
800 1976 854 2030 aut
877 1966 1015 2048 aliquem
1039 1973 1180 2032 uestrum
1207 1981 1264 2030 seu
1287 1981 1400 2046 quem·

316 2081 452 2146 cumque
470 2065 567 2130 alium
583 2070 694 2131 contra
718 2065 861 2147 ipsorum
878 2066 1073 2132 voluntatem
1097 2064 1247 2132 detineri.
1264 2064 1402 2128 Contra-

317 2165 400 2229 rium
416 2181 492 2230 vero
509 2164 662 2230 lactentes
685 2165 816 2246 pretatis
841 2165 961 2230 uostris
976 2163 1146 2245 sententiis
1169 2172 1265 2245 prout
1287 2163 1319 2228 in
1336 2163 1402 2230 biis

317 2263 447 2344 scriptis
469 2263 531 2328 lete
547 2273 623 2328 sunt
645 2264 718 2344 ipso
740 2263 822 2328 lacto
844 2263 994 2328 uolumus
1016 2263 1195 2328 subiecere.
1212 2261 1403 2328 blandamus

320 2372 424 2427 tamen
449 2361 573 2443 copiam
597 2361 667 2428 lleri
690 2363 730 2428 de
746 2361 915 2442 premissis
936 2377 1004 2427 eam
1025 2361 1206 2442 petentibus
1229 2371 1261 2426 et
1282 2361 1404 2426 babere

318 2461 519 2534 debentibus,
537 2461 718 2542 petencium
734 2461 861 2541 quidem
878 2459 1059 2541 sumptibus
1075 2469 1106 2524 et
1121 2459 1283 2541 expensis.
1301 2458 1404 2527 dbso

316 2558 476 2624 lurionem
500 2575 576 2625 uero
599 2559 740 2624 omnium
764 2568 795 2623 et
811 2557 1013 2640 singulorum
1038 2557 1091 2640 nni
1108 2558 1247 2640 prelatas
1271 2567 1402 2624 nostras

314 2657 491 2722 sententies
517 2667 572 2722 aut
598 2674 707 2722 earum
739 2657 876 2739 aliquam
908 2657 1104 2723 incurrerint
1130 2655 1201 2722 siue
1228 2655 1402 2722 incurrerit

315 2755 555 2838 quoquomodo
574 2755 667 2821 nobis
685 2756 735 2821 nel
750 2755 909 2836 superiori
929 2764 1039 2822 nostro
1057 2754 1277 2821 tantummodo
1294 2770 1402 2820 reser-

317 2871 441 2919 uamus.
460 2854 491 2918 ln
515 2872 632 2928 ouonurt
651 2854 793 2919 omnium
816 2864 847 2921 et
862 2853 1064 2936 singulorum
1081 2851 1177 2920 fidem
1200 2860 1230 2918 et
1255 2853 1400 2918 testimo·

315 2953 404 3018 nium
421 2953 653 3034 premissorum
671 2963 839 3034 presentes
855 2953 976 3020 litteras
998 2953 1068 3018 siue
1085 2969 1220 3034 presens
1235 2951 1399 3034 publicum

314 3053 562 3118 instrumentum
586 3053 768 3119 huiusmodi
797 3063 942 3118 nostrum
966 3069 1154 3134 processum
1179 3051 1211 3116 in
1237 3068 1273 3117 se
1296 3051 1400 3116 conti·

316 3161 429 3220 nentes
444 3151 514 3219 siue
529 3153 699 3218 continens
715 3152 831 3218 exinde
846 3151 916 3218 deri
933 3161 965 3216 et
981 3167 1038 3231 per
1059 3151 1219 3218 notarium
1235 3149 1399 3232 publicum

313 3251 552 3333 infrascriptum
575 3251 735 3318 subscribi
758 3261 791 3318 et
806 3251 962 3333 publicari
987 3250 1208 3316 mandauimus
1231 3249 1402 3331 nostrique

312 3349 409 3432 sigilli
427 3351 581 3416 iussimus
593 3360 624 3417 et
640 3351 775 3416 fecimus
792 3349 990 3432 appensione
1006 3349 1211 3416 communiri.
1238 3349 1350 3414 ilatum
1368 3356 1400 3414 et

313 3459 418 3514 actum
437 3450 535 3515 liome
558 3450 589 3514 iu
606 3451 702 3515 domo
724 3448 939 3514 habitacionis
963 3457 1073 3514 nostre
1097 3448 1157 3514 sub
1179 3463 1264 3514 anno
1281 3464 1298 3510 a
1313 3446 1401 3511 Nati-

315 3547 411 3614 uitate
440 3549 561 3614 domini
597 3549 770 3614 millesimo
803 3547 1120 3631 quadringentesimo
1149 3545 1397 3628 quadragesimo

314 3647 451 3726 septimo
474 3646 650 3712 indictione
666 3647 802 3722 decima,
819 3647 872 3712 die
892 3663 969 3711 uero
986 3645 1114 3712 veneris
1136 3644 1289 3710 uicesima
1307 3652 1397 3708 sextu

314 3746 435 3810 mensis
459 3745 542 3829 llaij.
566 3746 773 3812 pontificatus
797 3746 909 3826 prelati
932 3745 1129 3810 sanctissimi
1152 3743 1273 3810 domini
1297 3741 1399 3808 nostri

313 3843 433 3908 dommi
450 3845 570 3912 Nicolai
588 3862 668 3927 pape
691 3845 793 3928 quinti
815 3862 899 3910 anno
920 3845 1034 3926 primo,
1054 3843 1257 3926 presentibus
1280 3843 1398 3908 ibidem

313 3942 557 4010 honorabilibus
570 3944 648 4008 viris
662 3944 822 4025 magistris
839 3943 976 4008 ilenrico
992 3941 1203 4008 Saecbtleben
1219 3943 1399 4008 litterarum

311 4041 561 4121 apostolicarum
585 4043 743 4124 scriptore
759 4057 790 4108 et
804 4041 938 4118 Quirino
954 4040 1085 4122 Oliuerij
1103 4041 1223 4108 clerico
1240 4039 1399 4106 tendisn-

311 4139 360 4204 sis
389 4139 529 4207 diocesis
559 4141 693 4208 testibus
722 4143 760 4206 ad
799 4139 956 4223 premissa
986 4141 1109 4206 vocatis
1145 4139 1329 4222 specialiter
1363 4145 1396 4204 et

315 4239 449 4320 rogatis.
