3236 4944
709 478 894 544 -889-

292 661 441 727 Secundo
467 661 554 744 quod
581 661 732 742 magister
760 663 961 742 llepmertcus
987 663 1024 728 (le
1052 665 1163 742 Corrrm
1193 663 1339 731 intererit

251 760 389 824 examini
408 761 532 826 tociens
548 760 706 841 quociens
721 759 811 835 velit,
828 761 979 842 quodque
996 761 1026 824 in
1043 761 1150 843 dubijs
1167 771 1197 828 ct
1213 762 1339 829 discor·

252 859 313 942 dijs
329 860 481 925 dominus
501 859 654 942 magister
675 861 873 940 lleymericus
896 860 926 923 in
951 861 1083 941 speciali
1099 862 1293 928 examinabit
1309 871 1341 928 et

251 958 422 1039 specialem
442 957 687 1040 inquisicionem
701 958 840 1030 famenot
854 957 1133 1040 desuperdemino
1146 961 1338 1027 cancellario

253 1057 377 1138 plenam
395 1055 658 1122 informacionem
675 1057 767 1121 faciet
787 1065 818 1123 et
841 1058 1003 1122 tenebitur
1017 1058 1169 1123 tlomiuus
1185 1059 1341 1125 cancella-

252 1156 319 1221 rius
348 1156 527 1222 secundum
554 1155 624 1222 eius
647 1155 911 1222 informacionem
940 1157 1044 1224 facere
1070 1168 1101 1223 et
1129 1158 1159 1222 in
1190 1158 1340 1224 omnibus

251 1255 385 1337 agendis
402 1255 471 1320 eius
487 1255 658 1320 consilium
676 1256 780 1338 sequi.

294 1379 310 1414 u
328 1355 390 1419 lsta
407 1354 605 1420 anisamenta
623 1363 653 1420 et
668 1355 815 1419 ordinum
832 1364 922 1424 erunt
941 1355 1049 1422 ultima
1065 1355 1118 1422 die
1135 1356 1243 1420 marcii
1269 1366 1340 1438 post

251 1453 419 1534 prandium
437 1453 468 1516 in
486 1453 634 1518 facultate
650 1453 687 1516 ad
707 1455 768 1518 froc
784 1465 990 1538 congregata,
1009 1454 1090 1519 lecta
1113 1465 1145 1520 ct
1168 1454 1339 1536 publicata,
1373 1525 1375 1530 7

250 1565 280 1617 et
308 1553 499 1633 placuerunt
527 1552 666 1617 facultati
694 1561 726 1616 et
751 1569 786 1618 ea
815 1553 1006 1633 acceptauit.
1032 1575 1049 1612 e
1075 1555 1153 1618 Acta
1181 1554 1341 1618 facultatis

250 1651 367 1716 artium
383 1651 423 1714 28
438 1661 469 1716 et
484 1651 520 1715 31
541 1651 643 1716 martii
661 1652 754 1728 1136,
771 1653 835 1717 vol.
854 1652 878 1726 l,
896 1652 950 1717 fol.
972 1653 1030 1716 llll
1048 1653 1150 1716 mliii
1167 1663 1209 1717 rt.

295 1783 406 1848 sltem
438 1783 538 1865 prima
568 1755 623 1848 die¹
647 1784 756 1848 marcii
787 1783 865 1866 (lenc
890 1784 1010 1864 aprilis)
1037 1771 1160 1865 jurauil
1186 1783 1339 1864 magister

251 1883 407 1949 lolannes
425 1883 578 1963 flomirrpl
593 1883 787 1948 cancellario
810 1883 840 1946 in
859 1883 1025 1964 presencia
1042 1882 1155 1949 decani
1180 1877 1340 1970 facultatis
1392 1949 1393 1954 ,

252 1984 367 2048 artium
381 1992 412 2049 et
424 1982 635 2065 quorumdam
649 1983 784 2047 aliorum
795 1982 832 2046 ad
847 1983 908 2047 lroc
921 1983 1145 2065 deputatorum
1159 1982 1340 2065 juramenta

254 2081 386 2164 prefata.

295 2212 404 2278 sltem
421 2214 568 2296 sequenti
591 2213 644 2279 die
661 2213 853 2296 iurauerunt
876 2214 929 2278 alii
951 2222 1017 2279 tres
1038 2181 1163 2278 scilicet
1188 2212 1340 2294 magister

250 2313 402 2378 Herculeus
427 2315 465 2376 cle
493 2315 641 2394 flunplen
672 2313 827 2394 magister
857 2315 1009 2378 llcnrieus
1035 2313 1098 2376 Leo
1126 2321 1157 2376 et
1187 2312 1340 2393 magister

249 2411 404 2476 lohannes
427 2413 465 2476 dc
491 2413 605 2476 Leorlio
630 2411 741 2478 eadem
768 2410 949 2492 juramenta
975 2411 1007 2474 in
1036 2409 1202 2492 presencia
1226 2410 1338 2474 decani

251 2511 412 2576 facultatis
437 2511 552 2575 artium
579 2519 610 2576 et
637 2511 775 2575 aliorum
803 2510 841 2574 ad
870 2511 931 2574 lroc
960 2510 1228 2591 deputatorum.»
1261 2507 1339 2572 Acta

251 2608 410 2704 facultatis
426 2610 540 2674 artium
558 2612 571 2674 1
592 2609 897 2691 confortamini.
917 2608 941 2683 l,
959 2609 1015 2674 fol.
1036 2609 1092 2672 ltt'i
1107 2619 1150 2672 vt.

604 2777 690 2840 Llsle
712 2775 763 2839 des
786 2773 982 2838 alenceium.

292 2923 392 2989 Porro
407 2923 597 2988 Cancellarii
614 2922 850 2997 Universitatis,
867 2922 1030 3004 iidemque
1052 2921 1225 3004 praepositi
1249 2920 1339 3002 capi·

250 3021 307 3087 tuli
323 3024 355 3086 S.
375 3021 458 3088 Petri
475 3021 697 3097 fussalensis,
715 3021 804 3087 fuere
823 3037 830 3083 :

260 3160 266 3194 t
292 3136 323 3200 1.
347 3136 537 3202 Guilielmus
553 3135 590 3200 ol
603 3135 813 3213 Asellulllius
828 3135 1185 3216 Guilielmi‚toparclrae
1198 3133 1339 3200 Asclrani

249 3226 353 3315 (vic'us
366 3245 416 3300 est
430 3235 608 3301 Bruxellam
622 3234 705 3299 inter
718 3243 749 3301 et
760 3234 996 3312 Alostumlmiri
1008 3234 1091 3314 apud
1105 3234 1259 3300 loannem
1273 3231 1336 3307 lV.,

250 3332 440 3400 Brabautiae
455 3334 582 3408 ducem.
600 3333 747 3416 gratiosi,
765 3332 976 3415 «inanemque
992 3333 1160 3398 oeconomi
1178 3341 1208 3397 et
1229 3329 1338 3413 palatii

251 3433 407 3516 magistri.
425 3432 495 3498 Fuit
512 3433 563 3498 llic
580 3441 653 3514 post
668 3431 789 3497 obitum
805 3431 938 3496 loannis
955 3431 1086 3496 baronis
1106 3433 1146 3495 tle
1168 3430 1336 3494 Rotselaer

250 3531 453 3614 praepositus
479 3532 544 3597 divi
570 3533 651 3596 l'ctri
679 3548 696 3595 a
720 3531 738 3594 9
763 3530 948 3596 novembris
975 3530 1072 3606 1119;
1099 3529 1192 3612 cuius
1222 3545 1337 3594 nomen

249 3629 439 3712 inscriptum
456 3640 505 3696 est
531 3629 718 3695 matriculae
742 3628 968 3694 Universitatis
991 3645 1076 3694 anno
1101 3627 1225 3693 Domini
1242 3627 1336 3704 1110,

250 3729 302 3795 die
314 3729 425 3812 liulfi.
439 3729 508 3794 Vita
521 3739 552 3794 el
566 3747 698 3795 munere
710 3728 987 3811 defungituranno
1002 3727 1126 3793 Domini
1138 3728 1228 3802 ll'r'i,
1248 3743 1338 3808 prae·

251 3829 417 3911 positurae
432 3846 508 3895 uero
524 3847 609 3895 anno
624 3828 689 3892 58⁰.

292 3949 305 3986 a
322 3927 396 3992 Erat
412 3929 615 4010 praepositus
632 3929 663 3992 S.
684 3928 767 3993 Petri
784 3928 898 3994 ordine
914 3927 1100 3993 tricesimus
1117 3927 1239 4010 primus
1254 3929 1338 4005 (uide

253 4047 267 4087 a
287 4027 726 4104 Drvneumlieslovunienses,
737 4027 817 4108 pl).
833 4013 1077 4108 f'raepositurae
1089 4043 1174 4092 anno
1186 4029 1335 4108 septimo,

253 4147 268 4186 a
286 4125 316 4189 id
333 4135 384 4191 est
401 4125 491 4200 1196,
509 4127 637 4192 condita
654 4137 730 4191 tuuc
746 4123 1169 4200 universitate,cancellarii
1185 4127 1338 4208 dignitate

255 4232 400 4290 »auctus
424 4225 493 4290 luit.
514 4225 679 4290 llaottaoar
702 4225 842 4302 lovanii,
859 4227 892 4287 iu
908 4225 945 4288 tle
963 4225 1157 4308 Dorprlrcrle
1176 4225 1286 4305 (hodie
1306 4226 1337 4290 lo
