3222 4944
648 417 832 490 -739—

237 605 372 688 insuper
406 605 558 680 director,
593 605 623 668 vi
659 605 767 681 oflicii,
805 612 979 687 perpetuus
1015 613 1064 672 est
1104 606 1211 690 regiae
1246 608 1278 673 in

196 706 359 772 Gubernio
373 704 515 788 generali
539 722 595 784 pro
613 722 648 770 re
668 704 808 768 literaria
824 704 1019 771 constitutae
1042 706 1283 772 commissionis

197 805 361 878 adsessor,
386 813 416 868 et
443 802 473 868 in
499 820 536 867 ea
563 803 732 868 referentis
759 819 891 870 munere
915 802 1058 886 fungitur
1081 804 1113 868 in
1136 805 1284 870 omnibus

198 920 280 986 quae
305 903 373 968 sive
399 903 540 984 politiam
567 901 726 968 facultatis
752 902 821 967 slve
846 901 989 968 studium
1018 903 1283 986 quaaisratiooe

200 1010 412 1070 concernunt.
977 1013 981 1020 ·
1028 1029 1034 1038 ·

716 1134 766 1199 tlt.

242 1284 381 1349 Primum
398 1283 503 1349 locum
521 1292 594 1364 post
610 1283 789 1362 praesidem
805 1283 930 1348 obtinet
946 1283 1109 1350 facultatis
1129 1285 1285 1364 decanus,

200 1383 293 1464 cujus
305 1381 447 1470 cilicium
458 1382 660 1464 professores
668 1381 758 1464 iuxta
770 1381 896 1448 senium
911 1399 967 1464 per
980 1382 1068 1450 vices
1080 1393 1111 1450 et
1124 1385 1287 1450 annuatim

201 1481 346 1548 obibunt.

243 1581 390 1647 Dacauus
416 1578 546 1660 scriptis
572 1578 723 1644 omnibus
750 1578 817 1646 sive
843 1579 961 1646 libeliis
992 1579 1193 1662 supplicibus
1219 1582 1288 1649 sive

202 1679 381 1762 rescriptis,
409 1678 549 1744 decretis
575 1687 629 1742 aut
653 1677 910 1760 quibuscumque
937 1679 1010 1744 aliis
1041 1679 1079 1743 ad
1108 1679 1287 1747 facultatem

201 1779 344 1853 directis,
358 1779 442 1844 diem
460 1777 728 1860 praesentationis
743 1778 792 1843 rei
806 1778 1002 1858 receptionis
1017 1779 1288 1861 adponet‚eornm

205 1885 354 1945 contenta
370 1877 401 1940 in
418 1876 629 1942 conventibus
645 1875 805 1942 facultatis
821 1876 951 1952 referet,
972 1893 1033 1941 una
1051 1894 1123 1942 cum
1141 1881 1290 1960 praeside

205 1976 388 2043 subscribet
412 1976 453 2040 iis
479 1993 551 2059 quae
577 1975 705 2040 nomine
735 1976 893 2041 facultatis
919 1976 1140 2057 expedientur,
1169 1986 1202 2044 et
1227 1979 1289 2044 boc

204 2077 338 2142 absente
352 2075 401 2141 rei
418 2074 582 2157 impedito,
600 2073 670 2157 ejus
686 2074 773 2140 vices
788 2084 889 2156 geret.

715 2256 779 2320 till.

248 2422 310 2488 Pro
338 2422 477 2505 qualibet
506 2421 654 2487 facultate
682 2421 901 2487 coustituetur
934 2423 1142 2500 secretarius,
1174 2423 1227 2506 qui
1257 2423 1290 2488 in

206 2521 510 2604 congregationibus
535 2520 711 2586 actuarium
738 2528 821 2603 aget,
846 2529 877 2587 et
900 2537 1120 2605 quaecumque
1145 2521 1225 2587 alias
1251 2522 1288 2587 ad

206 2638 324 2687 munus
339 2619 471 2687 actuarii
488 2619 650 2702 pertinent
664 2620 839 2687 exercebit.

704 2801 786 2867 viil.

246 2967 444 3050 Quicumque
477 2967 586 3032 studio
626 2966 761 3047 alicuius
801 2966 960 3033 facultatis
1000 2984 1130 3050 operam
1171 2985 1288 3034 navare

205 3067 386 3142 intendunt,
404 3065 616 3146 ut'imprimis
639 3074 733 3146 agant
757 3082 891 3131 necesse
912 3075 973 3143 est,
995 3075 1028 3132 ut
1050 3083 1178 3142 nomen.
1197 3085 1288 3149 prae·

206 3183 321 3232 nomen
334 3176 366 3231 et
378 3165 477 3248 patria
490 3165 617 3229 iliorum
633 3164 706 3228 albo
718 3181 774 3229 seu
794 3165 977 3231 matriculae
991 3165 1215 3251 Universitatis
1232 3184 1289 3249 per

205 3265 385 3341 Rectorem,
403 3281 440 3329 ac
460 3264 533 3328 dein
557 3263 631 3328 albo
653 3262 813 3328 facultatis
836 3281 893 3345 per
908 3263 1064 3330 decanum
1087 3265 1285 3332 inserantur.

718 3443 772 3508 iX.

246 3613 374 3685 licetur.
391 3610 582 3683 directores.
599 3607 712 3674 decani
732 3618 764 3673 et
783 3608 986 3689 professores
1009 3608 1193 3675 facultatum
1209 3627 1287 3676 cun·

204 3713 337 3779 stitnent
364 3711 491 3792 plenum
518 3705 663 3774 senatum
690 3725 746 3773 seu
774 3707 946 3772 consilium
973 3707 1208 3785 Universitatis‚
1230 3726 1288 3790 pro

205 3830 268 3895 qno
285 3809 486 3892 particularis
501 3808 718 3874 committetur
733 3807 940 3872 secretarius.

724 3987 764 4050 X.

247 4159 280 4222 in
293 4158 355 4224 boc
366 4165 478 4222 senatu
491 4153 725 4236 quamprimum
738 4152 903 4234 redigetur
918 4161 949 4218 et
960 4152 1114 4220 Gubernii
1126 4153 1289 4236 generalis

207 4254 429 4343 adprobationi
460 4252 665 4318 submittatur
692 4251 852 4318 ordinatio
879 4252 920 4317 da
946 4252 1108 4328 omnibus,
1136 4271 1218 4337 quau
1248 4253 1288 4320 ati
