3236 4944
742 389 864 462 -436
886 425 924 440 -·

292 585 445 644 statutum
483 583 630 659 quartum
669 577 729 643 aab
767 577 860 642 titulo
896 574 1047 654 (xxxiii)
1081 575 1121 638 de
1156 575 1383 642 contractibus

331 802 344 826 a
357 776 408 832 Die
420 777 439 832 5
453 775 529 830 maii.
538 777 570 830 D.
587 775 773 838 Morillonius.
789 775 926 844 generalis
940 774 1057 833 vicarius
1070 773 1269 846 archiepiscopi
1284 775 1380 830 Mech-

292 869 427 934 liniensis,
449 868 607 924 convocavit
628 869 795 923 Facultatem
815 872 843 922 st
863 867 987 922 exhibuit
1009 866 1104 920 literas
1125 866 1156 922 0.
1180 865 1258 920 ducis
1276 867 1381 928 Albani

291 959 484 1030 gubernatoris
502 959 599 1026 nostri,
621 958 791 1029 injungentis
811 963 842 1013 ut
860 957 1011 1014 secundum
1032 957 1240 1028 requisitionem
1259 957 1326 1012 dicti
1343 958 1378 1012 D.

291 1051 385 1105 vicarii
400 1055 602 1120 praestaremus
615 1066 727 1119 opernm
742 1055 862 1104 nostram
876 1048 905 1111 in
920 1048 1100 1118 repurgandis
1121 1047 1209 1112 libris,
1225 1047 1378 1102 secundum

290 1140 489 1211 praescriptum
514 1138 633 1208 catalogi
659 1138 815 1194 Tridentini
841 1145 869 1191 et
894 1137 1064 1208 appendicis,
1093 1137 1258 1193 auctoritate
1284 1138 1378 1207 regiae

290 1229 444 1301 Majeatatis
458 1236 580 1284 recenter
592 1230 728 1284 editorum
756 1229 790 1282 Et
803 1228 923 1298 suscepit
938 1229 1066 1282 Facultaa
1080 1228 1274 1298 expurgandas
1292 1245 1378 1283 anno·

290 1322 406 1378 tationes
421 1320 529 1374 Erasini
543 1321 572 1374 in
588 1321 741 1388 Irenaeum,
759 1318 955 1391 Hieronymum
970 1325 997 1374 et
1010 1318 1208 1386 augustinum.

330 1438 342 1460 n
357 1411 406 1466 Die
419 1411 455 1467 30
468 1411 591 1481 augusti,
603 1411 660 1466 dux
670 1410 794 1466 Albanus
803 1410 914 1480 scripsit
922 1411 957 1464 ad
969 1411 1140 1464 Facultatsm
1151 1426 1200 1480 pro
1210 1409 1380 1464 correctione

291 1520 403 1574 operum
418 1503 476 1557 00.
494 1501 663 1573 Hieronymi,
680 1501 829 1570 Augustini
844 1505 871 1556 at
884 1501 1017 1569 aliorum
1034 1499 1167 1571 petiitque
1181 1499 1246 1556 utei
1256 1499 1379 1556 scriban-

292 1599 337 1648 tur
360 1609 472 1650 nomme
493 1598 520 1648 st
541 1591 716 1662 cognomina,
740 1591 806 1646 item
833 1592 934 1661 gradus
961 1607 1066 1654 eorum,
1092 1592 1139 1664 qui
1167 1590 1195 1646 in
1219 1589 1377 1661 hujusmodi

293 1683 405 1754 negotio
420 1685 623 1738 laboraverunt.

330 1800 343 1822 a
355 1773 576 1844 Repurgationee
589 1773 810 1840 adnotationum,
825 1789 1015 1842 censurarum,
1031 1771 1151 1828 indicum
1169 1778 1196 1827 et
1210 1777 1380 1828 commenta-

292 1865 407 1929 riorum,
431 1863 566 1920 editorum
594 1881 611 1917 a
637 1863 762 1928 diversis,
787 1864 815 1918 in
838 1879 921 1934 opera
943 1864 999 1918 00.
1027 1862 1142 1934 irenaei,
1168 1863 1328 1935 Hieronymi
1351 1869 1380 1920 at

292 1954 452 2026 Augustini,
468 1971 516 2024 per
537 1954 684 2024 magistros
701 1954 853 2008 Facultatia
870 1955 1013 2016 collectae.
1033 1954 1145 2010 luerunt
1160 1954 1334 2010 examinatae
1351 1959 1381 2009 et

292 2047 320 2100 in
347 2043 461 2100 diversis
488 2044 620 2114 plenariis
645 2043 906 2115 congregationibus
941 2043 1029 2098 diotae
1063 2044 1213 2100 Facultalia
1246 2045 1377 2102 relectae.

293 2135 513 2208 Hepurgationea
527 2153 636 2208 quoque
649 2135 770 2191 omnium
785 2153 899 2206 operum
920 2135 1055 2190 Desiderii
1070 2137 1186 2200 Erasmi,
1203 2136 1268 2192 item
1283 2137 1378 2194 Coast-

292 2232 325 2280 lr'a'
338 2227 482 2282 Franciact
495 2228 654 2280 Zebarellae
667 2232 735 2293 quid
747 2232 885 2294 mendam
897 2233 933 2280 eit
947 2233 977 2280 la
997 2233 1154 2294 qrmosts'one
1171 2232 1293 2282 duorum
1312 2245 1379 2295 pesa-

290 2321 396 2383 lineum
409 2323 441 2372 de
451 2327 560 2385 papam
572 2324 802 2383 matendenttam,
817 2328 878 2384 etc,
893 2318 1029 2372 Facultati
1043 2318 1215 2384 commissae,
1227 2319 1291 2373 etin
1302 2319 1377 2374 toliis

289 2409 326 2462 77
346 2407 510 2478 descriptae,
532 2425 548 2460 a
569 2409 650 2478 plena
670 2409 812 2464 Facultate
831 2409 998 2479 approbatae
1020 2411 1141 2472 luerunt.
1165 2415 1193 2464 et
1213 2409 1248 2464 ad
1271 2407 1377 2464 curiam

288 2497 481 2578 transmissae.
500 2498 531 2552 17
545 2496 589 2554 die
604 2497 759 2554 novembris
771 2515 844 2553 anno
861 2499 931 2556 1570
954 2525 967 2547 a

330 2589 480 2644 censorum
500 2589 636 2658 collegia,
668 2607 716 2660 per
742 2589 867 2659 singulae
888 2589 1025 2645 dioeceses
1044 2593 1071 2644 st
1090 2589 1216 2646 civitates
1241 2589 1376 2656 instituta,

293 2684 354 2752 post
368 2697 463 2734 novem
478 2681 533 2735 lere
547 2679 681 2734 mensium
695 2680 826 2750 spatium,
842 2680 935 2743 idest,
956 2698 973 2734 a
994 2679 1133 2736 februario
1150 2681 1184 2736 ad
1202 2681 1378 2736 novembrem

297 2771 362 2826 anni
381 2770 459 2832 1570,
476 2787 590 2826 examen
604 2771 785 2840 perfecerunt,
801 2775 933 2842 notasque
943 2787 1007 2826 suas
1021 2770 1234 2826 transmiserunt
1254 2772 1287 2825 ad
1302 2762 1378 2842 prae·

277 2862 410 2932 ⁴cipuum
436 2877 580 2914 censorum
605 2860 764 2929 collegium,
793 2861 865 2931 quod
892 2861 1057 2932 Antrerpiae
1086 2860 1244 2916 institutum
1278 2862 1377 2916 iuerat.

295 2951 475 3008 praesidebat
494 2950 558 3004 huic
570 2950 688 3019 collegio
701 2950 887 3006 ecclesiastica
908 2951 1073 3006 auctoritate
1092 2951 1203 3023 quidam
1222 2952 1377 3023 episcopua,

294 3060 375 3115 quern
389 3040 523 3098 Sennium
538 3041 623 3096 luisse
635 3041 812 3108 arbitramur,
827 3041 904 3111 regio
916 3047 1008 3098 autem
1024 3037 1134 3098 nomine
1144 3043 1238 3098 aderat
1249 3043 1378 3098 Benedic-

292 3139 337 3188 tus
360 3134 441 3188 Arias
460 3132 620 3200 Montanos,
644 3130 687 3186 cui
711 3131 825 3185 debetur
848 3131 1025 3186 celeberrima
1047 3133 1096 3186 SS.
1121 3132 1272 3188 Bibliorum
1294 3133 1378 3188 editio

293 3225 457 3296 polyglotta.

331 3316 479 3370 Censorem
500 3311 739 3383 Antverpiensium
762 3313 854 3368 studio
873 3315 983 3368 tandem
1006 3313 1106 3383 prodiit
1131 3314 1203 3386 typis
1226 3314 1377 3371 Plantinia·

294 3405 338 3460 nia
356 3405 446 3459 Indara
464 3409 679 3470 aspergeremur
697 3408 835 3458 ltbrossam
854 3410 904 3470 qui
921 3409 969 3458 boc
986 3409 1092 3459 saeculo
1102 3410 1279 3471 prodierunt,
1292 3410 1378 3469 juata

293 3501 367 3551 sacri
380 3499 488 3550 concilii
504 3494 660 3546 Tridentini
672 3499 819 3558 demetam,
836 3495 960 3561 Philippi
972 3495 1006 3548 11
1024 3501 1098 3561 regia
1114 3501 1195 3561 jussu
1213 3505 1238 3549 et
1257 3501 1378 3550 auctent-

295 3595 350 3640 tate
362 3594 444 3652 alque
463 3583 573 3640 Albani
593 3589 670 3637 dacia
689 3589 802 3638 consilto
823 3601 856 3640 oc
875 3591 1028 3640 ministerio
1041 3591 1072 3638 ia
1087 3585 1181 3652 Belgio
1197 3593 1378 3640 concinnatus

292 3693 367 3731 enno
385 3673 462 3729 1571.
480 3673 562 3736 in·4⁰,
578 3689 641 3743 pag.
663 3673 711 3728 101
725 3675 829 3746 absque
842 3676 1082 3746 praeliminaribua
1095 3683 1120 3733 et
1135 3677 1234 3732 indice.
1252 3667 1377 3732 Exousua

291 3774 333 3822 ast
346 3766 429 3820 index
444 3764 492 3818 ille
505 3764 659 3835 sumptibus
674 3765 766 3835 regiis,
780 3783 833 3822 non
846 3773 875 3822 ut
885 3768 1055 3838 vulgaretur,
1067 3770 1114 3822 ssd
1126 3775 1155 3824 ut
1166 3769 1377 3826 distribueretur

291 3855 450 3913 censoribus
464 3871 512 3926 per
526 3855 668 3926 episcopos
681 3856 849 3924 constitutis,
865 3857 913 3929 qui
928 3859 1011 3914 libros
1025 3860 1205 3928 corrigerent,
1227 3863 1375 3930 antequam

293 3946 375 4002 lectio
388 3951 436 4000 aut
448 3945 568 4000 venditio
583 3946 799 4017 permitteretur;
815 3947 879 4004 inde
893 3953 969 4002 tanta
983 3949 1065 4018 hujus
1079 3949 1143 4004 libri
1153 3949 1265 4011 raritas,
1277 3950 1311 4003 de
1320 3965 1376 4022 qua

293 4038 354 4092 vide
366 4037 501 4092 loannem
516 4036 588 4106 Vogt
602 4037 630 4092 in
643 4038 771 4104 Οαὶαῑορο
785 4043 920 4092 librorum
934 4045 1087 4102 rariorum,
1104 4057 1158 4110 pag
1184 4039 1248 4098 366.

330 4126 415 4182 indici
442 4127 634 4197 expurgatorio
660 4129 810 4198 praefixum
836 4134 878 4183 est
898 4129 1005 4198 regium
1025 4129 1146 4200 diploma
1170 4131 1310 4199 signatum
1329 4129 1374 4184 die

293 4217 391 4274 ultima
400 4215 466 4287 julii
479 4233 551 4272 anno
570 4218 648 4282 1571,
662 4219 735 4290 quod
749 4219 832 4276 refert
846 4218 1019 4288 Dioroxsens,
1035 4222 1147 4276 Antoer.
1169 4221 1276 4276 cereto
1295 4237 1372 4274 acac.
