<?xml version="1.0" encoding="UTF-8"?>
<!DOCTYPE html PUBLIC "-//W3C//DTD XHTML 1.0 Transitional//EN"
    "http://www.w3.org/TR/xhtml1/DTD/xhtml1-transitional.dtd">
<html xmlns="http://www.w3.org/1999/xhtml" xml:lang="en" lang="en">
 <head>
  <title>
</title>
<meta http-equiv="Content-Type" content="text/html;charset=utf-8" />
  <meta name='ocr-system' content='tesseract 3.04.00' />
  <meta name='ocr-capabilities' content='ocr_page ocr_carea ocr_par ocr_line ocrx_word'/>
</head>
<body>
  <div class='ocr_page' id='page_1' title='image "./documentsrelati00reusgoog_0510.png"; bbox 0 0 3240 4946; ppageno 0'>
   <div class='ocr_carea' id='block_1_1' title="bbox 694 370 923 438">
    <p class='ocr_par' dir='ltr' id='par_1_1' title="bbox 694 370 923 438">
     <span class='ocr_line' id='line_1_1' title="bbox 694 370 923 438; baseline -0.009 1"><span class='ocrx_word' id='word_1_1' title='bbox 694 370 923 438; x_wconf 75' lang='lat'>·-498-</span> 
     </span>
    </p>
   </div>
   <div class='ocr_carea' id='block_1_2' title="bbox 289 555 1369 738">
    <p class='ocr_par' dir='ltr' id='par_1_2' title="bbox 289 517 1369 738">
     <span class='ocr_line' id='line_1_2' title="bbox 329 555 1369 631; baseline -0.007 -5"><span class='ocrx_word' id='word_1_2' title='bbox 329 559 397 626; x_wconf 86' lang='lat' dir='ltr'><strong>Sru&#39;t</strong></span> <span class='ocrx_word' id='word_1_3' title='bbox 419 559 447 624; x_wconf 82' lang='lat' dir='ltr'><strong>le</strong></span> <span class='ocrx_word' id='word_1_4' title='bbox 465 562 546 624; x_wconf 73' lang='lat' dir='ltr'><strong>texte</strong></span> <span class='ocrx_word' id='word_1_5' title='bbox 566 558 603 622; x_wconf 82' lang='lat' dir='ltr'><strong>de</strong></span> <span class='ocrx_word' id='word_1_6' title='bbox 618 556 649 620; x_wconf 87' lang='lat' dir='ltr'><strong>lo</strong></span> <span class='ocrx_word' id='word_1_7' title='bbox 670 555 773 620; x_wconf 79' lang='lat' dir='ltr'><strong>ritorto</strong></span> <span class='ocrx_word' id='word_1_8' title='bbox 793 557 834 622; x_wconf 79' lang='lat' dir='ltr'><strong>tiu</strong></span> <span class='ocrx_word' id='word_1_9' title='bbox 850 556 868 620; x_wconf 88' lang='lat'><strong>6</strong></span> <span class='ocrx_word' id='word_1_10' title='bbox 883 557 954 621; x_wconf 74' lang='lat' dir='ltr'><strong>doit</strong></span> <span class='ocrx_word' id='word_1_11' title='bbox 972 555 1064 631; x_wconf 78' lang='lat'><strong>1495,</strong></span> <span class='ocrx_word' id='word_1_12' title='bbox 1082 559 1154 620; x_wconf 86' lang='lat' dir='ltr'><strong>dont</strong></span> <span class='ocrx_word' id='word_1_13' title='bbox 1176 573 1254 620; x_wconf 86' lang='lat' dir='ltr'><strong>nous</strong></span> <span class='ocrx_word' id='word_1_14' title='bbox 1275 574 1369 620; x_wconf 82' lang='lat' dir='ltr'><strong>auerte</strong></span> 
     </span>
     <span class='ocr_line' id='line_1_3' title="bbox 289 655 932 738; baseline -0.006 -16"><span class='ocrx_word' id='word_1_15' title='bbox 289 658 390 724; x_wconf 79' lang='lat' dir='ltr'><strong>donud</strong></span> <span class='ocrx_word' id='word_1_16' title='bbox 403 660 431 722; x_wconf 83' lang='lat' dir='ltr'><strong>le</strong></span> <span class='ocrx_word' id='word_1_17' title='bbox 447 663 530 722; x_wconf 81' lang='lat' dir='ltr'><strong>teste</strong></span> <span class='ocrx_word' id='word_1_18' title='bbox 545 657 709 732; x_wconf 74' lang='lat' dir='ltr'><strong>oideeette,</strong></span> <span class='ocrx_word' id='word_1_19' title='bbox 723 674 777 738; x_wconf 85' lang='lat' dir='ltr'><strong>pp.</strong></span> <span class='ocrx_word' id='word_1_20' title='bbox 796 655 855 720; x_wconf 82' lang='lat' dir='ltr'><strong>teo</strong></span> <span class='ocrx_word' id='word_1_21' title='bbox 870 673 932 720; x_wconf 80' lang='lat' dir='ltr'><strong>uuo.</strong></span> 
     </span>
    </p>
   </div>
   <div class='ocr_carea' id='block_1_3' title="bbox 279 853 1430 4203">
    <p class='ocr_par' dir='ltr' id='par_1_3' title="bbox 279 853 1430 4203">
     <span class='ocr_line' id='line_1_4' title="bbox 327 853 1368 937; baseline 0.001 -17"><span class='ocrx_word' id='word_1_22' title='bbox 327 855 366 922; x_wconf 82' lang='lat' dir='ltr'><strong>Et</strong></span> <span class='ocrx_word' id='word_1_23' title='bbox 380 853 527 922; x_wconf 85' lang='lat' dir='ltr'><strong>combien</strong></span> <span class='ocrx_word' id='word_1_24' title='bbox 543 871 606 936; x_wconf 85' lang='lat' dir='ltr'><strong>que</strong></span> <span class='ocrx_word' id='word_1_25' title='bbox 620 854 717 920; x_wconf 89' lang='lat' dir='ltr'><strong>lediot</strong></span> <span class='ocrx_word' id='word_1_26' title='bbox 733 863 844 937; x_wconf 85' lang='lat' dir='ltr'><strong>oetrop</strong></span> <span class='ocrx_word' id='word_1_27' title='bbox 860 853 923 919; x_wconf 90' lang='lat' dir='ltr'><strong>soit</strong></span> <span class='ocrx_word' id='word_1_28' title='bbox 939 853 1034 920; x_wconf 82' lang='lat' dir='ltr'><strong>tonde</strong></span> <span class='ocrx_word' id='word_1_29' title='bbox 1050 871 1089 921; x_wconf 91' lang='lat' dir='ltr'><strong>en</strong></span> <span class='ocrx_word' id='word_1_30' title='bbox 1106 862 1195 920; x_wconf 90' lang='lat' dir='ltr'><strong>toute</strong></span> <span class='ocrx_word' id='word_1_31' title='bbox 1210 855 1319 922; x_wconf 87' lang='lat' dir='ltr'><strong>raison</strong></span> <span class='ocrx_word' id='word_1_32' title='bbox 1336 863 1368 921; x_wconf 89' lang='lat' dir='ltr'><strong>et</strong></span> 
     </span>
     <span class='ocr_line' id='line_1_5' title="bbox 286 952 1366 1036; baseline -0.002 -16"><span class='ocrx_word' id='word_1_33' title='bbox 286 953 403 1036; x_wconf 81' lang='lat' dir='ltr'><strong>equite,</strong></span> <span class='ocrx_word' id='word_1_34' title='bbox 426 963 541 1035; x_wconf 85' lang='lat' dir='ltr'><strong>etque</strong></span> <span class='ocrx_word' id='word_1_35' title='bbox 563 953 604 1018; x_wconf 94' lang='lat' dir='ltr'><strong>du</strong></span> <span class='ocrx_word' id='word_1_36' title='bbox 627 961 765 1019; x_wconf 87' lang='lat' dir='ltr'><strong>eontenu</strong></span> <span class='ocrx_word' id='word_1_37' title='bbox 789 970 828 1019; x_wconf 90' lang='lat' dir='ltr'><strong>en</strong></span> <span class='ocrx_word' id='word_1_38' title='bbox 852 953 957 1034; x_wconf 84' lang='lat' dir='ltr'><strong>ieeluy</strong></span> <span class='ocrx_word' id='word_1_39' title='bbox 979 953 1018 1016; x_wconf 90' lang='lat' dir='ltr'><strong>ilz</strong></span> <span class='ocrx_word' id='word_1_40' title='bbox 1040 962 1133 1035; x_wconf 81' lang='lat' dir='ltr'><strong>apent</strong></span> <span class='ocrx_word' id='word_1_41' title='bbox 1155 953 1230 1035; x_wconf 83' lang='lat' dir='ltr'><strong>iouy</strong></span> <span class='ocrx_word' id='word_1_42' title='bbox 1252 963 1284 1019; x_wconf 90' lang='lat' dir='ltr'><strong>et</strong></span> <span class='ocrx_word' id='word_1_43' title='bbox 1309 952 1366 1018; x_wconf 81' lang='lat' dir='ltr'><strong>ved</strong></span> 
     </span>
     <span class='ocr_line' id='line_1_6' title="bbox 285 1051 1364 1127; baseline -0.003 -6"><span class='ocrx_word' id='word_1_44' title='bbox 285 1055 376 1121; x_wconf 86' lang='lat' dir='ltr'><strong>selon</strong></span> <span class='ocrx_word' id='word_1_45' title='bbox 399 1053 428 1118; x_wconf 89' lang='lat' dir='ltr'><strong>la</strong></span> <span class='ocrx_word' id='word_1_46' title='bbox 452 1054 553 1118; x_wconf 87' lang='lat' dir='ltr'><strong>ionme</strong></span> <span class='ocrx_word' id='word_1_47' title='bbox 575 1061 607 1117; x_wconf 91' lang='lat' dir='ltr'><strong>et</strong></span> <span class='ocrx_word' id='word_1_48' title='bbox 628 1061 741 1118; x_wconf 88' lang='lat' dir='ltr'><strong>teneor</strong></span> <span class='ocrx_word' id='word_1_49' title='bbox 763 1052 906 1118; x_wconf 87' lang='lat' dir='ltr'><strong>desdicts</strong></span> <span class='ocrx_word' id='word_1_50' title='bbox 928 1053 1039 1118; x_wconf 88' lang='lat' dir='ltr'><strong>lettres</strong></span> <span class='ocrx_word' id='word_1_51' title='bbox 1061 1053 1178 1118; x_wconf 91' lang='lat' dir='ltr'><strong>dessue</strong></span> <span class='ocrx_word' id='word_1_52' title='bbox 1201 1051 1364 1127; x_wconf 57' lang='lat' dir='ltr'><strong>insaniem</strong></span> 
     </span>
     <span class='ocr_line' id='line_1_7' title="bbox 285 1151 1369 1234; baseline -0.004 -13"><span class='ocrx_word' id='word_1_53' title='bbox 285 1153 438 1221; x_wconf 78' lang='lat' dir='ltr'><strong>toutefois</strong></span> <span class='ocrx_word' id='word_1_54' title='bbox 452 1152 581 1218; x_wconf 76' lang='lat' dir='ltr'>obstant</span> <span class='ocrx_word' id='word_1_55' title='bbox 598 1161 708 1218; x_wconf 88' lang='lat' dir='ltr'><strong>nostre</strong></span> <span class='ocrx_word' id='word_1_56' title='bbox 723 1160 924 1228; x_wconf 86' lang='lat' dir='ltr'><strong>auenement,</strong></span> <span class='ocrx_word' id='word_1_57' title='bbox 938 1151 1070 1233; x_wconf 80' lang='lat' dir='ltr'><strong>iopeuse</strong></span> <span class='ocrx_word' id='word_1_58' title='bbox 1086 1153 1196 1218; x_wconf 83' lang='lat' dir='ltr'><strong>entree</strong></span> <span class='ocrx_word' id='word_1_59' title='bbox 1212 1162 1243 1218; x_wconf 90' lang='lat' dir='ltr'><strong>et</strong></span> <span class='ocrx_word' id='word_1_60' title='bbox 1259 1169 1369 1234; x_wconf 83' lang='lat' dir='ltr'><strong>recep·</strong></span> 
     </span>
     <span class='ocr_line' id='line_1_8' title="bbox 283 1250 1370 1333; baseline -0.003 -14"><span class='ocrx_word' id='word_1_61' title='bbox 283 1253 350 1319; x_wconf 91' lang='lat' dir='ltr'><strong>tion</strong></span> <span class='ocrx_word' id='word_1_62' title='bbox 367 1269 384 1317; x_wconf 91' lang='lat' dir='ltr'><strong>a</strong></span> <span class='ocrx_word' id='word_1_63' title='bbox 400 1251 428 1316; x_wconf 87' lang='lat' dir='ltr'><strong>le</strong></span> <span class='ocrx_word' id='word_1_64' title='bbox 441 1251 624 1333; x_wconf 75' lang='lat' dir='ltr'><strong>seigneurie</strong></span> <span class='ocrx_word' id='word_1_65' title='bbox 636 1251 676 1316; x_wconf 93' lang='lat' dir='ltr'><strong>de</strong></span> <span class='ocrx_word' id='word_1_66' title='bbox 693 1268 750 1318; x_wconf 89' lang='lat' dir='ltr'><strong>noz</strong></span> <span class='ocrx_word' id='word_1_67' title='bbox 766 1267 854 1333; x_wconf 84' lang='lat' dir='ltr'><strong>payz,</strong></span> <span class='ocrx_word' id='word_1_68' title='bbox 872 1251 910 1313; x_wconf 85' lang='lat' dir='ltr'><strong>liz</strong></span> <span class='ocrx_word' id='word_1_69' title='bbox 924 1268 1005 1315; x_wconf 90' lang='lat' dir='ltr'><strong>nous</strong></span> <span class='ocrx_word' id='word_1_70' title='bbox 1020 1258 1077 1316; x_wconf 90' lang='lat' dir='ltr'><strong>ont</strong></span> <span class='ocrx_word' id='word_1_71' title='bbox 1093 1250 1370 1316; x_wconf 87' lang='lat' dir='ltr'><strong>tresinstanrment</strong></span> 
     </span>
     <span class='ocr_line' id='line_1_9' title="bbox 285 1349 1368 1434; baseline -0.001 -18"><span class='ocrx_word' id='word_1_72' title='bbox 285 1351 394 1434; x_wconf 84' lang='lat' dir='ltr'><strong>requie</strong></span> <span class='ocrx_word' id='word_1_73' title='bbox 416 1367 478 1432; x_wconf 87' lang='lat' dir='ltr'><strong>que</strong></span> <span class='ocrx_word' id='word_1_74' title='bbox 502 1366 583 1431; x_wconf 92' lang='lat' dir='ltr'><strong>pour</strong></span> <span class='ocrx_word' id='word_1_75' title='bbox 605 1349 674 1415; x_wconf 88' lang='lat' dir='ltr'><strong>leur</strong></span> <span class='ocrx_word' id='word_1_76' title='bbox 698 1351 770 1432; x_wconf 88' lang='lat' dir='ltr'><strong>plue</strong></span> <span class='ocrx_word' id='word_1_77' title='bbox 785 1349 906 1431; x_wconf 80' lang='lat' dir='ltr'>grande</span> <span class='ocrx_word' id='word_1_78' title='bbox 928 1349 1056 1416; x_wconf 78' lang='lat' dir='ltr'><strong>seorete</strong></span> <span class='ocrx_word' id='word_1_79' title='bbox 1076 1366 1159 1415; x_wconf 92' lang='lat' dir='ltr'><strong>nous</strong></span> <span class='ocrx_word' id='word_1_80' title='bbox 1182 1349 1282 1432; x_wconf 88' lang='lat' dir='ltr'><strong>plaise</strong></span> <span class='ocrx_word' id='word_1_81' title='bbox 1297 1350 1368 1416; x_wconf 94' lang='lat' dir='ltr'><strong>leur</strong></span> 
     </span>
     <span class='ocr_line' id='line_1_10' title="bbox 284 1448 1367 1532; baseline -0.001 -17"><span class='ocrx_word' id='word_1_82' title='bbox 284 1449 469 1524; x_wconf 81' lang='lat' dir='ltr'><strong>confirmer,</strong></span> <span class='ocrx_word' id='word_1_83' title='bbox 485 1464 579 1531; x_wconf 76' lang='lat' dir='ltr'><strong>green</strong></span> <span class='ocrx_word' id='word_1_84' title='bbox 594 1457 626 1513; x_wconf 87' lang='lat' dir='ltr'><strong>et</strong></span> <span class='ocrx_word' id='word_1_85' title='bbox 646 1465 829 1530; x_wconf 89' lang='lat' dir='ltr'><strong>approuuen</strong></span> <span class='ocrx_word' id='word_1_86' title='bbox 851 1448 955 1530; x_wconf 86' lang='lat' dir='ltr'><strong>ieeluy</strong></span> <span class='ocrx_word' id='word_1_87' title='bbox 977 1457 1101 1532; x_wconf 87' lang='lat' dir='ltr'><strong>oetroy,</strong></span> <span class='ocrx_word' id='word_1_88' title='bbox 1120 1457 1152 1515; x_wconf 88' lang='lat' dir='ltr'><strong>et</strong></span> <span class='ocrx_word' id='word_1_89' title='bbox 1173 1456 1283 1516; x_wconf 88' lang='lat' dir='ltr'><strong>entant</strong></span> <span class='ocrx_word' id='word_1_90' title='bbox 1304 1465 1367 1530; x_wconf 84' lang='lat' dir='ltr'><strong>que</strong></span> 
     </span>
     <span class='ocr_line' id='line_1_11' title="bbox 286 1546 1367 1622; baseline 0 -10"><span class='ocrx_word' id='word_1_91' title='bbox 286 1549 417 1614; x_wconf 88' lang='lat' dir='ltr'><strong>mestier</strong></span> <span class='ocrx_word' id='word_1_92' title='bbox 442 1546 542 1612; x_wconf 88' lang='lat' dir='ltr'><strong>seruit</strong></span> <span class='ocrx_word' id='word_1_93' title='bbox 566 1547 597 1610; x_wconf 82' lang='lat' dir='ltr'><strong>la</strong></span> <span class='ocrx_word' id='word_1_94' title='bbox 623 1547 693 1612; x_wconf 92' lang='lat' dir='ltr'><strong>leur</strong></span> <span class='ocrx_word' id='word_1_95' title='bbox 717 1547 842 1612; x_wconf 80' lang='lat' dir='ltr'>donner</span> <span class='ocrx_word' id='word_1_96' title='bbox 867 1547 907 1612; x_wconf 93' lang='lat' dir='ltr'><strong>de</strong></span> <span class='ocrx_word' id='word_1_97' title='bbox 931 1563 1089 1622; x_wconf 89' lang='lat' dir='ltr'><strong>nouueau,</strong></span> <span class='ocrx_word' id='word_1_98' title='bbox 1107 1559 1138 1613; x_wconf 92' lang='lat' dir='ltr'><strong>et</strong></span> <span class='ocrx_word' id='word_1_99' title='bbox 1160 1564 1216 1614; x_wconf 86' lang='lat' dir='ltr'><strong>eur</strong></span> <span class='ocrx_word' id='word_1_100' title='bbox 1238 1564 1275 1615; x_wconf 88' lang='lat' dir='ltr'><strong>ee</strong></span> <span class='ocrx_word' id='word_1_101' title='bbox 1297 1548 1367 1613; x_wconf 91' lang='lat' dir='ltr'><strong>leur</strong></span> 
     </span>
     <span class='ocr_line' id='line_1_12' title="bbox 285 1644 1367 1728; baseline 0.001 -18"><span class='ocrx_word' id='word_1_102' title='bbox 285 1647 363 1712; x_wconf 81' lang='lat' dir='ltr'><strong>taire</strong></span> <span class='ocrx_word' id='word_1_103' title='bbox 382 1644 533 1728; x_wconf 74' lang='lat' dir='ltr'><strong>expediet</strong></span> <span class='ocrx_word' id='word_1_104' title='bbox 556 1661 616 1710; x_wconf 89' lang='lat' dir='ltr'><strong>noz</strong></span> <span class='ocrx_word' id='word_1_105' title='bbox 638 1646 750 1713; x_wconf 90' lang='lat' dir='ltr'><strong>lettres</strong></span> <span class='ocrx_word' id='word_1_106' title='bbox 772 1653 918 1726; x_wconf 89' lang='lat' dir='ltr'><strong>patentes</strong></span> <span class='ocrx_word' id='word_1_107' title='bbox 941 1645 958 1710; x_wconf 77' lang='lat' dir='ltr'><strong>d</strong></span> <span class='ocrx_word' id='word_1_108' title='bbox 981 1663 1019 1712; x_wconf 88' lang='lat' dir='ltr'><strong>ee</strong></span> <span class='ocrx_word' id='word_1_109' title='bbox 1042 1647 1217 1727; x_wconf 77' lang='lat' dir='ltr'><strong>pertinens.</strong></span> <span class='ocrx_word' id='word_1_110' title='bbox 1234 1647 1367 1712; x_wconf 88' lang='lat' dir='ltr'><strong>Soauoir</strong></span> 
     </span>
     <span class='ocr_line' id='line_1_13' title="bbox 283 1744 1366 1826; baseline 0 -16"><span class='ocrx_word' id='word_1_111' title='bbox 283 1745 419 1820; x_wconf 84' lang='lat' dir='ltr'><strong>iaieous,</strong></span> <span class='ocrx_word' id='word_1_112' title='bbox 442 1761 504 1826; x_wconf 88' lang='lat' dir='ltr'><strong>quo</strong></span> <span class='ocrx_word' id='word_1_113' title='bbox 531 1760 614 1810; x_wconf 91' lang='lat' dir='ltr'><strong>noue</strong></span> <span class='ocrx_word' id='word_1_114' title='bbox 640 1761 696 1810; x_wconf 87' lang='lat' dir='ltr'><strong>ees</strong></span> <span class='ocrx_word' id='word_1_115' title='bbox 722 1744 839 1810; x_wconf 83' lang='lat' dir='ltr'><strong>choses</strong></span> <span class='ocrx_word' id='word_1_116' title='bbox 865 1745 1086 1822; x_wconf 79' lang='lat' dir='ltr'><strong>norisiderdes,</strong></span> <span class='ocrx_word' id='word_1_117' title='bbox 1109 1745 1268 1812; x_wconf 88' lang='lat' dir='ltr'><strong>inclinans</strong></span> <span class='ocrx_word' id='word_1_118' title='bbox 1293 1745 1310 1812; x_wconf 80' lang='lat' dir='ltr'><strong>l</strong></span> <span class='ocrx_word' id='word_1_119' title='bbox 1337 1746 1366 1810; x_wconf 88' lang='lat' dir='ltr'><strong>la</strong></span> 
     </span>
     <span class='ocr_line' id='line_1_14' title="bbox 284 1843 1367 1928; baseline 0.003 -20"><span class='ocrx_word' id='word_1_120' title='bbox 284 1849 435 1926; x_wconf 88' lang='lat' dir='ltr'><strong>requeste</strong></span> <span class='ocrx_word' id='word_1_121' title='bbox 451 1843 594 1909; x_wconf 82' lang='lat' dir='ltr'><strong>desdiets</strong></span> <span class='ocrx_word' id='word_1_122' title='bbox 610 1851 841 1919; x_wconf 86' lang='lat' dir='ltr'><strong>remonstrans,</strong></span> <span class='ocrx_word' id='word_1_123' title='bbox 856 1861 958 1910; x_wconf 90' lang='lat' dir='ltr'><strong>auons</strong></span> <span class='ocrx_word' id='word_1_124' title='bbox 973 1844 1022 1912; x_wconf 88' lang='lat' dir='ltr'><strong>les</strong></span> <span class='ocrx_word' id='word_1_125' title='bbox 1037 1845 1240 1912; x_wconf 88' lang='lat' dir='ltr'><strong>dessusdiots</strong></span> <span class='ocrx_word' id='word_1_126' title='bbox 1255 1853 1367 1928; x_wconf 84' lang='lat' dir='ltr'><strong>oetroy</strong></span> 
     </span>
     <span class='ocr_line' id='line_1_15' title="bbox 284 1941 1366 2010; baseline 0 -1"><span class='ocrx_word' id='word_1_127' title='bbox 284 1952 315 2009; x_wconf 91' lang='lat' dir='ltr'><strong>et</strong></span> <span class='ocrx_word' id='word_1_128' title='bbox 338 1941 531 2008; x_wconf 84' lang='lat' dir='ltr'><strong>eonoordatz</strong></span> <span class='ocrx_word' id='word_1_129' title='bbox 554 1950 587 2007; x_wconf 93' lang='lat' dir='ltr'><strong>et</strong></span> <span class='ocrx_word' id='word_1_130' title='bbox 608 1949 677 2006; x_wconf 91' lang='lat' dir='ltr'><strong>tout</strong></span> <span class='ocrx_word' id='word_1_131' title='bbox 698 1942 729 2006; x_wconf 91' lang='lat' dir='ltr'><strong>le</strong></span> <span class='ocrx_word' id='word_1_132' title='bbox 751 1951 891 2008; x_wconf 90' lang='lat' dir='ltr'><strong>eontenu</strong></span> <span class='ocrx_word' id='word_1_133' title='bbox 910 1959 946 2009; x_wconf 89' lang='lat' dir='ltr'><strong>es</strong></span> <span class='ocrx_word' id='word_1_134' title='bbox 961 1942 1072 2008; x_wconf 84' lang='lat' dir='ltr'><strong>lettres</strong></span> <span class='ocrx_word' id='word_1_135' title='bbox 1087 1943 1204 2009; x_wconf 84' lang='lat' dir='ltr'><strong>dessus</strong></span> <span class='ocrx_word' id='word_1_136' title='bbox 1220 1943 1366 2010; x_wconf 80' lang='lat' dir='ltr'><strong>insordes</strong></span> 
     </span>
     <span class='ocr_line' id='line_1_16' title="bbox 283 2040 1367 2122; baseline -0.003 -13"><span class='ocrx_word' id='word_1_137' title='bbox 283 2051 316 2110; x_wconf 90' lang='lat' dir='ltr'><strong>et</strong></span> <span class='ocrx_word' id='word_1_138' title='bbox 339 2040 550 2122; x_wconf 81' lang='lat' dir='ltr'><strong>transcriptos</strong></span> <span class='ocrx_word' id='word_1_139' title='bbox 573 2056 630 2121; x_wconf 90' lang='lat' dir='ltr'><strong>par</strong></span> <span class='ocrx_word' id='word_1_140' title='bbox 652 2040 765 2105; x_wconf 85' lang='lat' dir='ltr'><strong>l’aduis</strong></span> <span class='ocrx_word' id='word_1_141' title='bbox 788 2049 818 2106; x_wconf 91' lang='lat' dir='ltr'><strong>et</strong></span> <span class='ocrx_word' id='word_1_142' title='bbox 840 2041 1051 2107; x_wconf 83' lang='lat' dir='ltr'><strong>deliberation</strong></span> <span class='ocrx_word' id='word_1_143' title='bbox 1075 2042 1114 2107; x_wconf 91' lang='lat' dir='ltr'><strong>de</strong></span> <span class='ocrx_word' id='word_1_144' title='bbox 1135 2058 1194 2108; x_wconf 85' lang='lat' dir='ltr'><strong>noa</strong></span> <span class='ocrx_word' id='word_1_145' title='bbox 1210 2043 1367 2110; x_wconf 88' lang='lat' dir='ltr'><strong>tresehier</strong></span> 
     </span>
     <span class='ocr_line' id='line_1_17' title="bbox 284 2138 1364 2222; baseline -0.001 -16"><span class='ocrx_word' id='word_1_146' title='bbox 284 2146 315 2206; x_wconf 88' lang='lat' dir='ltr'><strong>et</strong></span> <span class='ocrx_word' id='word_1_147' title='bbox 338 2139 440 2206; x_wconf 85' lang='lat' dir='ltr'><strong>ieaulx</strong></span> <span class='ocrx_word' id='word_1_148' title='bbox 462 2139 511 2204; x_wconf 90' lang='lat' dir='ltr'><strong>les</strong></span> <span class='ocrx_word' id='word_1_149' title='bbox 533 2138 732 2204; x_wconf 83' lang='lat' dir='ltr'><strong>Chanoellier</strong></span> <span class='ocrx_word' id='word_1_150' title='bbox 754 2147 786 2204; x_wconf 91' lang='lat' dir='ltr'><strong>et</strong></span> <span class='ocrx_word' id='word_1_151' title='bbox 808 2156 888 2220; x_wconf 80' lang='lat' dir='ltr'><strong>gens</strong></span> <span class='ocrx_word' id='word_1_152' title='bbox 910 2139 951 2204; x_wconf 93' lang='lat' dir='ltr'><strong>de</strong></span> <span class='ocrx_word' id='word_1_153' title='bbox 974 2147 1085 2205; x_wconf 88' lang='lat' dir='ltr'><strong>nostre</strong></span> <span class='ocrx_word' id='word_1_154' title='bbox 1111 2139 1204 2222; x_wconf 78' lang='lat' dir='ltr'><strong>priue</strong></span> <span class='ocrx_word' id='word_1_155' title='bbox 1228 2143 1364 2218; x_wconf 81' lang='lat' dir='ltr'><strong>conseil,</strong></span> 
     </span>
     <span class='ocr_line' id='line_1_18' title="bbox 282 2236 1364 2321; baseline -0.002 -15"><span class='ocrx_word' id='word_1_156' title='bbox 282 2248 392 2306; x_wconf 87' lang='lat' dir='ltr'><strong>oetans</strong></span> <span class='ocrx_word' id='word_1_157' title='bbox 414 2239 462 2304; x_wconf 82' lang='lat' dir='ltr'><strong>lea</strong></span> <span class='ocrx_word' id='word_1_158' title='bbox 484 2253 578 2313; x_wconf 93' lang='lat' dir='ltr'><strong>nous,</strong></span> <span class='ocrx_word' id='word_1_159' title='bbox 603 2236 689 2310; x_wconf 81' lang='lat' dir='ltr'><strong>loud,</strong></span> <span class='ocrx_word' id='word_1_160' title='bbox 712 2236 800 2318; x_wconf 79' lang='lat' dir='ltr'><strong>gree,</strong></span> <span class='ocrx_word' id='word_1_161' title='bbox 822 2237 987 2314; x_wconf 82' lang='lat' dir='ltr'><strong>ooullrmd,</strong></span> <span class='ocrx_word' id='word_1_162' title='bbox 1010 2237 1113 2303; x_wconf 76' lang='lat' dir='ltr'><strong>natitie</strong></span> <span class='ocrx_word' id='word_1_163' title='bbox 1135 2248 1167 2304; x_wconf 89' lang='lat' dir='ltr'><strong>et</strong></span> <span class='ocrx_word' id='word_1_164' title='bbox 1190 2239 1364 2321; x_wconf 81' lang='lat' dir='ltr'><strong>approuud,</strong></span> 
     </span>
     <span class='ocr_line' id='line_1_19' title="bbox 283 2336 1366 2421; baseline 0.004 -19"><span class='ocrx_word' id='word_1_165' title='bbox 283 2339 411 2414; x_wconf 91' lang='lat' dir='ltr'><strong>louous,</strong></span> <span class='ocrx_word' id='word_1_166' title='bbox 441 2353 572 2419; x_wconf 77' lang='lat' dir='ltr'><strong>geenne,</strong></span> <span class='ocrx_word' id='word_1_167' title='bbox 602 2336 811 2414; x_wconf 81' lang='lat' dir='ltr'><strong>eorrirmons,</strong></span> <span class='ocrx_word' id='word_1_168' title='bbox 839 2337 984 2404; x_wconf 83' lang='lat' dir='ltr'><strong>retidons</strong></span> <span class='ocrx_word' id='word_1_169' title='bbox 1014 2347 1046 2402; x_wconf 91' lang='lat' dir='ltr'><strong>et</strong></span> <span class='ocrx_word' id='word_1_170' title='bbox 1074 2353 1280 2419; x_wconf 85' lang='lat' dir='ltr'><strong>upprouuons</strong></span> <span class='ocrx_word' id='word_1_171' title='bbox 1310 2357 1366 2421; x_wconf 88' lang='lat' dir='ltr'><strong>par</strong></span> 
     </span>
     <span class='ocr_line' id='line_1_20' title="bbox 283 2435 1364 2518; baseline 0.003 -16"><span class='ocrx_word' id='word_1_172' title='bbox 283 2453 338 2504; x_wconf 86' lang='lat' dir='ltr'><strong>ees</strong></span> <span class='ocrx_word' id='word_1_173' title='bbox 369 2445 538 2518; x_wconf 85' lang='lat' dir='ltr'><strong>presentes</strong></span> <span class='ocrx_word' id='word_1_174' title='bbox 566 2444 597 2501; x_wconf 92' lang='lat' dir='ltr'><strong>et</strong></span> <span class='ocrx_word' id='word_1_175' title='bbox 626 2443 735 2502; x_wconf 83' lang='lat' dir='ltr'><strong>entant</strong></span> <span class='ocrx_word' id='word_1_176' title='bbox 763 2451 825 2518; x_wconf 84' lang='lat' dir='ltr'><strong>que</strong></span> <span class='ocrx_word' id='word_1_177' title='bbox 855 2435 987 2502; x_wconf 88' lang='lat' dir='ltr'><strong>nrestier</strong></span> <span class='ocrx_word' id='word_1_178' title='bbox 1016 2445 1066 2503; x_wconf 90' lang='lat' dir='ltr'><strong>est</strong></span> <span class='ocrx_word' id='word_1_179' title='bbox 1094 2435 1141 2502; x_wconf 90' lang='lat' dir='ltr'><strong>les</strong></span> <span class='ocrx_word' id='word_1_180' title='bbox 1168 2438 1238 2502; x_wconf 89' lang='lat' dir='ltr'><strong>leur</strong></span> <span class='ocrx_word' id='word_1_181' title='bbox 1263 2455 1364 2506; x_wconf 86' lang='lat' dir='ltr'><strong>anons</strong></span> 
     </span>
     <span class='ocr_line' id='line_1_21' title="bbox 280 2525 1361 2617; baseline 0.002 -16"><span class='ocrx_word' id='word_1_182' title='bbox 280 2537 321 2602; x_wconf 92' lang='lat' dir='ltr'><strong>de</strong></span> <span class='ocrx_word' id='word_1_183' title='bbox 350 2552 496 2602; x_wconf 84' lang='lat' dir='ltr'><strong>nouueeu</strong></span> <span class='ocrx_word' id='word_1_184' title='bbox 527 2534 698 2611; x_wconf 88' lang='lat' dir='ltr'><strong>ooneedez,</strong></span> <span class='ocrx_word' id='word_1_185' title='bbox 729 2525 876 2617; x_wconf 79' lang='lat' dir='ltr'><strong>ootroyez</strong></span> <span class='ocrx_word' id='word_1_186' title='bbox 905 2545 936 2600; x_wconf 88' lang='lat' dir='ltr'><strong>et</strong></span> <span class='ocrx_word' id='word_1_187' title='bbox 968 2535 1134 2614; x_wconf 87' lang='lat' dir='ltr'><strong>aeoordez,</strong></span> <span class='ocrx_word' id='word_1_188' title='bbox 1165 2539 1361 2613; x_wconf 86' lang='lat' dir='ltr'><strong>ooneedons,</strong></span> 
     </span>
     <span class='ocr_line' id='line_1_22' title="bbox 281 2634 1363 2717; baseline 0.002 -15"><span class='ocrx_word' id='word_1_189' title='bbox 281 2643 456 2717; x_wconf 81' lang='lat' dir='ltr'><strong>oetroyons</strong></span> <span class='ocrx_word' id='word_1_190' title='bbox 478 2644 509 2700; x_wconf 91' lang='lat' dir='ltr'><strong>et</strong></span> <span class='ocrx_word' id='word_1_191' title='bbox 530 2634 710 2700; x_wconf 82' lang='lat' dir='ltr'><strong>aoeordone</strong></span> <span class='ocrx_word' id='word_1_192' title='bbox 733 2651 790 2716; x_wconf 91' lang='lat' dir='ltr'><strong>par</strong></span> <span class='ocrx_word' id='word_1_193' title='bbox 811 2634 951 2700; x_wconf 87' lang='lat' dir='ltr'><strong>eeediets</strong></span> <span class='ocrx_word' id='word_1_194' title='bbox 974 2645 1152 2716; x_wconf 88' lang='lat' dir='ltr'><strong>presentes.</strong></span> <span class='ocrx_word' id='word_1_195' title='bbox 1171 2636 1316 2702; x_wconf 89' lang='lat' dir='ltr'><strong>Veullant</strong></span> <span class='ocrx_word' id='word_1_196' title='bbox 1332 2645 1363 2704; x_wconf 88' lang='lat' dir='ltr'><strong>rt</strong></span> 
     </span>
     <span class='ocr_line' id='line_1_23' title="bbox 281 2733 1430 2820; baseline 0.001 -19"><span class='ocrx_word' id='word_1_197' title='bbox 281 2735 463 2802; x_wconf 86' lang='lat' dir='ltr'><strong>ordonnant</strong></span> <span class='ocrx_word' id='word_1_198' title='bbox 494 2749 551 2815; x_wconf 90' lang='lat' dir='ltr'><strong>par</strong></span> <span class='ocrx_word' id='word_1_199' title='bbox 579 2733 689 2800; x_wconf 90' lang='lat' dir='ltr'><strong>ieelles</strong></span> <span class='ocrx_word' id='word_1_200' title='bbox 718 2749 781 2815; x_wconf 83' lang='lat' dir='ltr'><strong>que</strong></span> <span class='ocrx_word' id='word_1_201' title='bbox 810 2733 901 2800; x_wconf 86' lang='lat' dir='ltr'><strong>ieeux</strong></span> <span class='ocrx_word' id='word_1_202' title='bbox 933 2735 1136 2810; x_wconf 83' lang='lat' dir='ltr'><strong>coneordatz,</strong></span> <span class='ocrx_word' id='word_1_203' title='bbox 1170 2735 1296 2816; x_wconf 89' lang='lat' dir='ltr'><strong>poinets</strong></span> <span class='ocrx_word' id='word_1_204' title='bbox 1332 2747 1363 2802; x_wconf 88' lang='lat' dir='ltr'><strong>et</strong></span> <span class='ocrx_word' id='word_1_205' title='bbox 1426 2813 1430 2820; x_wconf 89' lang='lat'><em>.</em></span> 
     </span>
     <span class='ocr_line' id='line_1_24' title="bbox 281 2831 1362 2922; baseline 0.002 -22"><span class='ocrx_word' id='word_1_206' title='bbox 281 2833 411 2900; x_wconf 82' lang='lat' dir='ltr'><strong>articles</strong></span> <span class='ocrx_word' id='word_1_207' title='bbox 448 2833 554 2899; x_wconf 87' lang='lat' dir='ltr'><strong>soient</strong></span> <span class='ocrx_word' id='word_1_208' title='bbox 587 2831 745 2900; x_wconf 76' lang='lat' dir='ltr'><strong>obseruea</strong></span> <span class='ocrx_word' id='word_1_209' title='bbox 781 2841 812 2922; x_wconf 87' lang='lat' dir='ltr'><strong>et</strong></span> <span class='ocrx_word' id='word_1_210' title='bbox 849 2842 1047 2908; x_wconf 88' lang='lat' dir='ltr'><strong>entretenuz,</strong></span> <span class='ocrx_word' id='word_1_211' title='bbox 1079 2842 1110 2899; x_wconf 93' lang='lat' dir='ltr'><strong>et</strong></span> <span class='ocrx_word' id='word_1_212' title='bbox 1138 2851 1200 2916; x_wconf 86' lang='lat' dir='ltr'><strong>que</strong></span> <span class='ocrx_word' id='word_1_213' title='bbox 1228 2835 1362 2902; x_wconf 88' lang='lat' dir='ltr'><strong>lesdiete</strong></span> 
     </span>
     <span class='ocr_line' id='line_1_25' title="bbox 282 2932 1364 3014; baseline 0.002 -16"><span class='ocrx_word' id='word_1_214' title='bbox 282 2940 504 2998; x_wconf 88' lang='lat' dir='ltr'><strong>remonstrans</strong></span> <span class='ocrx_word' id='word_1_215' title='bbox 526 2940 558 2997; x_wconf 88' lang='lat' dir='ltr'><strong>et</strong></span> <span class='ocrx_word' id='word_1_216' title='bbox 579 2932 666 2997; x_wconf 87' lang='lat' dir='ltr'><strong>leurs</strong></span> <span class='ocrx_word' id='word_1_217' title='bbox 690 2946 901 2997; x_wconf 88' lang='lat' dir='ltr'><strong>sueoeeseore</strong></span> <span class='ocrx_word' id='word_1_218' title='bbox 923 2947 962 2997; x_wconf 91' lang='lat' dir='ltr'><strong>en</strong></span> <span class='ocrx_word' id='word_1_219' title='bbox 987 2932 1132 3014; x_wconf 86' lang='lat' dir='ltr'><strong>puissent</strong></span> <span class='ocrx_word' id='word_1_220' title='bbox 1154 2941 1185 2998; x_wconf 91' lang='lat' dir='ltr'><strong>et</strong></span> <span class='ocrx_word' id='word_1_221' title='bbox 1208 2945 1364 3014; x_wconf 90' lang='lat' dir='ltr'><strong>pourront</strong></span> 
     </span>
     <span class='ocr_line' id='line_1_26' title="bbox 281 3029 1363 3110; baseline 0.004 -18"><span class='ocrx_word' id='word_1_222' title='bbox 281 3030 373 3110; x_wconf 79' lang='lat' dir='ltr'><strong>iouyr</strong></span> <span class='ocrx_word' id='word_1_223' title='bbox 396 3037 427 3095; x_wconf 90' lang='lat' dir='ltr'><strong>et</strong></span> <span class='ocrx_word' id='word_1_224' title='bbox 449 3045 524 3095; x_wconf 89' lang='lat' dir='ltr'><strong>rser</strong></span> <span class='ocrx_word' id='word_1_225' title='bbox 547 3029 638 3096; x_wconf 93' lang='lat' dir='ltr'><strong>selon</strong></span> <span class='ocrx_word' id='word_1_226' title='bbox 662 3029 692 3094; x_wconf 87' lang='lat' dir='ltr'><strong>la</strong></span> <span class='ocrx_word' id='word_1_227' title='bbox 716 3029 817 3095; x_wconf 82' lang='lat' dir='ltr'><strong>iornre</strong></span> <span class='ocrx_word' id='word_1_228' title='bbox 840 3037 871 3096; x_wconf 91' lang='lat' dir='ltr'><strong>et</strong></span> <span class='ocrx_word' id='word_1_229' title='bbox 895 3040 1008 3096; x_wconf 89' lang='lat' dir='ltr'><strong>teneor</strong></span> <span class='ocrx_word' id='word_1_230' title='bbox 1029 3030 1173 3096; x_wconf 90' lang='lat' dir='ltr'><strong>desdicts</strong></span> <span class='ocrx_word' id='word_1_231' title='bbox 1196 3031 1319 3107; x_wconf 80' lang='lat' dir='ltr'><strong>lettres,</strong></span> <span class='ocrx_word' id='word_1_232' title='bbox 1336 3033 1363 3100; x_wconf 93' lang='lat' dir='ltr'><strong>si</strong></span> 
     </span>
     <span class='ocr_line' id='line_1_27' title="bbox 280 3127 1364 3210; baseline 0.003 -18"><span class='ocrx_word' id='word_1_233' title='bbox 280 3137 375 3194; x_wconf 87' lang='lat' dir='ltr'><strong>auant</strong></span> <span class='ocrx_word' id='word_1_234' title='bbox 397 3127 489 3208; x_wconf 85' lang='lat' dir='ltr'><strong>qu&#39;ila</strong></span> <span class='ocrx_word' id='word_1_235' title='bbox 512 3145 553 3194; x_wconf 89' lang='lat' dir='ltr'><strong>en</strong></span> <span class='ocrx_word' id='word_1_236' title='bbox 576 3138 669 3210; x_wconf 83' lang='lat' dir='ltr'><strong>ayent</strong></span> <span class='ocrx_word' id='word_1_237' title='bbox 690 3129 861 3194; x_wconf 88' lang='lat' dir='ltr'><strong>deuement</strong></span> <span class='ocrx_word' id='word_1_238' title='bbox 884 3129 958 3210; x_wconf 78' lang='lat' dir='ltr'><strong>iouy</strong></span> <span class='ocrx_word' id='word_1_239' title='bbox 980 3138 1012 3194; x_wconf 91' lang='lat' dir='ltr'><strong>et</strong></span> <span class='ocrx_word' id='word_1_240' title='bbox 1026 3127 1094 3194; x_wconf 76' lang='lat' dir='ltr'><strong>use.</strong></span> <span class='ocrx_word' id='word_1_241' title='bbox 1112 3129 1143 3193; x_wconf 90' lang='lat' dir='ltr'><strong>Si</strong></span> <span class='ocrx_word' id='word_1_242' title='bbox 1160 3130 1309 3196; x_wconf 92' lang='lat' dir='ltr'><strong>donnons</strong></span> <span class='ocrx_word' id='word_1_243' title='bbox 1324 3148 1364 3196; x_wconf 91' lang='lat' dir='ltr'><strong>eu</strong></span> 
     </span>
     <span class='ocr_line' id='line_1_28' title="bbox 281 3225 1364 3310; baseline 0.004 -18"><span class='ocrx_word' id='word_1_244' title='bbox 281 3225 485 3294; x_wconf 81' lang='lat' dir='ltr'><strong>mandentem</strong></span> <span class='ocrx_word' id='word_1_245' title='bbox 499 3228 643 3294; x_wconf 87' lang='lat' dir='ltr'><strong>auediots</strong></span> <span class='ocrx_word' id='word_1_246' title='bbox 659 3226 858 3294; x_wconf 84' lang='lat' dir='ltr'><strong>Chaneellier</strong></span> <span class='ocrx_word' id='word_1_247' title='bbox 874 3236 905 3292; x_wconf 92' lang='lat' dir='ltr'><strong>et</strong></span> <span class='ocrx_word' id='word_1_248' title='bbox 919 3244 1000 3309; x_wconf 80' lang='lat' dir='ltr'><strong>gens</strong></span> <span class='ocrx_word' id='word_1_249' title='bbox 1015 3229 1055 3292; x_wconf 89' lang='lat' dir='ltr'><strong>de</strong></span> <span class='ocrx_word' id='word_1_250' title='bbox 1074 3227 1251 3294; x_wconf 88' lang='lat' dir='ltr'><strong>nostrediet</strong></span> <span class='ocrx_word' id='word_1_251' title='bbox 1273 3230 1364 3310; x_wconf 81' lang='lat' dir='ltr'><strong>priue</strong></span> 
     </span>
     <span class='ocr_line' id='line_1_29' title="bbox 281 3325 1361 3408; baseline 0.002 -16"><span class='ocrx_word' id='word_1_252' title='bbox 281 3325 421 3403; x_wconf 87' lang='lat' dir='ltr'><strong>Couseil,</strong></span> <span class='ocrx_word' id='word_1_253' title='bbox 437 3325 605 3392; x_wconf 86' lang='lat' dir='ltr'><strong>President</strong></span> <span class='ocrx_word' id='word_1_254' title='bbox 617 3334 649 3392; x_wconf 90' lang='lat' dir='ltr'><strong>et</strong></span> <span class='ocrx_word' id='word_1_255' title='bbox 660 3343 739 3408; x_wconf 81' lang='lat' dir='ltr'><strong>gens</strong></span> <span class='ocrx_word' id='word_1_256' title='bbox 751 3325 791 3392; x_wconf 92' lang='lat' dir='ltr'><strong>de</strong></span> <span class='ocrx_word' id='word_1_257' title='bbox 805 3335 914 3392; x_wconf 88' lang='lat' dir='ltr'><strong>nostre</strong></span> <span class='ocrx_word' id='word_1_258' title='bbox 930 3327 1030 3408; x_wconf 80' lang='lat' dir='ltr'><strong>grand</strong></span> <span class='ocrx_word' id='word_1_259' title='bbox 1047 3327 1168 3392; x_wconf 91' lang='lat' dir='ltr'><strong>oonseil</strong></span> <span class='ocrx_word' id='word_1_260' title='bbox 1185 3326 1203 3392; x_wconf 78' lang='lat' dir='ltr'><strong>a</strong></span> <span class='ocrx_word' id='word_1_261' title='bbox 1218 3327 1361 3404; x_wconf 84' lang='lat' dir='ltr'><strong>ltalines,</strong></span> 
     </span>
     <span class='ocr_line' id='line_1_30' title="bbox 280 3423 1364 3507; baseline 0.006 -19"><span class='ocrx_word' id='word_1_262' title='bbox 280 3423 482 3491; x_wconf 86' lang='lat' dir='ltr'><strong>chaneellier</strong></span> <span class='ocrx_word' id='word_1_263' title='bbox 497 3435 623 3507; x_wconf 80' lang='lat' dir='ltr'><strong>ergene</strong></span> <span class='ocrx_word' id='word_1_264' title='bbox 638 3425 678 3491; x_wconf 88' lang='lat' dir='ltr'><strong>de</strong></span> <span class='ocrx_word' id='word_1_265' title='bbox 695 3434 805 3492; x_wconf 90' lang='lat' dir='ltr'><strong>nostre</strong></span> <span class='ocrx_word' id='word_1_266' title='bbox 820 3425 943 3491; x_wconf 89' lang='lat' dir='ltr'><strong>eonseil</strong></span> <span class='ocrx_word' id='word_1_267' title='bbox 966 3442 1006 3490; x_wconf 89' lang='lat' dir='ltr'><strong>en</strong></span> <span class='ocrx_word' id='word_1_268' title='bbox 1030 3425 1178 3502; x_wconf 83' lang='lat' dir='ltr'><strong>Brabont,</strong></span> <span class='ocrx_word' id='word_1_269' title='bbox 1197 3427 1364 3494; x_wconf 71' lang='lat' dir='ltr'><strong>president</strong></span> 
     </span>
     <span class='ocr_line' id='line_1_31' title="bbox 281 3523 1363 3604; baseline 0.004 -16"><span class='ocrx_word' id='word_1_270' title='bbox 281 3532 312 3588; x_wconf 90' lang='lat' dir='ltr'><strong>et</strong></span> <span class='ocrx_word' id='word_1_271' title='bbox 334 3540 415 3604; x_wconf 80' lang='lat' dir='ltr'><strong>gens</strong></span> <span class='ocrx_word' id='word_1_272' title='bbox 437 3523 477 3589; x_wconf 93' lang='lat' dir='ltr'><strong>de</strong></span> <span class='ocrx_word' id='word_1_273' title='bbox 501 3531 611 3589; x_wconf 89' lang='lat' dir='ltr'><strong>nostre</strong></span> <span class='ocrx_word' id='word_1_274' title='bbox 633 3523 785 3590; x_wconf 77' lang='lat' dir='ltr'><strong>chambre</strong></span> <span class='ocrx_word' id='word_1_275' title='bbox 807 3524 848 3590; x_wconf 87' lang='lat' dir='ltr'><strong>de</strong></span> <span class='ocrx_word' id='word_1_276' title='bbox 866 3524 987 3590; x_wconf 88' lang='lat' dir='ltr'><strong>eonseil</strong></span> <span class='ocrx_word' id='word_1_277' title='bbox 1003 3539 1043 3589; x_wconf 93' lang='lat' dir='ltr'><strong>en</strong></span> <span class='ocrx_word' id='word_1_278' title='bbox 1060 3523 1225 3602; x_wconf 85' lang='lat' dir='ltr'><strong>Flandres,</strong></span> <span class='ocrx_word' id='word_1_279' title='bbox 1242 3525 1363 3592; x_wconf 85' lang='lat' dir='ltr'><strong>Grand-</strong></span> 
     </span>
     <span class='ocr_line' id='line_1_32' title="bbox 280 3622 1363 3706; baseline 0.005 -18"><span class='ocrx_word' id='word_1_280' title='bbox 280 3622 376 3705; x_wconf 80' lang='lat' dir='ltr'><strong>bailly</strong></span> <span class='ocrx_word' id='word_1_281' title='bbox 405 3623 446 3689; x_wconf 91' lang='lat' dir='ltr'><strong>de</strong></span> <span class='ocrx_word' id='word_1_282' title='bbox 477 3623 641 3704; x_wconf 80' lang='lat' dir='ltr'><strong>llaynnau,</strong></span> <span class='ocrx_word' id='word_1_283' title='bbox 672 3632 704 3688; x_wconf 91' lang='lat' dir='ltr'><strong>et</strong></span> <span class='ocrx_word' id='word_1_284' title='bbox 732 3640 812 3705; x_wconf 73' lang='lat' dir='ltr'><strong>gens</strong></span> <span class='ocrx_word' id='word_1_285' title='bbox 840 3625 880 3690; x_wconf 90' lang='lat' dir='ltr'><strong>de</strong></span> <span class='ocrx_word' id='word_1_286' title='bbox 908 3631 1019 3690; x_wconf 84' lang='lat' dir='ltr'><strong>nostre</strong></span> <span class='ocrx_word' id='word_1_287' title='bbox 1049 3624 1172 3690; x_wconf 87' lang='lat' dir='ltr'><strong>eonseil</strong></span> <span class='ocrx_word' id='word_1_288' title='bbox 1208 3625 1226 3690; x_wconf 79' lang='lat' dir='ltr'><strong>d</strong></span> <span class='ocrx_word' id='word_1_289' title='bbox 1259 3626 1363 3706; x_wconf 83' lang='lat' dir='ltr'><strong>lions,</strong></span> 
     </span>
     <span class='ocr_line' id='line_1_33' title="bbox 282 3721 1363 3804; baseline 0.005 -18"><span class='ocrx_word' id='word_1_290' title='bbox 282 3721 482 3800; x_wconf 87' lang='lat' dir='ltr'><strong>Lieuteuant,</strong></span> <span class='ocrx_word' id='word_1_291' title='bbox 507 3721 676 3788; x_wconf 86' lang='lat' dir='ltr'><strong>President</strong></span> <span class='ocrx_word' id='word_1_292' title='bbox 698 3731 729 3787; x_wconf 90' lang='lat' dir='ltr'><strong>et</strong></span> <span class='ocrx_word' id='word_1_293' title='bbox 751 3739 831 3804; x_wconf 82' lang='lat' dir='ltr'><strong>gens</strong></span> <span class='ocrx_word' id='word_1_294' title='bbox 854 3723 893 3788; x_wconf 90' lang='lat' dir='ltr'><strong>de</strong></span> <span class='ocrx_word' id='word_1_295' title='bbox 917 3733 1026 3788; x_wconf 89' lang='lat' dir='ltr'><strong>nostre</strong></span> <span class='ocrx_word' id='word_1_296' title='bbox 1048 3723 1171 3789; x_wconf 88' lang='lat' dir='ltr'><strong>conseil</strong></span> <span class='ocrx_word' id='word_1_297' title='bbox 1194 3723 1363 3804; x_wconf 74' lang='lat' dir='ltr'><strong>dilemur,</strong></span> 
     </span>
     <span class='ocr_line' id='line_1_34' title="bbox 280 3818 1366 3897; baseline 0.006 -13"><span class='ocrx_word' id='word_1_298' title='bbox 280 3818 467 3886; x_wconf 77' lang='lat' dir='ltr'><strong>Esooutette</strong></span> <span class='ocrx_word' id='word_1_299' title='bbox 494 3819 535 3886; x_wconf 89' lang='lat' dir='ltr'><strong>de</strong></span> <span class='ocrx_word' id='word_1_300' title='bbox 561 3819 706 3897; x_wconf 81' lang='lat' dir='ltr'><strong>Melinos,</strong></span> <span class='ocrx_word' id='word_1_301' title='bbox 730 3829 762 3886; x_wconf 93' lang='lat' dir='ltr'><strong>et</strong></span> <span class='ocrx_word' id='word_1_302' title='bbox 787 3819 805 3884; x_wconf 80' lang='lat' dir='ltr'><strong>a</strong></span> <span class='ocrx_word' id='word_1_303' title='bbox 831 3829 904 3886; x_wconf 80' lang='lat' dir='ltr'><strong>tour</strong></span> <span class='ocrx_word' id='word_1_304' title='bbox 931 3839 989 3886; x_wconf 81' lang='lat' dir='ltr'><strong>noa</strong></span> <span class='ocrx_word' id='word_1_305' title='bbox 1012 3831 1120 3887; x_wconf 81' lang='lat' dir='ltr'><strong>autres</strong></span> <span class='ocrx_word' id='word_1_306' title='bbox 1147 3822 1309 3888; x_wconf 80' lang='lat' dir='ltr'><strong>iusticiers</strong></span> <span class='ocrx_word' id='word_1_307' title='bbox 1335 3836 1366 3891; x_wconf 91' lang='lat' dir='ltr'><strong>et</strong></span> 
     </span>
     <span class='ocr_line' id='line_1_35' title="bbox 279 3917 1365 4000; baseline 0.006 -17"><span class='ocrx_word' id='word_1_308' title='bbox 279 3917 433 3991; x_wconf 83' lang='lat' dir='ltr'><strong>officiens,</strong></span> <span class='ocrx_word' id='word_1_309' title='bbox 462 3919 515 3999; x_wconf 85' lang='lat' dir='ltr'><strong>qui</strong></span> <span class='ocrx_word' id='word_1_310' title='bbox 546 3935 584 3984; x_wconf 92' lang='lat' dir='ltr'><strong>oe</strong></span> <span class='ocrx_word' id='word_1_311' title='bbox 613 3919 797 4000; x_wconf 81' lang='lat' dir='ltr'><strong>regardera,</strong></span> <span class='ocrx_word' id='word_1_312' title='bbox 824 3918 912 3984; x_wconf 90' lang='lat' dir='ltr'><strong>leurs</strong></span> <span class='ocrx_word' id='word_1_313' title='bbox 943 3919 1134 3999; x_wconf 81' lang='lat' dir='ltr'><strong>lieutenans</strong></span> <span class='ocrx_word' id='word_1_314' title='bbox 1163 3931 1195 3986; x_wconf 92' lang='lat' dir='ltr'><strong>et</strong></span> <span class='ocrx_word' id='word_1_315' title='bbox 1224 3921 1365 3988; x_wconf 88' lang='lat' dir='ltr'><strong>ehaseun</strong></span> 
     </span>
     <span class='ocr_line' id='line_1_36' title="bbox 280 4015 1365 4102; baseline 0.008 -23"><span class='ocrx_word' id='word_1_316' title='bbox 280 4015 370 4080; x_wconf 86' lang='lat' dir='ltr'><strong>d’eun</strong></span> <span class='ocrx_word' id='word_1_317' title='bbox 394 4015 540 4082; x_wconf 86' lang='lat' dir='ltr'><strong>endroiet</strong></span> <span class='ocrx_word' id='word_1_318' title='bbox 564 4033 621 4099; x_wconf 72' lang='lat' dir='ltr'><strong>sou</strong></span> <span class='ocrx_word' id='word_1_319' title='bbox 643 4027 675 4081; x_wconf 92' lang='lat' dir='ltr'><strong>et</strong></span> <span class='ocrx_word' id='word_1_320' title='bbox 698 4017 726 4082; x_wconf 90' lang='lat' dir='ltr'><strong>si</strong></span> <span class='ocrx_word' id='word_1_321' title='bbox 749 4033 873 4082; x_wconf 82' lang='lat' dir='ltr'><strong>comme</strong></span> <span class='ocrx_word' id='word_1_322' title='bbox 894 4017 980 4100; x_wconf 78' lang='lat' dir='ltr'><strong>aluy</strong></span> <span class='ocrx_word' id='word_1_323' title='bbox 996 4019 1232 4100; x_wconf 87' lang='lat' dir='ltr'><strong>appartiendra,</strong></span> <span class='ocrx_word' id='word_1_324' title='bbox 1249 4039 1311 4102; x_wconf 83' lang='lat' dir='ltr'><strong>que</strong></span> <span class='ocrx_word' id='word_1_325' title='bbox 1326 4023 1365 4088; x_wconf 93' lang='lat' dir='ltr'><strong>de</strong></span> 
     </span>
     <span class='ocr_line' id='line_1_37' title="bbox 281 4117 1362 4203; baseline 0.004 -21"><span class='ocrx_word' id='word_1_326' title='bbox 281 4123 371 4182; x_wconf 84' lang='lat' dir='ltr'><strong>oeste</strong></span> <span class='ocrx_word' id='word_1_327' title='bbox 407 4124 518 4182; x_wconf 90' lang='lat' dir='ltr'><strong>nostre</strong></span> <span class='ocrx_word' id='word_1_328' title='bbox 555 4125 704 4196; x_wconf 86' lang='lat' dir='ltr'><strong>presente</strong></span> <span class='ocrx_word' id='word_1_329' title='bbox 738 4133 843 4198; x_wconf 83' lang='lat' dir='ltr'><strong>grace,</strong></span> <span class='ocrx_word' id='word_1_330' title='bbox 876 4117 1109 4192; x_wconf 85' lang='lat' dir='ltr'><strong>oondrrnation,</strong></span> <span class='ocrx_word' id='word_1_331' title='bbox 1141 4121 1362 4203; x_wconf 77' lang='lat' dir='ltr'><strong>approbation,</strong></span> 
     </span>
    </p>
   </div>
   <div class='ocr_carea' id='block_1_4' title="bbox 0 0 1624 4946">
    <p class='ocr_par' dir='ltr' id='par_1_4' title="bbox 0 0 1624 4946">
     <span class='ocr_line' id='line_1_38' title="bbox 0 0 1624 4946; baseline 0 2"><span class='ocrx_word' id='word_1_332' title='bbox 0 0 1624 4946; x_wconf 95' lang='lat' dir='ltr'><strong> </strong></span> 
     </span>
    </p>
   </div>
  </div>
 </body>
</html>
