3246 4944
747 343 930 412 -lttl-

288 529 429 597 loannes
453 529 590 594 blasscn.
607 527 730 604 Quibus
751 527 1015 594 conclusionibus
1041 526 1155 609 captis,
1174 543 1372 610 supervene-

291 637 365 696 runt
377 627 497 693 domini
509 627 660 693 consoles
673 635 704 693 et
717 627 922 709 magistratus
935 625 1029 708 liuius
1042 626 1150 708 oppidi
1166 625 1376 692 lovaniensis

290 737 321 794 et
336 728 580 795 declaraverunt
606 726 858 792 illustrissimum
882 725 1038 792 Nunnium
1061 725 1273 807 apostolicum
1296 725 1375 790 elias

289 828 392 892 ruisse
406 834 438 892 11
453 843 526 892 esse
546 825 771 907 interpolatum
795 823 958 890 communi
982 824 1122 900 nomine,
1139 823 1288 890 videlieet
1311 833 1374 890 tam

288 925 514 992 Universitalis
539 940 633 1006 quam
658 923 863 1006 magistratus
887 939 944 1004 pro
970 923 1107 1005 negotiis
1131 922 1371 998 nominationis,

286 1024 486 1092 sustinentes
502 1023 623 1090 idcireo
639 1023 787 1090 cumdem
809 1022 903 1088 ctiam
928 1021 1056 1087 nomine
1079 1021 1241 1087 communi
1264 1021 1372 1104 aliquo

287 1123 461 1190 honorario
485 1122 534 1189 vel
559 1121 752 1188 munusculo
768 1120 905 1203 alicujus
922 1131 1028 1210 patere
1042 1121 1091 1186 vel
1109 1121 1213 1202 sciplri
1229 1121 1371 1202 argentei

287 1239 345 1303 pro
369 1221 454 1288 lideli
478 1239 535 1288 sua
559 1238 656 1302 opera
680 1229 711 1286 11
736 1220 868 1298 auxilio,
887 1221 970 1302 quod
998 1221 1029 1284 in
1055 1220 1115 1286 bac
1142 1237 1176 1286 re
1203 1219 1371 1302 praestitit,

286 1337 360 1388 esse
383 1321 598 1386 salutandum.
615 1322 719 1401 Super
743 1337 806 1402 quo
829 1319 988 1386 conclusit
1012 1319 1199 1402 magnificus
1221 1319 1371 1384 dominus

284 1419 403 1486 llector
419 1419 665 1486 Universitatem
683 1418 922 1484 convocandam
939 1434 1025 1484 esse.

329 1641 342 1680 u
362 1618 480 1683 Eodem
504 1617 556 1683 die
575 1625 647 1699 post
664 1615 841 1693 meridiem,
860 1615 978 1682 indicta
996 1615 1052 1681 luit
1068 1616 1275 1700 congregatio
1292 1617 1369 1682 Uni-

284 1717 419 1784 versitas
430 1715 490 1781 sub
502 1714 694 1798 juramento.
711 1715 743 1778 ln
760 1732 822 1798 qua
837 1715 997 1780 conclusit
1013 1715 1201 1797 magnillcus
1217 1715 1368 1782 dominus

284 1816 401 1882 ilector
414 1815 540 1895 placere
552 1814 770 1890 Universitati,
786 1823 820 1880 ut
833 1820 963 1894 propter
975 1821 1080 1880 certas
1092 1831 1210 1898 easque
1222 1816 1368 1882 diversas

283 1930 398 1980 causas
413 1921 445 1979 et
460 1911 603 1978 rationes
619 1912 860 1978 illustrissimus
882 1912 1032 1978 dominus
1054 1913 1197 1979 Nunnius
1222 1916 1282 1980 bac
1297 1915 1367 1981 rice

283 2011 444 2079 communi
468 2012 597 2077 nomine
621 2019 684 2077 tam
703 2009 925 2076 Universitatis
941 2027 1034 2094 quam
1051 2012 1255 2095 magistratus
1271 2013 1366 2096 buius

284 2111 394 2193 oppidi
417 2110 627 2176 lovaniensis
650 2110 805 2176 salutetur
837 2110 970 2192 propina
1004 2109 1139 2195 alicuius
1165 2119 1293 2193 paterae
1315 2113 1366 2178 vel

282 2209 386 2292 seipbi
412 2209 555 2291 argentei
582 2208 614 2272 in
644 2209 752 2275 valore
782 2208 841 2271 100
870 2208 1054 2276 dolenorum
1084 2211 1134 2276 rel
1164 2211 1304 2286 circiter,
1326 2228 1366 2278 ex

282 2309 445 2376 communi
459 2307 596 2389 imposta
612 2306 775 2373 solvenda.

324 2479 338 2518 ι
357 2457 414 2524 bie
434 2455 472 2520 l8
495 2455 619 2538 augusti
636 2455 708 2519 enni
727 2455 818 2532 1611,
836 2465 961 2521 servate
978 2455 1035 2522 luit
1049 2456 1213 2539 deputatio
1229 2459 1362 2526 Univer-

279 2555 395 2632 sitatis,
413 2555 444 2618 in
460 2571 521 2638 quo
537 2553 618 2620 lecta
635 2561 684 2620 est
706 2553 842 2635 epistola
865 2553 1151 2622 serenissimorum
1175 2565 1358 2626 nostrorum

279 2654 458 2736 principum
475 2653 596 2720 tenoris
612 2652 776 2736 sequentis
793 2669 802 2717 t
1305 2657 1309 2665 “

320 2824 334 2864 u
353 2803 412 2868 Les
432 2803 635 2873 Ancerouoos.
654 2837 694 2850 -
713 2801 902 2878 Venerable,
919 2803 1008 2869 cbier
1031 2811 1062 2870 11
1083 2804 1157 2872 1111
1173 2821 1253 2872 ame.
1271 2806 1359 2873 Nous

276 2918 358 2966 vous
373 2899 576 2981 depeschous
592 2900 621 2964 la
638 2910 785 2980 presente
802 2917 858 2982 par
873 2917 911 2966 ce
931 2909 1061 2982 porteur
1077 2921 1193 2986 expres
1208 2904 1282 2969 affin
1297 2922 1360 2987 que

277 3017 317 3066 ne
333 2998 434 3064 laillez
456 2999 617 3080 denvoycr
637 2999 686 3080 icy
703 3016 782 3080 pour
798 2999 827 3066 le
840 2999 915 3081 icor
930 3000 970 3066 de
986 3001 1113 3066 demain
1129 3003 1210 3068 deux
1226 3005 1360 3085 deputcz

276 3099 316 3164 de
346 3105 457 3164 nostre
485 3097 550 3163 lille
580 3097 770 3184 lUniversite
799 3099 838 3164 de
867 3099 1010 3165 Louuaiu
1039 3118 1121 3182 poor
1146 3101 1273 3168 allaires
1298 3119 1361 3186 que

277 3197 413 3264 messire
428 3197 599 3278 Engelbert
616 3197 714 3273 llaec,
732 3197 905 3274 chevalier,
923 3198 962 3263 de
978 3208 1088 3264 nostre
1110 3201 1233 3268 conseil
1255 3202 1360 3267 destat

275 3306 307 3362 et
323 3296 487 3379 presidem
502 3296 543 3362 da
558 3303 668 3362 nostre
679 3296 802 3362 conseil
816 3296 916 3378 priva,
931 3298 1000 3363 leur
1015 3298 1178 3367 declarem
1194 3300 1234 3367 de
1251 3309 1361 3368 nostre

276 3403 355 3477 part,
374 3407 405 3462 11
431 3413 471 3478 ny
497 3395 630 3461 veuillez
658 3395 735 3460 laire
758 3395 908 3460 lantrat
927 3399 1191 3475 tantvenerable,
1216 3400 1305 3466 chier
1327 3411 1360 3467 et

274 3495 347 3560 bien
363 3511 445 3571 ame,
464 3501 575 3560 nostre
591 3493 745 3576 Seigncur
764 3511 845 3559 vous
868 3495 911 3559 ait
936 3513 974 3560 en
991 3513 1025 3560 sa
1043 3496 1164 3562 saincte
1186 3499 1295 3580 garde.
1314 3499 1360 3567 lle

272 3593 451 3669 bruxelles,
468 3594 499 3659 le
515 3593 553 3656 ll
570 3591 687 3658 dacust
702 3591 794 3655 1615.
813 3593 859 3656 bla
876 3596 914 3656 vl.
932 3593 1104 3676 Soubcipnc
1120 3615 1130 3662 .·
1147 3595 1357 3679 1111111111.

272 3696 318 3760 Lo
332 3693 574 3777 superscriptione
589 3698 635 3755 111
652 3691 720 3754 telle
739 3693 789 3755 :ll
806 3692 976 3758 venerable
993 3704 1104 3760 nostre
1125 3695 1215 3761 cbier
1233 3706 1264 3762 et
1287 3698 1358 3764 bien

272 3808 343 3856 ame
358 3793 388 3858 le
404 3793 542 3858 Recteur
557 3791 597 3855 de
613 3799 724 3854 nostre
741 3787 806 3854 lrllc
822 3788 1016 3856 lUniversite
1032 3792 1071 3857 de
1088 3793 1241 3859 Lcurain.
1261 3817 1274 3856 1

314 3941 414 4013 «Qua
450 3938 531 4004 lecta
562 3943 593 4004 et
623 3937 654 4000 in
691 3935 896 4002 dominorum
926 3937 1211 4006 deliberationibus
1241 3941 1355 4024 posita,

271 4035 430 4101 conclusit
452 4035 641 4118 magnificus
664 4034 815 4100 dominus
841 4034 959 4101 Rector
983 4035 1099 4102 dictam
1125 4039 1292 4120 epistolam
1316 4042 1353 4106 ad

272 4132 514 4200 lJnirersitatem
531 4149 605 4198 esse
621 4132 834 4198 relerendam.
