3100 4942
720 392 904 460 448-

267 577 425 643 cbialibus
455 575 604 658 ecclesiis
632 577 713 642 vltra
740 575 906 658 portiones
937 574 1121 640 lruinsmodi
1147 585 1243 656 atoue
1271 574 1357 640 alias

267 676 365 742 licitis
381 677 487 741 modis
501 675 717 758 acquirendis,
736 683 844 754 preter
858 684 889 739 ct
905 674 1027 756 absque
1043 675 1108 740 boc
1123 675 1208 755 quod
1230 673 1352 757 aliquid

268 774 445 856 percipiant
466 775 507 840 dc
522 775 633 840 decem
657 783 688 838 et
703 784 779 840 octo
800 773 1046 839 canonicatuum
1070 781 1101 838 et
1117 773 1353 855 prebendarum

267 863 483 956 predictorum
514 873 672 938 liuutibus
701 871 881 938 redditibus
907 881 938 937 ct
969 871 1180 953 prouentibns
1208 871 1352 938 conteuti

267 977 396 1038 monere
411 973 561 1046 debeant,
578 988 616 1037 ac
630 971 712 1036 intra
735 979 766 1036 et
781 981 870 1037 extra
886 972 1040 1052 prelatum
1064 971 1234 1037 ecclesiam
1249 970 1352 1036 sancti

265 1073 351 1138 Petri
367 1089 440 1137 curn
457 1072 564 1137 babitu
582 1079 614 1136 et
630 1069 798 1151 religione,
816 1085 852 1134 ac
868 1071 940 1135 sine
957 1069 1021 1135 illis
1043 1069 1206 1145 incedere,
1225 1083 1352 1134 necnon

265 1172 394 1236 stallum
410 1171 442 1234 in
458 1171 572 1246 oborn,
590 1169 760 1250 locumque
779 1178 812 1234 et
826 1185 939 1234 vocem
963 1169 995 1232 in
1011 1168 1151 1250 capitulo
1168 1168 1298 1244 babere,
1315 1183 1355 1232 ac

265 1270 443 1354 priuilegijs
466 1270 644 1336 bonoribus
666 1268 868 1335 liberioribus
891 1268 1146 1340 immunitatibus
1168 1278 1200 1334 et
1220 1267 1354 1332 indultis

263 1369 460 1452 quibuslibet
478 1368 509 1432 in
532 1367 683 1432 omnibus
699 1377 730 1432 et
752 1366 889 1449 singuiis
907 1367 974 1447 pari
997 1367 1093 1432 modo
1115 1367 1238 1448 absque
1259 1365 1351 1431 dille·

264 1469 372 1533 rencia
398 1483 599 1549 quacumque
626 1465 670 1531 vti
697 1466 757 1530 lrni
785 1476 816 1530 et
841 1466 983 1547 gaudere
1012 1465 1137 1545 possint
1161 1475 1193 1531 et
1214 1465 1352 1530 debeant

264 1567 357 1632 sicuti
382 1583 520 1647 persone
542 1566 683 1645 prelatos
707 1565 819 1630 decem
841 1573 872 1630 et
894 1575 967 1630 octo
991 1565 1200 1630 canonicatus
1222 1573 1255 1629 et
1276 1580 1348 1646 pre·

264 1665 385 1730 bendas
411 1665 595 1730 obtinentes
622 1681 680 1745 pro
708 1666 852 1744 tempore
877 1663 973 1729 solite
998 1663 1128 1729 inerunt
1153 1673 1184 1728 et
1210 1663 1352 1728 existunt

264 1764 414 1829 incedere
426 1773 457 1828 et
470 1763 597 1836 habere,
611 1779 648 1826 ac
661 1763 703 1828 vti
718 1763 777 1827 irui
793 1771 824 1827 et
836 1761 988 1844 gaudere,
1001 1779 1040 1826 ac
1052 1762 1138 1843 quod
1151 1762 1189 1826 ad
1203 1761 1350 1842 singulos

263 1871 390 1928 creatos
417 1873 448 1927 et
474 1862 640 1928 institutos
666 1861 874 1927 canonicatus
900 1869 932 1925 et
958 1860 1138 1942 prebendas
1164 1860 1348 1925 irninsmcdi

264 1961 414 2043 primaria
440 1961 519 2039 vice,
543 1971 575 2027 et
600 1962 715 2028 exinde
738 1961 880 2042 magistri
902 1969 935 2026 et
956 1962 1107 2026 doctores
1133 1959 1294 2025 licenciati
1317 1969 1349 2024 et

263 2060 424 2142 bacallarij
439 2071 472 2125 ut
485 2062 654 2141 prefertur,
669 2077 792 2126 necnon
806 2060 844 2124 ad
859 2071 925 2124 tres
936 2077 974 2126 ex
987 2061 1099 2125 ducem
1116 2069 1147 2126 et
1162 2069 1235 2124 octo
1251 2075 1348 2123 cano·

263 2160 422 2224 nicatibus
444 2168 475 2224 et
497 2159 670 2240 prebendis
691 2159 730 2224 ad
757 2159 958 2224 collationem
987 2159 1204 2240 prouisionem
1232 2157 1345 2222 decani

263 2269 294 2324 et
310 2259 440 2338 capituli
464 2259 661 2339 pertinentes
677 2257 861 2323 huiusmodi
879 2258 1089 2323 canonicatus
1104 2267 1135 2322 et
1151 2257 1345 2338 prebendas,

262 2374 299 2423 ac
314 2359 351 2422 ad
371 2358 547 2436 plebaniarn
565 2357 667 2438 ipsius
682 2357 820 2422 ecclesie
836 2356 938 2422 saneti
956 2356 1037 2422 Petri
1055 2355 1218 2437 perpetuis
1229 2355 1345 2420 tuturis

261 2456 473 2538 temporibus,
492 2457 648 2538 quociens
663 2456 791 2521 illorum
809 2455 992 2521 vacationes
1007 2455 1221 2529 occurrerint,
1239 2455 1345 2520 solum

261 2565 293 2620 et
307 2554 470 2619 dumtaxat
485 2556 518 2618 in
537 2555 710 2636 Tbeologia
733 2555 884 2637 magister
904 2555 954 2620 uel
976 2555 1131 2620 formatus
1153 2554 1345 2618 bucellarius

261 2650 294 2716 in
316 2653 402 2716 dicto
423 2652 534 2717 Studio
557 2653 700 2734 legentes
724 2655 773 2719 uel
799 2662 948 2734 regentes
968 2669 1026 2734 pro
1042 2661 1198 2733 tempore,
1216 2660 1247 2717 et
1264 2651 1344 2716 nulli

260 2749 312 2831 aiij
336 2767 392 2830 per
407 2752 676 2833 Burgirnagistrcs
698 2753 784 2834 opidi
808 2753 955 2834 predicti,
973 2762 1005 2818 et
1026 2751 1059 2815 in
1083 2751 1228 2833 plebania
1250 2751 1343 2816 cuius

259 2850 370 2931 viginti
382 2859 468 2926 octo,
483 2867 520 2916 ec
535 2852 638 2917 tribus
654 2869 692 2918 ex
708 2853 818 2918 decem
834 2862 865 2918 et
880 2861 954 2918 octo
969 2852 1213 2917 canonicatibus
1228 2861 1259 2916 et
1273 2867 1344 2932 pre·

258 2949 373 3015 bendis
396 2949 561 3029 predictis,
582 2967 717 3032 quorum
740 2952 941 3034 singulorum
963 2951 1115 3018 tredecim
1140 2950 1343 3015 marcharum

256 3047 379 3128 argenti
404 3047 548 3113 redditus
571 3047 695 3114 fructus
716 3057 744 3115 el
771 3059 947 3129 prouentus
962 3049 1142 3114 secundum
1163 3047 1343 3113 extimatio-

257 3161 329 3210 nem
347 3144 520 3225 predictam
539 3146 679 3212 valorem
696 3163 834 3212 annuum
854 3163 915 3212 non
932 3147 1093 3213 excedunt
1114 3163 1171 3228 per
1186 3146 1342 3212 decanum

233 3285 236 3292 -
255 3252 288 3308 et
307 3243 480 3322 capitulum
501 3244 640 3310 ecclesie
661 3245 763 3310 sancti
781 3245 864 3310 Petri
881 3245 912 3308 in
929 3245 1067 3326 singulis
1082 3261 1211 3326 quoqne
1225 3243 1344 3310 crealis

255 3349 287 3406 et
303 3341 460 3406 institutis
475 3343 719 3408 canonicatibus
731 3351 762 3408 et
775 3343 949 3423 prebendis
963 3343 1146 3408 huiusmodi
1160 3359 1217 3424 per
1231 3389 1239 3406 .
1255 3391 1263 3406 .
1278 3343 1342 3406 Ab·

256 3439 358 3504 batem
369 3439 583 3506 parchensem
599 3441 786 3506 leodiensis
798 3442 940 3507 diocesis
954 3442 1005 3507 nel
1016 3441 1217 3522 Propositum
1230 3451 1343 3507 sancte

254 3536 422 3602 Gertrudis
436 3539 522 3620 opidi
537 3540 670 3620 predicti
685 3541 946 3622 perprepositum
958 3541 1130 3622 gubernari
1144 3540 1232 3606 soliti
1245 3540 1343 3606 dilec-

254 3645 305 3700 tos
322 3635 405 3701 lilios
421 3637 492 3702 sine
508 3639 645 3704 eundem
663 3639 823 3705 Decanum
840 3639 878 3704 ad
895 3657 988 3721 quem
1006 3640 1100 3706 inerit
1117 3655 1176 3720 pro
1197 3649 1342 3721 tempore

253 3733 381 3800 babitus
403 3752 566 3814 recursus,
585 3738 791 3819 presentaudi
807 3747 840 3803 vt
864 3740 1023 3819 prefertur
1045 3739 1169 3804 tociens
1191 3739 1343 3820 quotiens

252 3831 437 3909 institoi,ac
449 3835 480 3898 in
493 3837 695 3918 corporalem
709 3837 796 3901 illins
809 3853 866 3902 seu
883 3837 1011 3902 illorum
1024 3836 1063 3901 ad
1076 3853 1171 3918 quem
1188 3854 1245 3902 seu
1258 3854 1343 3920 qnos

253 3932 524 4026 presentabuutnr
547 3952 604 4016 pro
627 3941 783 4016 tempore,
804 3935 990 4016 juriumqne
1016 3945 1047 4000 et
1075 3935 1341 4015 pertinentiarum

249 4029 393 4094 omniurn
406 4047 538 4098 suorum
552 4033 704 4100 induciet
717 4034 881 4100 inductum
894 4033 1024 4099 delendi
1036 4034 1153 4100 amotis
1165 4049 1204 4100 ex
1217 4035 1269 4098 illa
1281 4051 1342 4101 seu

249 4127 315 4192 illis
332 4127 453 4195 illicitis
469 4131 690 4199 detentoribus
706 4133 976 4214 quibuscumque,
992 4147 1030 4198 ac
1047 4133 1283 4214 presentandos
1299 4134 1342 4198 ad
