3236 4944
717 405 900 474 -lra-

264 595 482 669 contemplum
507 597 652 656 nostrum
677 598 707 656 et
731 589 996 672 predecessorum
1022 595 1205 654 nostrorum
1228 583 1347 652 antela-

264 695 369 752 turum
382 688 526 770 jndebite
542 689 667 754 deletos
685 699 717 754 et
732 699 915 765 reuocatos,
928 687 1047 769 jterum
1064 687 1123 768 slbj
1141 685 1207 767 darj
1232 703 1269 750 ac
1293 702 1349 766 per

263 788 395 850 eandem
413 788 525 854 sedem
542 789 687 870 deputarj
705 798 964 861 coacervantes,
982 787 1078 867 velulj
1097 789 1187 866 prius
1211 787 1345 850 fuerant.

263 885 387 950 Dabunt
418 886 553 968 jnsuper
583 886 678 968 ijdem
709 887 929 967 supplicantes
959 903 996 950 ac
1025 884 1222 966 deputabunt
1251 900 1344 966 quam

263 985 397 1065 primum
420 986 663 1069 commissarios
679 1003 767 1064 suos,
784 985 836 1066 quj
861 1003 995 1050 unacum
1022 984 1152 1062 nostris,
1170 984 1291 1047 abusus
1313 991 1346 1047 et

260 1101 389 1152 errores
415 1102 526 1151 eorum
553 1095 585 1150 et
611 1103 669 1150 sue
695 1087 784 1150 curie
811 1084 1097 1151 conseruatorialis
1122 1083 1284 1164 corrigent
1313 1091 1344 1148 et

260 1183 489 1260 emendabunl;
506 1200 641 1266 quorum
659 1185 916 1250 reformationem
931 1183 991 1248 sub
1005 1201 1083 1265 pena
1098 1191 1237 1264 pretaeta
1250 1182 1343 1246 babe-

259 1281 337 1346 bunt
359 1282 521 1348 debebunt
543 1292 575 1347 ut
598 1284 791 1348 tenebuntur
813 1283 972 1364 ampleetJ.
994 1282 1116 1346 llubun't
1137 1282 1231 1346 eliam
1250 1281 1343 1346 nobis

259 1381 409 1446 antedicti
424 1383 642 1462 supplicantes
659 1383 769 1448 literas
782 1400 858 1447 suas
875 1383 1107 1462 premissorum
1125 1381 1342 1446 faciendorum

259 1479 467 1561 obligatorias
490 1491 520 1545 et
545 1481 784 1561 promissorias,
802 1481 919 1562 quibus
943 1479 1156 1545 mediantibus
1180 1480 1341 1560 permitte·

260 1595 330 1644 mus
353 1597 410 1644 eos
432 1579 516 1643 dicta
540 1595 597 1644 sua
622 1581 862 1644 conseruatorla
885 1595 922 1643 ae
940 1578 1029 1660 jllius
1045 1577 1217 1652 exercicio,
1235 1578 1294 1641 rite
1311 1586 1342 1642 ct

258 1676 363 1744 debite
378 1677 432 1758 vlj‚
448 1695 510 1743 rron
527 1679 675 1744 obstante
689 1677 829 1760 general]
847 1678 1062 1758 suspensione
1078 1693 1342 1758 quarumcunque

256 1777 571 1844 conseruatcrlarum
587 1795 644 1859 per
660 1778 785 1858 singula
802 1777 943 1841 dominia
967 1788 1075 1842 nostra
1100 1777 1179 1840 alias
1203 1795 1259 1858 per
1283 1793 1341 1842 nos

256 1875 1338 1958 lactadcturnBruxellediedeuinraseptimauouembrlsauuoxvt.

254 1975 475 2056 subscriptum
495 1993 502 2038 :
520 1977 561 2040 du
579 1977 694 2040 Blioul.
717 1999 730 2036 o

571 2119 639 2172 Acta
658 2118 856 2178 Ualen-sitatis.
873 2115 905 2180 V,
923 2117 971 2172 l'ol.
989 2117 1075 2186 lxxxij
1090 2125 1117 2171 r⁰
1131 2135 1188 2174 arv.

294 2287 333 2352 ab
348 2287 508 2352 nouunbre
525 2287 614 2352 labb.
630 2289 779 2354 lleetural
793 2288 943 2354 d’bdrien
960 2288 1111 2356 Florentii
1128 2288 1258 2369 (Adrien
1275 2288 1334 2366 Vll.

295 2469 348 2532 bie
363 2469 485 2549 sabbalj
503 2469 596 2552 xxviij
614 2473 735 2536 mensis
753 2471 937 2536 nouembrls
950 2471 1072 2552 indicta
1089 2469 1146 2534 luit
1161 2485 1334 2552 congrega-

251 2567 295 2630 tio
318 2568 538 2632 vniuersltatis
558 2569 640 2649 apud
660 2569 882 2635 Predicatores
896 2571 981 2650 inter
998 2585 1114 2632 nonam
1130 2576 1162 2632 el
1177 2568 1333 2634 decimam

251 2663 348 2730 boras
363 2675 436 2731 ante
452 2667 618 2733 meridiem
635 2685 733 2748 super
749 2667 811 2750 bijs
828 2667 983 2733 articulis.

293 2863 429 2942 lusuper
444 2863 586 2929 narrauit
601 2866 751 2930 dominus
769 2876 876 2932 rector
891 2865 1026 2946 qualiter
1041 2865 1120 2928 alias
1136 2883 1174 2930 eo
1197 2881 1332 2930 unacum

250 2964 347 3027 certis
370 2961 530 3042 deputatis
551 2964 771 3030 uniuersitatis
795 2965 942 3030 Bruxelle
960 2964 1172 3029 existentibus
1187 2963 1225 3028 ad
1242 2964 1331 3028 solli-

249 3061 407 3124 citandam
425 3069 455 3125 el
469 3061 673 3126 obtinendam
700 3063 925 3128 relaxationem
949 3063 1174 3142 suspensionis
1197 3079 1330 3128 conser-

250 3159 1329 3228 uutorievnluersitalisaccesseruntReuereudissianumduminum

248 3259 461 3334 bisuntinum,
476 3267 591 3340 etpost
605 3261 731 3342 longam
745 3262 973 3326 conlereutlam
986 3278 1057 3325 cum
1071 3277 1128 3324 sua
1142 3260 1330 3340 paternitate

246 3358 385 3422 habitam
402 3359 527 3422 tandem
543 3369 696 3441 concepta
711 3361 767 3424 luit
780 3377 839 3424 vna
852 3361 964 3425 cedula
979 3377 1034 3440 per
1046 3363 1151 3438 ipsum
1163 3358 1327 3423 dominum

245 3467 401 3522 rectorem
426 3467 457 3522 et
479 3458 611 3523 eosdem
635 3460 804 3539 deputatos
827 3470 859 3523 et
879 3458 916 3522 ad
935 3475 1047 3522 manus
1063 3459 1206 3523 eiusdem
1224 3457 1327 3522 Reue-

244 3555 428 3638 rendisslmj
467 3557 587 3622 domini
626 3557 782 3622 bisuntini
822 3559 954 3632 tradita3
990 3557 1025 3636 in
1058 3575 1118 3638 qua
1145 3557 1179 3637 ju
1210 3555 1325 3621 ellectu

242 3656 466 3720 continebatur
478 3657 562 3736 quod
578 3667 685 3721 rector
698 3657 781 3738 jutra
796 3673 937 3722 mensem
955 3669 1142 3738 procuraret
1158 3656 1324 3738 pecuniam

243 3753 358 3833 depuuj
372 3753 407 3833 jn
424 3755 526 3818 baruco
542 3754 636 3820 simul
660 3767 691 3820 et
710 3757 943 3838 instructiones
966 3756 1180 3820 clausularum
1204 3755 1324 3819 dandas

243 3852 355 3916 aruntio
382 3869 439 3932 pro
466 3853 663 3932 expedienda
691 3856 775 3918 bulla
804 3855 1057 3932 conseruatorie,
1081 3855 1116 3936 ju
1142 3871 1203 3936 qua
1230 3855 1323 3919 etiam

239 3950 477 4029 deputabuntur
494 3968 628 4016 vuucum
645 3953 716 4034 alijs
730 3953 940 4018 Reuerendus
954 3963 1043 4034 pater
1055 3955 1204 4018 dominus
1218 3955 1324 4019 Abbas

242 4048 408 4113 l’areensis
434 4059 465 4114 et
492 4051 633 4116 decanus
659 4051 797 4116 ecclesie
825 4053 925 4134 sauclj
952 4054 1034 4135 l’etrj
1061 4055 1267 4119 Louanieusis
1286 4055 1321 4135 jn

240 4147 415 4214 nouissima
432 4148 516 4212 bulla
533 4150 657 4214 omissi.
673 4149 755 4216 llem
772 4153 856 4233 quod
874 4153 900 4217 sl
915 4152 1155 4234 illustrissimus
1171 4153 1320 4222 domiuus
