3100 4942
621 467 807 530 -tet-

154 643 355 710 tuendorum
377 645 516 711 delectui
538 646 576 723 (tl
593 645 700 726 aliquo
724 648 863 715 turbinis
887 649 961 714 tlatu
985 649 1087 716 eciam
1112 665 1150 715 ex
1174 665 1256 731 qua·

153 761 305 824 cumque
330 743 394 810 leui
420 760 517 810 causa
544 756 773 826 prorumpente
802 757 856 812 aut
884 766 984 828 paruo
1014 749 1180 814 familiaris
1206 747 1253 812 rei

156 843 261 908 detri·
279 843 285 923 l
305 853 413 909 manto
427 845 476 909 uel
490 844 551 908 alia
563 846 678 925 queuis
692 849 885 912 necessitate
897 858 1090 914 occurrente
1104 857 1253 928 tauquam

164 941 307 1007 famelici
329 942 568 1024 dispergentur,
585 953 618 1009 et
640 945 761 1010 dictum
785 946 927 1011 studium
950 947 992 1012 ob
1012 963 1118 1014 rerum
1141 963 1255 1012 caren-

156 1040 250 1106 ciam
276 1041 316 1106 ad
341 1043 493 1108 nichilum
516 1043 644 1123 penitus
667 1045 844 1126 redigetur,
868 1063 925 1125 pro
952 1054 1041 1126 purte
1063 1045 1254 1110 dilectorum

165 1139 308 1206 liliorum
326 1141 448 1206 Nobilis
472 1141 531 1206 uiri
556 1142 693 1224 Philippi
711 1144 895 1226 burgundie
917 1153 948 1208 ct
965 1143 1141 1208 Brabancie
1158 1142 1256 1208 bucts

166 1256 207 1304 ac
234 1239 558 1322 Burgimagistrorum
582 1241 795 1308 scabinorum
822 1242 999 1310 Consulum
1023 1252 1055 1308 et
1080 1243 1255 1309 Rectorem

158 1338 262 1418 (lpidi
283 1340 436 1420 illiusque
458 1349 490 1404 et
512 1341 608 1422 studii
633 1342 850 1422 predictorum
867 1342 1117 1407 Vniuersitatum
1135 1341 1141 1419 l
1160 1339 1255 1406 nobis

166 1437 227 1502 luit
252 1438 415 1503 bumilitcr
437 1439 651 1519 supplicatum
675 1450 709 1505 ut
725 1441 764 1504 ad
783 1440 959 1520 proiectum
983 1439 1162 1506 orthodoxe
1180 1437 1254 1504 fidei

157 1546 202 1602 et
215 1537 353 1602 salutem
372 1537 580 1618 plurimorum
599 1540 846 1606 necessitatibus
870 1551 901 1604 et
919 1539 1106 1621 indigentiis
1122 1538 1254 1604 Vniuer-

161 1636 275 1701 sitatis
298 1635 395 1717 studii
419 1635 602 1702 huiusmodi
623 1649 782 1718 oportune
807 1638 980 1719 prouidere
1005 1640 1045 1703 de
1061 1636 1257 1718 benignitate

161 1735 348 1816 apostolica
364 1735 582 1816 dignaremur.

429 1883 590 1941 Concession
610 1892 644 1944 dc
663 1886 691 1942 la
710 1895 812 1952 sedeur
831 1891 992 1944 demandae.

212 2009 280 2074 Nos
299 2008 405 2090 itaque
425 2009 457 2072 in
480 2027 616 2090 quorum
639 2013 787 2076 manibus
803 2010 1005 2076 Vriiuersitas
1028 2009 1124 2090 studii
1147 2007 1258 2074 liuius·

164 2110 257 2174 modi
272 2109 423 2173 omuibus
438 2117 469 2174 et
485 2109 621 2192 singulis
637 2111 709 2192 aliis
724 2127 741 2174 a
759 2112 928 2189 premissis
942 2109 1184 2192 prouisiouibus
1198 2123 1256 2188 pro

169 2207 353 2289 tegentibus
369 2218 401 2272 et
416 2209 600 2290 regentibus
619 2211 624 2292 l
644 2211 675 2272 in
691 2210 777 2274 dieto
798 2211 905 2274 studio
930 2227 986 2290 per
1008 2209 1125 2273 dictam
1149 2207 1258 2272 sedem

163 2317 202 2372 et
217 2306 290 2371 eius
305 2307 494 2372 auctoritate
510 2309 751 2388 quomodolibet
767 2310 965 2376 constitutos
980 2318 1096 2388 sponte
1112 2315 1143 2370 et
1159 2305 1260 2370 tibere

162 2418 353 2479 cesserunt,
371 2407 489 2488 quique
510 2408 692 2474 cessionem
709 2409 891 2476 liuiusmodi
909 2407 1109 2482 admisimus,
1127 2405 1257 2470 modum

161 2514 200 2572 et
214 2506 351 2570 iormam
368 2505 584 2586 deputationis
600 2524 638 2572 ac
656 2525 767 2573 uerum
783 2524 924 2572 antinum
938 2507 1080 2571 ualerem
1093 2521 1166 2570 cum
1179 2519 1257 2585 qua-

166 2604 314 2668 litatibus
330 2604 512 2684 quindecim
529 2606 782 2672 carrionicatuum
798 2615 831 2670 et
848 2605 1081 2687 prebendarum
1099 2602 1258 2684 predicto·

163 2720 239 2768 rum
263 2719 390 2767 acorion
407 2705 616 2770 ecclesiarum
634 2705 666 2768 in
685 2705 803 2786 quibus
820 2703 1035 2768 canonicatus
1051 2711 1082 2768 el
1098 2699 1261 2780 prebende

164 2801 231 2882 ipsi
247 2801 390 2866 existunt
408 2801 414 2882 l
434 2803 561 2867 nomina
577 2819 616 2868 ae
637 2804 664 2868 si
686 2802 839 2884 specifice
863 2802 1068 2884 singulariter
1090 2809 1122 2866 et
1143 2797 1260 2863 indiui-

168 2900 309 2966 dualiter
324 2918 476 2980 expressa
494 2903 596 2967 forent
614 2903 819 2984 presentibus
836 2919 894 2984 pro
910 2901 1074 2982 expressis
1091 2898 1259 2970 babentes,

167 3001 374 3066 attendentes
395 3003 497 3066 eciam
520 3004 606 3085 quod
624 3004 744 3086 prelata
759 3004 857 3068 sedes
873 3021 936 3084 que
952 3001 1095 3068 omnium
1112 2999 1261 3080 spiritua·

165 3100 246 3165 lium
272 3117 379 3164 rerunt
405 3101 539 3181 prouida
562 3102 813 3166 administratrix
837 3101 955 3172 existit.
980 3099 1153 3166 cuiuslibet
1174 3112 1262 3162 com·

174 3199 368 3265 mandabitis
394 3200 535 3280 exercitii
563 3201 823 3266 constantissima
849 3200 987 3266 adiutrix
1013 3215 1088 3264 esse
1114 3197 1209 3261 debet
1232 3203 1263 3259 et

174 3298 344 3376 cupientes
367 3297 485 3364 dictum
502 3299 643 3364 studium
661 3309 695 3364 ut
710 3317 749 3366 ex
765 3299 837 3380 ipso
852 3299 991 3364 ecclesie
1007 3294 1154 3360 militanti
1170 3303 1201 3358 et
1216 3292 1262 3357 rei

176 3396 304 3477 publice
326 3391 540 3462 com‘nioditas
564 3397 665 3479 presi·
683 3397 689 3480 Ι
707 3398 795 3464 dium
818 3408 851 3464 et
873 3398 972 3462 decus
994 3393 1126 3460 assidue
1149 3406 1263 3472 prepa-

171 3506 299 3569 rentur,
327 3505 359 3560 et
385 3495 493 3562 adsint
523 3506 681 3578 tamquam
715 3497 817 3562 firmis
845 3495 998 3560 anchoris
1027 3491 1202 3558 stabilitum
1233 3488 1264 3550 in

172 3593 402 3675 prosperitatis
425 3603 517 3676 portu
541 3596 664 3676 absque
685 3596 800 3661 timore
823 3594 919 3660 luturi
950 3590 1083 3673 periculi
1110 3586 1264 3653 inmobile

174 3707 368 3773 permanere
393 3709 431 3758 ac
457 3694 628 3774 blagistros
656 3695 811 3758 boctores
840 3692 1038 3758 licenciatos
1064 3697 1096 3754 et
1121 3687 1203 3752 alios
1225 3684 1264 3750 ad

169 3791 451 3856 continuationem
472 3805 534 3856 tam
557 3793 727 3858 laudabilis
750 3803 781 3858 et
803 3790 976 3870 necessarii
999 3785 1149 3866 exercicii
1176 3793 1265 3851 tanto

170 3890 316 3970 amplius
336 3889 469 3956 animari
493 3909 556 3974 quo
578 3909 617 3958 ex
633 3893 695 3958 boo
711 3891 830 3957 ibidem
846 3907 904 3974 pro
920 3889 989 3955 suis
1005 3885 1266 3954 incumbentibus

172 3991 410 4070 supportandis
425 4008 483 4072 pro
500 4002 645 4072 tempore
660 4007 737 4056 one·
755 3990 764 4072 l
781 3991 871 4056 ribus
888 3989 950 4054 sibi
973 3987 1140 4054 liberalius
1156 3999 1269 4052 sense·

166 4087 242 4152 ¹rint
264 4090 442 4170 prouideri,
460 4090 646 4156 huiusmodi
661 4089 955 4172 supplicationibus
970 4084 1126 4155 inclinati.
1144 4081 1270 4150 discre-

217 4301 255 4371 ll)
276 4301 297 4355 lt
310 4303 432 4357 faudrait
444 4309 577 4369 desectum
591 4321 626 4358 su
642 4304 698 4359 lieu
712 4304 746 4358 dc
759 4308 885 4368 defectui.
