3222 4944
751 449 932 522 -tol-

299 636 411 705 saitem
443 656 499 718 per
527 637 685 720 integrum
716 639 885 704 triennium
916 639 1038 721 absque
1068 638 1244 704 mutatione
1271 637 1383 716 tutele,

299 738 360 803 nisi
378 739 417 803 de
431 739 596 803 voluntate
618 740 734 804 tutoris
755 740 803 804 vel
827 757 865 804 ex
889 739 1014 820 urgenti
1038 747 1069 804 et
1086 753 1196 820 magna
1213 753 1310 804 causa
1327 755 1386 820 per

298 836 478 902 facultatem
495 837 713 915 approbanda.

339 1000 499 1066 intrantes
535 1010 640 1066 autem
680 1000 737 1064 itas
774 1001 892 1066 tutelas
921 1010 954 1067 et
982 1001 1013 1064 in
1044 1001 1092 1066 eis
1121 1001 1323 1067 laudabiliter
1352 1012 1385 1068 et

298 1099 450 1166 continue
472 1101 638 1165 studentes
655 1099 851 1164 intendimus
866 1101 964 1165 certis
983 1101 1195 1183 prerogativis
1212 1101 1382 1182 premiare.

297 1199 335 1264 Et
352 1206 507 1279 preterea,
529 1199 583 1280 qui
610 1197 641 1260 in
663 1199 817 1279 predictis
841 1199 950 1264 tutelis
976 1201 1096 1264 intrare
1123 1199 1297 1272 noluerint,
1326 1199 1383 1263 sed

296 1299 342 1363 vel
375 1298 405 1360 in
433 1297 637 1378 paedagogijs
667 1307 720 1362 aut
749 1298 821 1361 aliis
850 1297 1000 1363 domibus
1030 1299 1289 1374 commorabunt,
1322 1299 1382 1362 nisi

296 1397 464 1461 imbuerint
481 1406 703 1477 preceptorem
720 1405 752 1461 et
766 1397 953 1476 magistrum
967 1414 1025 1462 sue
1038 1397 1199 1461 facultatis
1211 1397 1383 1478 specialem

297 1495 490 1578 in'predicto
512 1495 686 1577 pedagogio
703 1496 751 1560 vel
769 1495 864 1560 domo
886 1495 1078 1569 residencie,
1096 1505 1148 1560 aut
1170 1496 1382 1561 residenciam

297 1595 431 1661 iecerint
446 1613 517 1660 com
534 1596 666 1660 doctore
682 1595 731 1659 vel
749 1595 912 1660 licentiato
929 1594 1072 1672 notabili,
1090 1595 1294 1661 deceruimus
1310 1611 1384 1660 esse

297 1695 446 1760 astrictos
468 1693 506 1757 ad
530 1693 782 1759 continuandum
807 1694 946 1775 singuiis
962 1693 1076 1758 diebus
1097 1693 1203 1759 omnia
1226 1694 1383 1759 exercicia

296 1793 488 1869 communia,
506 1809 567 1874 que
584 1793 659 1855 liertt
676 1794 715 1856 de
730 1793 782 1855 die
798 1803 830 1856 et
854 1809 955 1872 usque
979 1790 1018 1855 ad
1042 1800 1185 1857 octavam
1210 1791 1319 1857 boram
1342 1793 1383 1856 de

296 1909 371 1957 sero
399 1892 429 1954 in
457 1893 554 1957 tutela
580 1891 643 1955 sibi
669 1891 830 1967 viciniori,
855 1892 904 1955 vel
931 1891 1030 1956 altera
1057 1907 1113 1974 per
1139 1908 1196 1956 eos
1222 1891 1381 1973 eligenda,

297 1991 452 2056 solvendo
479 1991 578 2055 tutori
604 1999 726 2054 certum
753 1989 905 2054 salarium
933 2007 1086 2065 annuum,
1110 1991 1150 2055 de
1175 2007 1239 2072 quo
1264 2007 1384 2056 conve-

298 2090 397 2164 nient,
416 2105 478 2153 uon
495 2089 655 2154 excedens
671 2089 753 2152 duos
770 2105 926 2153 renenses
943 2105 1001 2169 pro
1017 2104 1112 2163 anno,
1128 2097 1160 2153 et
1175 2089 1213 2152 ad
1231 2089 1292 2154 boc
1308 2105 1383 2162 esse

298 2188 457 2252 similibus
474 2188 565 2269 penis
581 2187 698 2268 quibus
710 2197 946 2252 commorantes
963 2189 993 2250 in
1011 2187 1119 2252 tutelis
1135 2187 1299 2253 astrictos.

338 2353 501 2417 curabunt
529 2351 662 2432 predicti
694 2361 817 2416 tutores
844 2352 929 2432 quod
956 2352 1100 2416 scolares
1126 2351 1188 2416 sibi
1215 2351 1382 2418 commissi

296 2451 484 2516 continuent
506 2452 662 2516 lectiones
679 2467 767 2526 suas,
786 2451 934 2516 videlicet
949 2451 1090 2516 anniculi
1107 2451 1277 2516 lectionem
1292 2451 1383 2515 ordi·

298 2551 417 2613 nariam
444 2550 484 2614 de
511 2566 602 2614 mane
629 2560 659 2613 et
686 2550 855 2614 lectionem
884 2547 1122 2613 lttstitutiouom
1148 2549 1327 2623 dumtaxat;
1352 2559 1385 2614 et

300 2649 330 2711 in
358 2649 501 2714 secundo
526 2665 623 2722 anno,
651 2649 731 2713 ultra
760 2649 921 2728 predictas
946 2649 1103 2714 lectiones
1129 2648 1324 2712 ordinariam
1348 2661 1384 2713 et

302 2747 552 2822 institutionum,
564 2745 658 2812 etiam
674 2747 842 2812 lectionem
860 2747 1053 2811 ordinariam
1065 2748 1105 2812 de
1118 2763 1192 2812 sero
1207 2748 1381 2821 dumtaxat,

301 2845 422 2926 absque
448 2845 687 2910 intermissione
710 2863 920 2926 quacumque,
947 2845 1006 2910 nisi
1030 2847 1071 2911 ub
1097 2862 1225 2911 causam
1249 2844 1383 2910 intirmi·

304 2944 378 3009 tatis
393 2960 468 3008 vere
484 2954 515 3009 et
532 2961 594 3009 uon
611 2943 696 3008 ficte.
715 2944 750 3008 Et
767 2953 923 3024 preterea,
942 2962 981 3009 ne
998 2944 1131 3024 predicti
1150 2945 1294 3010 scolares
1311 2953 1386 3025 post

302 3059 414 3108 cenam
430 3043 559 3108 domum
577 3053 707 3116 exeant;
724 3041 796 3107 etsi
813 3041 865 3123 qui
882 3058 978 3108 causa
997 3042 1188 3107 visitationis
1212 3043 1311 3123 patris
1334 3043 1384 3106 vel

303 3141 405 3220 patrui
431 3141 631 3206 advenientis
658 3143 695 3205 ad
722 3141 853 3221 opidum
881 3157 938 3221 pro
961 3157 1040 3206 cena
1062 3140 1191 3205 domum
1216 3139 1405 3224 exiverint,¹

301 3239 416 3303 iaciant
432 3256 488 3304 eos
504 3240 649 3304 comitari
667 3256 723 3320 per
738 3240 896 3304 scolarem
912 3239 1162 3314 discreciorem;
1181 3239 1222 3302 ita
1247 3250 1279 3304 ut
1302 3239 1384 3303 inira

300 3339 410 3402 ltoram
442 3354 557 3402 nonam
588 3338 730 3410 redeant,
757 3355 816 3402 uec
838 3338 951 3403 exinde
981 3351 1107 3403 exeant.
1132 3338 1208 3402 lllos
1237 3339 1382 3402 eciama

300 3436 556 3518 quibuscumque
593 3436 676 3500 ludis
713 3437 893 3500 taxillorum
923 3447 955 3501 et
989 3448 1147 3502 cartarum
1179 3437 1381 3518 prohibeant,

301 3535 515 3618 permittendo
528 3545 632 3600 lamen
645 3533 759 3599 diebus
772 3546 802 3599 et
818 3535 907 3598 boris
923 3535 1092 3616 oportunis
1109 3535 1202 3600 ludos
1219 3537 1383 3601 virtuosos

235 3664 238 3673 ·
299 3634 332 3696 in
347 3635 444 3698 domo
459 3635 509 3698 vel
526 3634 605 3698 locis
622 3633 752 3713 privatis
768 3642 800 3698 et
816 3649 879 3697 non
896 3635 1047 3714 publicis,
1065 3644 1183 3700 etcum
1200 3634 1383 3700 scolaribus

299 3731 350 3796 vel
367 3733 511 3796 nonestis
528 3733 688 3813 personis,
705 3733 789 3795 siout
811 3733 849 3795 ad
874 3747 1000 3808 scacos,
1017 3734 1056 3797 ad
1081 3733 1174 3814 pilam
1200 3743 1252 3798 aut
1275 3733 1383 3798 consi-

300 3829 405 3904 miles,
441 3832 563 3913 absque
601 3841 704 3896 tamen
742 3830 907 3896 excessivo
944 3831 1055 3896 labore
1090 3841 1143 3897 aut
1172 3831 1384 3897 immoderata

300 3927 488 4008 irequentia.

342 4093 378 4157 lit
403 4103 546 4173 preterea
566 4095 722 4158 curabunt
739 4103 862 4158 tutores
880 4103 910 4158 ut
927 4094 1071 4160 scolares
1087 4096 1127 4160 de
1144 4113 1234 4162 mane
1250 4110 1387 4178 surgant

302 4194 378 4258 ltora
395 4193 515 4273 quinta,
532 4202 562 4256 et
580 4204 654 4257 tunc
670 4204 742 4257 ante
759 4192 929 4257 lectionem
952 4193 1085 4273 quilibet
1108 4211 1164 4274 per
1186 4212 1222 4259 se
1245 4197 1329 4275 legat
1353 4205 1388 4260 et
