3112 4942
631 425 795 497 -ts'-

159 615 390 688 Louanieusis,
419 615 627 678 Jolranneltr
658 615 711 679 de’
729 607 1265 678 tvaetttenttonel'canonicarii

155 716 304 780 ecclesie
319 715 413 780 beate
431 716 528 778 llario
550 715 598 777 au
611 715 731 795 gradus
753 713 970 788 coloniensis,
987 709 1266 779 intranseunte·

166 816 342 879 Roderen
372 817 413 878 tle
441 813 573 878 Colonia
604 823 634 878 et
661 813 938 878 lotraunenrtle
963 813 1194 889 Selilrnents,
1223 797 1282 876 itr'

164 913 312 978 nomana
329 914 418 978 ouria
435 923 662 992 procuratores
677 913 828 978 absentes
845 923 1011 992 tamquam*
1029 923 1207 990 presentes,
1225 921 1257 976 et

166 1029 280 1077 eorum
302 1012 530 1092 quamlibet'in
554 1011 706 1086 solidum,
731 1011 771 1073 ita
795 1012 879 1091 tpuetl
905 1028 967 1074 non
991 1011 1031 1073 sit
1055 1010 1265 1090 policrono·

161 1112 254 1174 dicio
275 1111 495 1190 occupantis;·
510 1110 566 1174 sed
591 1111 675 1190 quod
693 1127 775 1173 nnus
790 1127 901 1173 eotutn
919 1109 1076 1187 inceperit
1090 1110 1171 1172 alter
1184 1123 1269 1189 pro·-¹

163 1210 258 1290 scoot
276 1210 391 1282 roleat,
409 1209 549 1274 taediare
564 1221 595 1273 ct
613 1210 716 1282 linire,
736 1211 773 1271 au
799 1210 951 1272 tuendum
975 1217 1007 1272 et
1023 1207 1270 1273 defendendum·

164 1309 335 1388 priuilegia
360 1323 398 1372 ac
420 1308 543 1371 litteras
568 1307 773 1387 apostolicas
788 1315 1000 1387 supertectus,
1017 1305 1154 1387 juraque
1173 1301 1261 1386 ipse·

166 1423 240 1470 runt
271 1406 537 1472 constituentium
568 1416 599 1470 et
625 1407 799 1470 cuiuslibet
825 1421 936 1470 eorntn
959 1406 1045 1468 eirea
1072 1405 1201 1468 casdem
1227 1405 1271 1468 itt·

165 1506 319 1570 omtliblls
341 1516 374 1568 et
398 1517 453 1585 pet
476 1501 597 1580 omnia,
612 1506 706 1569 etiam
730 1513 842 1568 oerrtra
869 1514 1039 1582 pratenses
1062 1503 1260 1584 appellantes

166 1614 390 1683 supratactos;
410 1619 533 1668 necnon
552 1619 609 1682 pro
630 1605 764 1666 tuitione
787 1619 843 1668 seu
868 1603 1056 1666 detonsione
1075 1601 1272 1666 ltuiusmodit

163 1719 277 1766 coram
294 1718 498 1784 quacumque
510 1702 640 1782 justicia
653 1702 859 1780 competenti,
875 1701 1094 1766 ecelesiastica
1107 1702 1157 1765 vel
1170 1717 1273 1765 secu-1

165 1803 239 1877 tari,
255 1804 282 1864 si
306 1819 390 1880 opus
412 1801 517 1875 luerit,
544 1801 674 1864 troanine
698 1802 841 1879 ipsorum
864 1816 902 1863 ae
923 1800 1014 1864 Alme
1039 1799 1262 1864 l'niuersitatis

168 1910 313 1982 pretaete
330 1901 519 1981 litigandum
536 1917 573 1963 ae
589 1915 718 1964 causatu
736 1915 792 1963 seu
810 1901 896 1963 litem
909 1899 1116 1971 mouendum,
1132 1909 1274 1962 anetam-⁴

168 2017 233 2080 oue
260 2000 310 2064 rel
340 2001 531 2063 rno'netnlutn
559 1998 808 2074 detendendae,
833 1998 975 2062 llltellutn
1001 2013 1057 2062 seu
1082 1998 1215 2062 libellus·
1232 2009 1276 2062 et·

167 2115 393 2179 quascumque
410 2097 588 2176 peticiones
605 2098 797 2163 summarias
812 2097 952 2160 dandum
975 2107 1007 2160 st
1029 2097 1260 2176 recipiendum,

167 2198 306 2277 alermus
327 2209 359 2261 et
382 2197 481 2275 recipi
499 2197 684 2267 videntum,
702 2197 787 2260 litetn
806 2211 862 2259 seu
880 2195 952 2260 lites
967 2196 1215 2259 contestandum
1231 2207 1263 2260 ot

167 2296 315 2360 attestari
345 2295 530 2367 videndum,
559 2295 600 2358 tle
628 2295 809 2373 calumpnia
840 2295 1066 2358 vitandnnt·et
1096 2295 1276 2358 veritatem·

168 2395 363 2467 dicendum,
395 2404 426 2458 et
462 2395 688 2475 quodeunque
717 2395 801 2457 aliud
833 2393 954 2456 licitum
982 2391 1196 2472 juramentum
1228 2393 1260 2455 in

169 2494 295 2556 animas
319 2493 462 2573 ipserum
487 2493 756 2556 ecttstltuenclnnt
780 2503 812 2557 et
835 2492 1007 2556 cuiuslibet
1029 2507 1140 2556 eorum
1170 2507 1261 2572 pres·

171 2597 303 2657 laneum
321 2603 353 2656 et
375 2609 432 2672 per
448 2602 569 2671 partetn
592 2593 761 2656 aduersam
787 2591 923 2671 prestari
939 2591 1122 2660 videndum.
1143 2607 1263 2670 ponan-

172 2692 249 2755 dnttt
265 2707 299 2756 et
314 2691 561 2764 annemundum,
576 2691 714 2770 petrique
728 2700 759 2754 et
775 2690 937 2754 artioutarl
952 2689 1135 2764 ridentium,
1149 2699 1263 2754 contra

174 2792 330 2856 articulos
353 2791 522 2854 dieettdutn
546 2800 578 2854 et
600 2789 814 2870 positionibus
838 2789 937 2869 partis
964 2788 1102 2852 atdnerse
1129 2804 1264 2868 respen-

173 2890 334 2963 tleodnm,
365 2889 498 2969 suisque
526 2888 716 2968 responderi
747 2889 940 2967 petendum,
971 2897 1088 2958 testes,
1120 2887 1262 2962 litteras,

175 2990 400 3063 iustrumenta,
427 2987 616 3067 scripturas,
644 2996 725 3062 aeta,
750 2987 822 3067 jura
848 2997 879 3050 et
906 2989 1099 3050 munimenta
1126 2997 1157 3050 et
1182 3001 1262 3066 que·

172 3103 312 3166 camene
329 3087 558 3166 prebaeioount
574 3103 690 3167 genera
707 3087 948 3165 producendum
961 3096 993 3148 et
1006 3084 1139 3164 produci
1154 3087 1262 3149 viden·

174 3189 263 3262 num,
295 3197 409 3250 contra
444 3203 519 3261 eos,
550 3202 606 3250 eas
635 3195 667 3250 et
696 3200 732 3248 ea
763 3201 800 3248 ac
829 3199 1030 3265 quecumque
1060 3201 1096 3246 ex
1124 3183 1264 3248 aduerso
1355 3233 1359 3242 .

177 3286 390 3367 productust
417 3285 622 3364 producenda
649 3283 833 3355 (licendum,
859 3283 1103 3363 proponendum
1130 3291 1162 3346 ot
1187 3284 1264 3348 alle-

173 3386 328 3465 gandent.
342 3383 577 3462 excipiendum,
592 3382 824 3462 replicandum,
840 3381 1067 3463 triplicandutn
1083 3391 1115 3445 et
1129 3382 1267 3462 quadru-

178 3484 375 3563 plicantlntn,
391 3483 525 3546 erimina
547 3490 579 3546 et
600 3483 747 3546 delectus
769 3481 1008 3561 opponendum,
1032 3480 1264 3544 declarantium

175 3591 209 3646 et
233 3581 391 3645 declarari
417 3580 606 3653 videndum,
637 3581 793 3644 terminos
821 3593 859 3643 ae
888 3579 1071 3653 citationes,
1102 3587 1134 3642 et
1170 3578 1266 3643 etiam

175 3690 323 3760 quartam
346 3679 531 3743 dilationem
554 3695 626 3743 cunt
652 3678 889 3758 sollempnitate
902 3677 997 3758 juris,
1015 3678 1043 3740 si
1060 3695 1142 3757 ottus
1160 3677 1265 3753 tuerit,

178 3777 352 3857 petendum
369 3789 400 3842 et
415 3777 640 3851 obtinendum,
657 3779 697 3840 de
714 3778 798 3851 locu,
812 3775 976 3855 jndicibus
992 3787 1023 3840 et
1041 3777 1174 3856 notariis
1189 3793 1268 3841 oon-

179 3875 372 3940 uenientium
389 3886 421 3940 et
437 3875 468 3938 iu
485 3891 543 3940 eos
558 3876 840 3951 censentiendum,
855 3876 1266 3956 suspectumsuspectun,

175 3974 435 4040 concludendum
451 3983 483 4040 el
502 3975 651 4040 concludi
668 3975 855 4050 vitlettdntn,
872 3975 1065 4039 sententiaro
1086 3986 1118 4040 et
1140 3985 1270 4040 senlen-

178 4073 237 4138 tias
255 4083 319 4137 tatu
335 4073 595 4138 interlocutorias
618 4089 712 4154 quam
734 4072 920 4138 diffinitiuas
944 4073 1020 4138 ferri
1044 4076 1215 4153 petendum
1238 4083 1270 4138 et

176 4172 391 4248 audiendum
409 4173 448 4236 al)
462 4189 563 4255 eaque
579 4189 638 4238 seu
653 4171 701 4240 eis
715 4183 745 4238 et
758 4189 775 4236 a
788 4189 991 4255 quecumque
1003 4173 1067 4237 alio
1079 4173 1282 4255 precamine
