3100 4942
746 443 848 507 ..96
870 479 913 494 ..-

283 623 485 696 assistentes,
501 639 564 686 uon
580 623 803 702 permitterent
814 624 946 690 eosdem
959 641 1058 704 super
1070 624 1284 706 premissiset
1297 624 1370 706 qui-

282 722 423 787 buslibet
437 720 509 801 attis
525 721 633 794 bonis,
647 723 744 787 rebus
760 739 797 786 ac
808 722 936 802 juribus
952 724 991 788 ad
1005 725 1080 790 illus
1092 724 1307 790 mmmrtndcr
1317 723 1366 788 uei

282 819 410 886 dioisim
424 819 643 900 spectantibus
655 835 672 882 a
683 820 1004 900 quibusuisindebite
1013 822 1178 888 molesteri
1188 822 1237 886 rel
1247 821 1377 902 etsprr

280 919 421 992 ,camina
438 917 572 997 irq'urias
587 918 658 982 siue
673 918 810 998 dampna
825 919 970 1002 irrogari,
988 931 1042 988 aut
1057 931 1172 986 conus
1189 919 1368 1002 priuilegia,

282 1017 514 1082 concessiones
540 1027 571 1080 et
595 1016 735 1090 indulta,
759 1017 820 1082 sub
846 1035 1048 1099 quacumque
1071 1019 1174 1100 eciam
1198 1018 1369 1083 amborum

283 1113 1378 1198 lorme,ipsisReclusilloeturibus,ilagistris,Soularibusaudiete

282 1215 507 1279 Vniuersitatis
524 1214 672 1293 personis
687 1214 798 1279 aSede
812 1217 952 1296 predicta
965 1217 1015 1281 vel
1028 1216 1109 1280 alias
1122 1225 1372 1280 tunc-concessa·

282 1330 339 1378 seu
356 1314 564 1393 imposterum
585 1313 828 1393 quomodolibet
848 1316 1054 1380 concedenda
1076 1315 1205 1396 infringi
1227 1331 1286 1379 seu
1303 1315 1371 1378 niu·

282 1411 339 1474 lari
355 1411 557 1492 aliquetenus
574 1411 623 1474 vel
643 1411 744 1476 eciam
765 1413 956 1492 impugnari,
974 1413 1089 1478 lactari
1111 1413 1206 1478 dictis
1226 1413 1375 1486 Reuturi,

282 1509 485 1586 Ductoribus,
505 1508 676 1590 Megistris,
694 1510 878 1575 Scolaribus
893 1521 925 1576 et
942 1511 1044 1592 ipsios
1059 1510 1286 1578 Vniuersitatis
1303 1527 1377 1589 per·

281 1607 382 1679 sonis,
395 1623 468 1671 oum
484 1607 523 1670 ab
538 1607 586 1672 eis
602 1607 652 1672 vel
667 1608 810 1688 ipsorum
827 1609 934 1690 aliquo
948 1619 1003 1674 aut
1018 1611 1087 1674 suis
1104 1608 1376 1690 procuratoribus

281 1722 379 1785 super
395 1705 456 1784 bijs
473 1705 576 1770 laurent
599 1707 744 1786 requisiti
761 1707 801 1772 de
818 1707 972 1788 predictis
995 1719 1028 1773 et
1042 1707 1114 1788 alijs
1132 1707 1282 1788 personis
1298 1707 1368 1788 qni·

282 1803 422 1869 buslibet
443 1821 542 1882 super
564 1805 768 1870 restitutione
790 1805 973 1872 huiusmodi
997 1816 1190 1880 castrorum,
1208 1806 1374 1880 uillarum,

282 1917 451 1978 terrarum,
468 1903 626 1976 locorum,
644 1903 775 1984 jurium,
795 1904 1070 1985 iurisdictionom,
1096 1906 1270 1980 fructuum,
1293 1922 1376 1970 cer.··

282 2019 388 2080 suurn,
403 2001 598 2078 reddituum,
613 2012 826 2082 prouentuum
842 2013 874 2068 et
889 2003 1024 2068 aliorum
1042 2005 1199 2068 bonorum
1217 2019 1370 2084 quorum·

283 2101 372 2178 libet,
391 2117 514 2166 necnon
531 2100 571 2165 de
587 2101 756 2182 quibusuis
776 2103 944 2182 molestiis,
961 2103 1088 2183 iniurljs
1109 2111 1205 2182 atque
1219 2103 1368 2182 dampnis

282 2199 465 2280 ceterisque
489 2209 551 2262 taor
568 2199 708 2264 realibus
730 2217 824 2280 quam
842 2201 1067 2280 personalibus
1089 2200 1271 2265 actionibus
1294 2209 1377 2264 tunc-

284 2298 490 2379 presentibus
505 2308 536 2364 et
552 2298 679 2372 tuturis,
695 2299 726 2362 iu
743 2299 807 2362 illis
822 2299 972 2364 videlicet
987 2316 1049 2380 qne
1060 2299 1247 2379 judicialem
1263 2297 1374 2378 requi-

283 2408 395 2461 reront
411 2396 605 2477 indaginem,
622 2398 807 2472 summarie,
824 2397 1013 2478 simpliciter
1027 2398 1115 2462 etde
1131 2397 1228 2476 *plano
1244 2412 1284 2462 ao
1299 2397 1374 2461 sine

282 2495 417 2574 strepitu
433 2505 465 2560 et
482 2495 582 2574 figura
602 2493 726 2576 judicii,
744 2496 775 2559 in
798 2496 869 2578 alijs
885 2513 974 2569 reru,
994 2509 1088 2577 prout
1103 2496 1241 2577 qualitas
1256 2512 1375 2560 eorum

283 2593 437 2672 exegerit,
442 2593 570 2672 iusticie
581 2595 865 2674 complementum,
874 2605 1087 2676 occupatores
1098 2613 1155 2662 seu
1169 2597 1373 2671 detentores,

284 2692 522 2766 molestatores,
542 2705 783 2773 presumpturos
805 2705 837 2758 et
854 2694 1058 2758 iniuriatores
1078 2693 1275 2767 huiusmodi,
1295 2711 1373 2758 nec·-

286 2806 348 2854 non
365 2789 619 2854 contradictores
635 2792 796 2871 quoslibet
811 2803 842 2856 et
858 2791 1008 2862 rebelles.
1022 2791 1253 2871 cuiuscumque
1268 2791 1372 2868 uigint-

284 2886 370 2961 tetis,
402 2897 516 2960 statos,
544 2889 681 2968 gradus,
711 2891 835 2954 ordinis
865 2891 915 2954 vel
950 2889 1146 2954 conditionis
1184 2889 1377 2964 existerent,

284 2985 551 3065 quandocumque
584 2997 617 3051 et
644 2989 938 3069 quocienscumque
973 2988 1152 3067 expediret,
1183 2988 1381 3052 auctoritate·

283 3083 461 3163 apostolica
486 3101 735 3164 percensuram
759 3087 1023 3160 ecclesiasticam,
1048 3085 1262 3167 appellatione
1286 3097 1380 3166 post»-

284 3182 399 3262 pusita,
416 3183 653 3263 compescendo
670 3186 820 3248 inuocato
836 3187 874 3248 ad
892 3186 965 3257 boc,
983 3185 1011 3249 si
1031 3202 1115 3265 opus
1137 3185 1232 3260 luret,
1250 3183 1369 3249 auxilio

284 3279 403 3362 braolrij
428 3282 597 3356 secularis,
616 3293 711 3362 prout
733 3282 765 3345 io
788 3283 868 3362 ipsis
891 3283 1007 3348 litteris
1022 3283 1150 3364 plenius
1174 3283 1377 3347 continetun.

282 3383 361 3444 lium
377 3391 495 3455 autem,
512 3379 595 3444 sicut
610 3380 750 3445 exbibita
768 3381 862 3445 nobis
878 3398 979 3462 nuper
1002 3398 1058 3462 pru
1076 3393 1165 3462 parte
1181 3383 1377 3446 eurumdetu

282 3477 444 3552 Rectoris,
471 3477 657 3552 Doctorum,
689 3478 925 3558 llaqistrurom,
956 3479 1134 3544 scolarium
1164 3487 1196 3544 et
1226 3479 1373 3543 eiusdem

283 3575 508 3640 Vniuersitatis
536 3593 746 3656 personarum
772 3578 891 3657 peticio
916 3578 1100 3643 euntinebet
1128 3577 1241 3659 prelati
1264 3577 1379 3642 Abbas-

283 3683 315 3737 et
339 3675 485 3737 beoanus
507 3674 539 3736 in
567 3675 733 3754 premissis
758 3676 967 3755 exequendis,
993 3676 1248 3740 subsistentibus
1269 3675 1380 3740 renus·

283 3771 526 3836 rationabilibus
542 3773 661 3847 causis,
678 3774 800 3837 eisdem
816 3773 955 3846 Rectori,
967 3775 1175 3842 Ductoribus.
1194 3775 1378 3854 magistris,

281 3868 468 3932 scolaribus
491 3879 522 3934 et
541 3870 644 3950 ipsius
660 3871 886 3936 Vniuersitatis
903 3873 1051 3952 personis
1068 3872 1173 3936 minus
1190 3872 1285 3938 vtiles
1300 3871 1380 3936 siue·

281 3967 514 4030 corruenientes
538 3969 763 4048 existuntque
787 3981 877 4049 purte
899 3973 1087 4034 eorumdem
1112 3971 1273 4041 Rectorls.
1291 3973 1376 4034 [loc.-

280 4075 401 4136 turom,
419 4065 656 4145 Magistrorum,
674 4068 852 4131 Soolarium
866 4079 900 4134 et
914 4069 999 4133 diocte
1016 4067 1241 4134 Vniuersitutis
1259 4084 1373 4148 persu-

282 4177 396 4224 narnm
414 4163 507 4226 nubis
523 4164 580 4227 luit
596 4164 755 4229 humiliter
771 4166 998 4246 supplicatum,
1015 4179 1080 4232 vta
1098 4166 1230 4246 prelatis
1245 4166 1378 4234 abbate
