3246 4944
739 422 922 488 „552-

286 610 338 670 tur
361 621 377 666 a
402 602 532 670 biennio
556 603 679 668 similes
704 606 769 670 lore
792 605 913 669 litteras
938 605 1036 670 fuisse
1060 605 1235 684 expeditas,
1253 605 1373 686 quibus

287 703 454 783 petebatur
486 711 519 768 ul
549 711 665 767 statuta
698 702 920 770 Univctsilatis
951 702 1242 768 transmitteremus
1272 713 1303 767 ct
1332 704 1371 767 ad

288 802 462 882 marginem
486 801 703 868 scriberemus
719 803 847 884 quitiam
865 803 988 868 articuli
1006 803 1256 866 observarentur
1271 812 1301 866 ot
1318 803 1372 882 qni

289 917 365 973 non,
386 909 417 966 et
440 901 595 968 rationem
620 901 901 988 nonobservantip.
924 901 1088 982 respondit
1113 911 1146 966 ut
1172 901 1286 966 iterum
1311 901 1374 964 boc

287 998 467 1064 faceremus
502 1009 533 1065 et
570 999 622 1062 illa
653 998 887 1079 quamprimum
917 998 977 1080 ipsi
1007 999 1217 1064 traderemus.
1252 999 1372 1063 beliade

287 1097 423 1162 eximius
445 1098 596 1163 dominus
614 1096 778 1182 [Vinccnt]
796 1098 916 1178 petivit,
934 1107 966 1162 et
983 1097 1060 1161 dixit
1077 1097 1135 1184 bec
1152 1115 1213 1162 non
1232 1097 1298 1161 lieri
1317 1115 1374 1177 pier

289 1196 417 1261 modum
435 1196 633 1262 visitationis
649 1196 732 1276 cuod
752 1197 892 1277 alioquin
914 1196 1168 1284 preindicaretur
1189 1195 1373 1260 author-itari

289 1295 460 1384 pontificio.
478 1295 655 1376 Respondit
680 1295 862 1360 nullatenus
886 1296 944 1382 bec
968 1295 1036 1359 lieri
1061 1312 1117 1374 per
1142 1295 1269 1358 modum
1292 1295 1371 1356 Visi-

288 1393 430 1469 tationis‚
458 1394 515 1459 sed
549 1405 670 1460 tantum
703 1411 758 1474 pce
790 1389 918 1457 modum
951 1393 1035 1480 nudo
1060 1404 1090 1456 et
1116 1393 1244 1472 quidem
1271 1392 1375 1456 civilis

289 1492 543 1566 informationis;
574 1493 727 1573 petiitque
754 1500 787 1556 ut
816 1494 922 1555 omnia
955 1492 1081 1556 nomina
1112 1491 1376 1556 describerentur

290 1589 430 1654 omnium
458 1590 659 1654 dominorum
690 1589 743 1670 qni
775 1602 850 1654 suin
879 1591 919 1654 de
949 1591 1062 1670 aliana,
1085 1590 1232 1654 facultate
1260 1591 1374 1652 catino

290 1690 466 1755 secundum
490 1699 617 1762 etatem,
636 1699 669 1754 ut
687 1689 764 1767 jllos
787 1689 924 1753 seorsim
950 1700 1058 1768 posset
1078 1687 1191 1769 jubere
1213 1690 1319 1752 vocari
1344 1699 1377 1752 ct

291 1787 524 1868 particulariter
540 1788 652 1852 audire
668 1787 728 1851 sub
742 1787 871 1866 jllorum
889 1787 1083 1868 juramento.
1104 1787 1135 1850 ln
1160 1804 1253 1868 quem
1279 1787 1375 1850 frtrem

290 1887 368 1950 dixit
391 1903 464 1950 sese
487 1887 539 1950 die
562 1887 689 1952 veneris
713 1887 859 1966 sequenti
883 1903 976 1950 mane
991 1887 1028 1947 ad
1049 1886 1203 1966 refugium
1221 1904 1313 1948 suum
1330 1886 1377 1966 (l)

290 1996 472 2057 vernarum,
490 1997 521 2049 et
543 1985 628 2049 circa
653 1985 762 2048 horam
790 1995 931 2048 octavam
959 2002 995 2048 sc
1023 1985 1222 2064 incentorum
1250 1984 1377 2064 :aliquus

291 2083 440 2148 dominos
464 2083 580 2148 ibidem
596 2082 726 2151 audire:
745 2083 866 2147 addens
882 2084 966 2163 quod
985 2070 1152 2145 niltil'mali
1172 2083 1377 2147 Universitati

292 2181 380 2254 velit.
397 2183 454 2246 sed
470 2199 565 2246 omne
582 2182 701 2246 bonum
724 2183 827 2246 faeere
850 2199 1042 2262 omnemque
1066 2181 1207 2246 furorem
1232 2193 1378 2261 prestare

293 2281 353 2344 ltac
375 2280 546 2346 occasione
564 2297 658 2357 ortem
676 2280 803 2358 poterit.
824 2273 912 2344 Unde
928 2279 1013 2344 dicto
1029 2280 1229 2360 amplissimo
1245 2279 1378 2344 dominu

294 2377 422 2444 nornine
438 2379 662 2444 Universitatis
678 2379 797 2460 gratias
813 2378 948 2461 egimus.

336 2547 350 2584 n
368 2529 435 2601 Qun
452 2527 606 2591 relatione
622 2527 714 2605 facta,
729 2526 818 2608 petiit
833 2525 1019 2608 magnificus
1036 2525 1185 2592 dominus
1201 2525 1274 2607 quid
1292 2525 1379 2590 circa

294 2624 355 2688 ltoc
372 2626 533 2704 negotium
551 2626 673 2705 placeat
691 2625 771 2690 fleri.

339 2745 351 2782 ι
372 2723 488 2788 liberat
504 2725 638 2788 facultas
655 2723 772 2788 civilis.

343 2822 413 2885 «El
448 2840 486 2886 cx
524 2822 705 2886 tacnltatnm
739 2823 970 2889 deliberatione
999 2822 1160 2888 conclusit
1189 2821 1381 2902 anagnilicus

299 2919 449 2986 dominus
474 2921 673 3001 amplissimo
702 2921 833 2985 domino
864 2923 983 3007 prelato
1013 2921 1223 2986 exhibendam
1253 2921 1379 3000 cornum

298 3029 489 3084 statutorum
506 3037 577 3083 curn
597 3021 871 3094 atnrotationibus‚
890 3030 984 3101 prout
1008 3037 1108 3100 nuper
1132 3021 1260 3083 l'uetnnt
1283 3020 1383 3081 missa

300 3120 481 3190 Bruxellas;
498 3129 532 3209 ci
547 3119 640 3184 etiam
658 3120 785 3184 rtomina
802 3120 943 3184 ornuiurn
961 3120 1164 3184 dominorum
1184 3118 1383 3198 singularum

300 3217 495 3294 facultatum,
523 3227 553 3282 et
587 3217 672 3298 quod
702 3218 821 3282 domini
854 3227 1003 3299 poterunt
1033 3217 1149 3281 ibidem
1181 3233 1384 3296 comparere,

300 3316 427 3402 acartdo
443 3325 538 3380 erunt
554 3315 670 3381 vocati.

343 3497 430 3561 able
460 3498 513 3560 2³·
540 3496 733 3578 septembris
764 3496 854 3569 ldis,
879 3496 937 3560 fuit
965 3495 1128 3575 deputatio
1159 3491 1385 3558 Urtirersitatis

301 3596 425 3661 ratione
439 3595 656 3676 deputationis
677 3613 769 3676 quam
795 3595 975 3660 babuerunt
998 3595 1163 3658 facultates
1185 3593 1267 3674 juris
1289 3592 1387 3655 laodic

300 3695 378 3758 ltora
415 3704 537 3758 octava.
577 3693 610 3756 ln
648 3711 709 3774 qna
747 3693 843 3774 aliqui
881 3693 1001 3757 domini
1035 3693 1219 3773 judicarunt
1257 3692 1385 3754 modum

299 3792 533 3856 informationis
549 3793 654 3856 civilis
671 3810 764 3874 quam
782 3791 864 3873 capit
888 3792 1104 3872 amplissimus
1120 3790 1270 3854 dominus
1286 3789 1387 3851 abbas

337 3988 375 4059 (l)
396 3989 433 4042 Le
452 3989 566 4055 Rspice.
581 4005 615 4044 ou
638 3990 742 4044 maison
762 3992 797 4045 dc
818 3990 894 4058 villo,
910 3989 943 4043 de
963 3989 1085 4060 l'aboayc
1103 3989 1136 4040 de
1151 3987 1220 4041 Parc
1235 3995 1250 4040 ti
1265 3985 1389 4040 Louvain

301 4075 368 4134 cinit
380 4077 469 4134 situas
488 4097 538 4133 rue
557 4080 605 4134 des
627 4081 773 4138 lieeollcta.
791 4081 852 4135 tltta
872 4080 920 4134 fait
940 4079 1028 4152 pst-tio
1041 4076 1216 4152 aujourd'bui
1230 4077 1266 4132 du
1281 4077 1390 4148 college

304 4169 352 4226 des
366 4169 426 4228 tte.
443 4169 499 4226 PP.
514 4170 641 4228 leonites.
