3100 4942
622 499 805 564 -169-

166 680 241 746 nice
254 679 1253 763 millesimoquadringentesimoquadragesimosextoqnauoss

164 779 294 845 decimo
309 779 462 844 kalendas
478 779 597 860 Aprilis
614 780 822 846 pontificatus
839 780 940 846 nostri
957 797 1042 845 anno
1058 779 1173 861 primo.

503 929 586 1000 Copie
599 930 779 1004 authenlique
791 930 860 984 dans
874 931 955 986 l'ccte
973 947 1026 1002 que
1040 946 1110 984 nous
1123 927 1256 1000 publions

467 1019 617 1075 ci·dess0us
631 1038 695 1075 sous
710 1022 735 1076 le
748 1038 776 1076 n.
793 1021 830 1076 X.

690 1224 729 1288 X.

166 1374 313 1438 Ansclme
333 1374 371 1436 dc
392 1373 503 1445 Becco,
518 1374 727 1453 protonotoirc
747 1373 935 1455 apostolique
955 1379 983 1436 ct
1001 1372 1190 1435 orcbidiucrc
1210 1373 1253 1434 du

208 1473 351 1536 Huinuut
368 1489 409 1534 ou
424 1471 542 1535 diocese
556 1474 594 1535 dc
608 1472 710 1552 biens
727 1474 876 1536 introduit
891 1473 969 1537 leun
988 1470 1162 1544 tratetis,
1181 1471 1254 1534 rbu-

207 1573 304 1634 noiuc
324 1571 361 1634 dc
381 1569 653 1645 Sciret-Ruminae
675 1573 695 1632 d
715 1572 858 1647 Melinos,
873 1571 952 1634 doris
974 1571 1003 1633 lo
1018 1572 1191 1651 possession
1214 1569 1252 1632 de

207 1670 240 1733 lc
253 1670 382 1733 oicuiric
394 1669 575 1750 perpetueltc
590 1669 628 1732 dc
643 1669 673 1730 lu
687 1671 825 1750 paroisse
840 1670 878 1732 sle
891 1667 1020 1734 Schelle.

602 1817 639 1872 26
660 1819 713 1872 mai
738 1818 816 1874 1447.

207 1941 394 2006 Rsoaeesoo
416 1941 446 2006 ln
462 1941 585 2008 cbristo
602 1941 682 2022 patri
704 1951 736 2005 et
751 1941 881 2006 domino
896 1941 1027 2005 domino
1042 1939 1094 2006 dei
1109 1949 1141 2005 et
1155 1955 1253 2021 apos·

166 2040 264 2106 tolice
287 2040 376 2104 sedis
398 2041 497 2121 gratia
518 2040 676 2120 Episcopo
701 2041 922 2106 cameracensi
944 2041 1078 2120 eiusque
1101 2040 1132 2102 in
1156 2038 1252 2120 spiri·

167 2139 310 2204 tualibus
321 2147 353 2203 et
364 2139 594 2219 temporalibus
609 2139 731 2204 vicario
744 2157 800 2204 seu
814 2137 942 2204 officiali
958 2138 1112 2219 generali,
1127 2153 1254 2202 necnon

167 2237 213 2302 illi
242 2239 294 2302 uel
319 2238 382 2302 illis
405 2239 442 2302 ad
467 2255 560 2319 quem
586 2239 636 2304 uel
659 2239 697 2302 ad
721 2255 803 2319 quos
828 2247 980 2317 perpetue
1002 2237 1120 2301 vicarie
1144 2252 1252 2316 parro-

167 2337 284 2402 chialis
300 2337 439 2402 ecclesie
453 2338 493 2402 de
509 2337 635 2402 Schelle
650 2336 892 2402 Cameracensis
907 2337 1049 2402 diocesis
1066 2353 1123 2415 per
1139 2352 1250 2416 parro-

168 2435 305 2500 cbianos
329 2435 471 2500 eiusdem
494 2436 631 2500 ecclesie
651 2435 794 2500 institute
809 2435 943 2501 collacio
960 2435 1103 2516 prouisio
1121 2451 1254 2514 presen-

168 2535 247 2598 tatio
275 2534 439 2598 institucio
466 2551 522 2600 seu
546 2534 661 2614 ottenis
683 2535 744 2598 alia
766 2535 944 2615 disposicio
968 2534 1179 2598 communiter
1203 2533 1253 2597 oei

167 2633 300 2698 diuisim
338 2634 491 2713 pertinet.
529 2634 745 2714 omnibusque
778 2635 851 2714 alijs
884 2645 915 2700 et
948 2634 1084 2716 singulis
1117 2648 1253 2713 quorum

165 2731 303 2798 interest
319 2732 426 2798 interit
437 2733 475 2812 tt)
491 2741 543 2798 aut
559 2733 717 2798 interesse
734 2734 849 2813 poterit
865 2732 1106 2814 quomodolibet
1121 2733 1153 2794 in
1170 2731 1252 2796 lutu-

165 2847 236 2896 rum
264 2832 521 2913 quibuscumque
548 2832 732 2897 nominibus
758 2843 951 2898 censeantur
977 2842 1029 2896 aut
1052 2847 1251 2912 quacumque

167 2931 370 3010 prefulgeant
398 2931 552 3012 dignitate
581 2935 741 2996 bresanus
767 2932 807 2996 de
833 2932 934 2998 Breda
960 2931 1048 2996 sedis
1074 2930 1252 3010 apostolice

168 3031 432 3108 protlionotarius
444 3031 699 3096 arctiidiaconus
713 3031 876 3097 tlannooie
888 3031 919 3094 in
933 3031 1070 3096 ecclesia
1085 3027 1253 3094 Leodicnsi

167 3130 268 3194 ludex
292 3139 323 3192 et
344 3127 503 3194 Execotor
517 3130 556 3193 ad
575 3130 777 3211 infrascripta
793 3147 928 3194 vnacum
943 3129 1160 3208 infrascriptis
1177 3143 1251 3192 nos·

168 3229 225 3292 tris
243 3229 276 3292 in
292 3229 353 3291 bae
369 3237 458 3307 parte
473 3228 607 3308 collegis
623 3245 695 3294 cum
712 3229 766 3292 illa
781 3229 924 3294 clausula
947 3239 1104 3308 quatenus
1120 3241 1178 3290 vos
1199 3225 1252 3290 uel

165 3327 229 3392 duo
252 3336 308 3390 aut
329 3344 412 3390 vnos
434 3337 576 3392 restrum
601 3343 657 3408 per
679 3344 737 3392 vos
761 3327 811 3392 uel
835 3327 932 3392 alium
956 3344 1012 3392 seu
1040 3326 1121 3390 alios
1147 3334 1250 3389 etna

165 3426 242 3490 sede
258 3425 438 3504 apostolica
454 3425 637 3506 specialiter
658 3427 830 3506 deputatus
850 3426 989 3490 Salutem
1013 3425 1043 3486 in
1067 3423 1198 3488 domino
1219 3431 1251 3487 ct

166 3524 325 3588 mandatis
348 3524 468 3588 nostris
492 3524 674 3588 huiusmodi
698 3541 770 3606 ymo
788 3526 896 3590 uerius
912 3523 1100 3604 apostolicis
1116 3521 1250 3587 tirmiter

167 3622 310 3688 obedire.
339 3622 476 3688 litteras
502 3623 698 3688 sanctissimi
726 3624 758 3687 in
787 3624 909 3688 cbristo
941 3623 1039 3704 patris
1068 3635 1100 3687 et
1129 3620 1249 3686 domini

168 3721 269 3786 nostri
293 3721 414 3786 domini
441 3722 563 3786 Nicolai
589 3723 697 3788 diuina
724 3723 930 3803 prouidcncia
952 3739 1032 3803 pape
1055 3721 1156 3804 quinti
1179 3720 1250 3786 eius

166 3837 239 3886 nera
263 3820 350 3886 buliu
374 3820 519 3899 plumbea
544 3821 575 3884 in
598 3821 731 3886 cordula
749 3821 880 3900 canapis
897 3837 986 3885 more
1002 3821 1144 3886 Romane
1159 3819 1252 3884 curie

165 3917 423 4000 impendentibus
446 3919 594 3996 bullatas,
612 3936 707 3984 sanas
730 3929 763 3986 et
784 3920 925 4000 integras
949 3936 1012 3984 non
1028 3919 1162 3984 viciatas
1185 3934 1248 3983 oon

163 4017 357 4084 cancellatas
379 4033 483 4099 neque
505 4019 536 4081 in
560 4019 665 4100 aliqua
687 4019 737 4084 sui
764 4029 853 4098 parta
877 4028 1058 4100 suspectas,
1083 4020 1138 4084 sad
1161 4017 1250 4082 omni

200 4233 235 4304 ll)
254 4233 334 4288 Linea
347 4239 483 4289 tntcrertr.
