3112 4942
302 577 409 643 studia
437 583 632 658 cooperante
660 574 716 641 illo
745 589 763 638 a
790 589 857 655 puo
889 572 1033 638 omnium
1061 572 1269 640 carismatum
1304 574 1393 640 dona

303 683 443 751 mount,
458 674 520 739 riri
543 672 727 739 efficiuntur
747 670 899 738 scienciis
920 669 1049 746 eruditi,
1073 686 1192 751 Quum
1214 671 1255 737 ab
1278 671 1394 754 iniquo

300 773 509 848 discernitur,
527 772 712 838 nutriuntur
734 770 841 842 rudos.
858 771 1003 850 prouecti
1026 770 1065 836 ud
1092 769 1208 834 altiora
1228 787 1393 838 conscen-

301 873 395 947 dunt,
420 882 453 937 et
477 869 560 936 tides
583 869 741 934 catholica
766 867 948 943 roboratur,
978 879 1042 932 tmn
1067 868 1173 934 solum
1200 870 1385 936 huiusmodi

301 971 554 1050 complectentes
575 967 693 1043 studia,
710 978 743 1033 rt
757 983 797 1032 eo
814 966 949 1032 liberius
970 983 1035 1048 quo
1049 967 1198 1048 quiecius
1216 967 1385 1050 impugna·

302 1069 399 1133 tionis
424 1066 570 1134 cuiusuis
595 1066 716 1132 calcata
745 1066 855 1131 radice
881 1065 1064 1146 apostolice
1090 1065 1182 1130 Sedis
1212 1067 1394 1132 munimine

301 1168 537 1232 consonemus.
555 1181 666 1230 verum
689 1163 789 1230 eciam
812 1172 965 1246 quantum
988 1164 1083 1229 nobis
1104 1181 1145 1230 ox
1167 1164 1232 1229 alto
1257 1166 1387 1246 permit·

301 1263 378 1329 titur
408 1261 595 1344 proficiendi
625 1261 690 1352 illis
719 1261 890 1326 laudabilis
925 1262 1022 1327 studii
1054 1263 1281 1343 interruptioni
1315 1264 1395 1329 loco

300 1361 450 1444 adempto
466 1360 631 1426 afferimus
646 1361 892 1425 incrementum.

638 1527 814 1612 'Canacen
832 1533 871 1582 du
887 1532 1032 1595 prtotldpe.

339 1659 385 1724 nd
398 1661 461 1725 boc
473 1661 580 1740 itaque
591 1667 624 1724 vt
635 1659 732 1724 studii
745 1658 832 1740 opidi
846 1658 1226 1725 louaniensisleodiensis
1237 1659 1387 1724 dionesie

300 1757 498 1823 Vniuersitas
517 1773 674 1838 personas
703 1757 846 1822 obtineat
871 1757 1077 1822 aduersitatis
1099 1758 1243 1838 expiatas
1265 1757 1390 1839 quibus

299 1857 361 1920 sub
378 1856 465 1936 pacis
488 1865 521 1921 et
536 1855 776 1936 tranquillitatis
791 1855 962 1920 amenitate
985 1855 1269 1936 perseverantibus
1288 1857 1389 1920 ueluti·

302 1955 398 2019 lbntis
420 1953 532 2034 irrigui
555 1969 635 2018 suos
657 1953 792 2018 lloridos
817 1953 1020 2018 extendentis
1045 1955 1191 2034 palmites
1217 1955 1256 2017 ad
1285 1955 1388 2018 instat·

302 2064 403 2118 mater
425 2053 633 2118 honorificata
656 2051 784 2129 letetur,
801 2053 862 2118 buc
877 2053 1055 2132 apostolica
1080 2062 1283 2134 perpetuast
1304 2053 1388 2118 irre-

302 2151 447 2234 l'ragabili
472 2151 704 2217 constitutione
726 2151 920 2226 sanccimus,
938 2153 1108 2216 statuimus
1131 2163 1162 2217 et
1184 2151 1389 2226 ordinamus,

303 2259 334 2315 ut
353 2252 459 2315 nullus
486 2268 524 2315 ex
540 2251 667 2315 dilectis
689 2249 764 2313 illlis
783 2249 933 2325 flectcre,
950 2249 1151 2326 doctoribus,
1169 2251 1332 2331 magistris
1353 2262 1386 2314 et

301 2350 480 2414 scolaribus
496 2349 678 2430 ceterisque
694 2349 842 2428 personis
858 2349 1081 2415 Vniuersitatis
1096 2350 1241 2415 eiusdem
1259 2350 1291 2412 in
1307 2366 1389 2430 qua-

299 2463 437 2528 cumque
448 2447 524 2511 inibi
534 2447 680 2512 l'accltate
693 2447 779 2511 licita
791 2447 965 2512 ethonesta
978 2465 1035 2528 pro
1048 2457 1192 2528 tempore
1202 2448 1385 2528 legentibus

298 2554 349 2608 aut
374 2545 550 2610 litterarum
573 2545 680 2609 studio
702 2545 939 2620 insistentibus,
957 2546 1027 2610 siue
1048 2546 1164 2628 queuis
1181 2545 1307 2625 publica
1331 2547 1384 2609 uel

297 2645 420 2723 priuata
436 2643 570 2725 negocia
587 2644 716 2709 nomine
731 2643 955 2709 Vniuersitatls
974 2645 1117 2726 predicte
1139 2643 1387 2726 quomodolibet.

297 2743 535 2818 exercentibus,
561 2743 766 2824 presentibus
795 2753 827 2808 et
853 2744 980 2820 suturis,
1007 2744 1263 2826 quibuscumque
1285 2745 1383 2808 etiam

297 2842 405 2917 motis,
432 2857 468 2906 re
494 2851 599 2906 tamen
628 2841 667 2905 ad
696 2858 830 2922 presens
856 2842 993 2923 integra,
1021 2843 1092 2907 siue
1119 2842 1289 2906 mouendis
1316 2851 1379 2906 tarn

295 2940 445 3004 ciuilibus
457 2956 551 3020 quam
564 2940 785 3005 criminalibus
797 2949 852 3005 aut
863 2941 981 3016 mixtis,
989 2941 1091 3007 eciam
1104 2957 1191 3006 mere
1205 2940 1382 3021 prophanis

295 3038 404 3102 causis
419 3038 673 3104 subsistentibus
696 3039 766 3104 siue
782 3040 906 3105 rationo
923 3039 1033 3104 delicti
1055 3049 1110 3106 eut
1128 3047 1315 3104 contractus
1331 3039 1379 3103 vel

295 3137 343 3202 rei
357 3137 398 3203 de
415 3155 477 3218 qua
498 3147 622 3220 agetur,
636 3137 827 3219 ubicumque
842 3138 1060 3203 committatur
1081 3138 1247 3212 delictum,
1262 3137 1382 3202 iniatur

293 3245 478 3300 contractus
490 3244 545 3300 aut
557 3253 610 3300 res
623 3237 692 3317 ipsa
704 3237 874 3311 consistat,
888 3253 945 3317 per
956 3236 1092 3318 quosuis
1103 3245 1294 3302 executores
1307 3236 1376 3300 siue

290 3334 429 3414 judices,
447 3334 546 3398 eciam
570 3333 761 3401 auctoritate
777 3335 955 3399 litterarum
977 3335 1062 3400 dicte
1077 3334 1170 3400 Sedis
1192 3334 1242 3398 vel
1259 3335 1381 3414 legato·

294 3449 365 3496 rurn
381 3433 525 3497 ciusdem
541 3433 582 3498 de
598 3433 804 3513 presentibus
824 3450 862 3498 ac
876 3450 986 3498 earum
1010 3444 1078 3498 toto
1094 3442 1205 3498 tenore
1227 3432 1268 3496 de
1282 3430 1381 3496 verbo

294 3531 334 3595 ad
350 3531 483 3596 verbum
497 3533 623 3612 plenam
639 3540 670 3597 et
682 3548 867 3613 expressam
885 3532 1079 3598 mentionem
1096 3548 1160 3596 non
1174 3530 1380 3606 lacienciurn,

295 3629 429 3694 forsitan
447 3646 505 3710 pro
522 3640 666 3711 tempore
681 3631 862 3711 deputatos
877 3631 1039 3711 atquibus
1055 3631 1158 3697 eciam
1171 3646 1299 3695 ornnem
1315 3646 1380 3710 quo

292 3728 331 3791 ad
349 3728 410 3793 boc
431 3728 690 3808 iurisdictionem
711 3729 883 3794 adimimus
897 3739 928 3794 et
951 3731 1046 3795 etiam
1070 3739 1274 3811 potestatem,
1291 3737 1378 3794 extra

292 3843 403 3893 muros
425 3828 512 3909 opidi
537 3829 671 3908 predicti
694 3829 789 3903 trabi,
813 3828 905 3894 citari
929 3829 978 3895 rel
1002 3830 1104 3895 eciam
1131 3827 1298 3895 conueniri
1324 3838 1383 3892 aut

287 3925 368 3989 alias
391 3927 429 3989 ad
453 3926 605 3990 iudicium
627 3927 757 3991 euocari
781 3928 882 3991 valeat
908 3931 978 3994 siue
1001 3925 1115 4010 possit,
1143 3926 1318 3991 dummodo
1344 3925 1374 3988 in

285 4023 386 4102 opido
403 4023 525 4104 prelato
541 4040 648 4089 coram
665 4026 952 4091 conseruatoribus
970 4043 1027 4107 per
1043 4043 1103 4092 nos
1116 4026 1147 4090 in
1164 4025 1238 4089 aliis
1255 4024 1380 4090 nostris

286 4121 405 4186 litteris
421 4122 501 4204 ipsis
516 4123 613 4188 bodie
634 4124 804 4204 deputatis,
821 4132 875 4188 aut
890 4125 997 4206 aliquo
1020 4125 1220 4200 eorumdem,
1238 4123 1289 4188 rel
1304 4121 1379 4188 eius
