3100 4942
769 655 820 722 ΙΧ.

258 819 298 882 Le
317 821 480 884 souverain
498 823 613 903 ponlise
634 823 761 888 Nicolos
783 825 948 905 Vddlipne
968 823 1174 888 l’orcnidiooa
1195 824 1236 887 dn
1260 821 1335 886 lini-

295 924 370 981 noni
394 937 435 984 on
460 920 577 985 diocese
600 923 637 986 de
661 923 763 1004 Licea,
791 931 821 987 el
846 925 889 988 les
911 924 1022 1004 doyens
1047 923 1101 987 des
1126 923 1274 1002 oiapilrer
1298 923 1336 985 de

295 1017 574 1084 Scinio-Godoled
592 1021 752 1086 Brncelles
771 1029 798 1085 cl
816 1023 854 1086 dc
874 1021 1154 1089 Soloe-commone
1175 1024 1194 1084 d
1217 1023 1335 1098 crore,

293 1133 372 1197 poor
385 1117 557 1182 inlrodnire
570 1121 649 1186 loon
667 1119 837 1198 Troielcier,
855 1122 1004 1186 cleonoine
1018 1121 1056 1184 do
1069 1119 1334 1194 Scine-Remissa,

295 1215 314 1276 d
329 1216 472 1292 Melinos,
489 1219 567 1282 doras
586 1220 617 1283 lo
631 1221 802 1302 possession
823 1221 860 1284 dc
874 1220 906 1284 lo
920 1223 1046 1285 nieor'rie
1058 1219 1240 1304 popeloeile
1254 1219 1292 1283 de
1305 1219 1335 1283 lo

292 1316 432 1394 paroisse
446 1317 483 1381 de
496 1317 626 1384 Schelle.

572 1467 604 1522 19
618 1486 690 1524 mers
708 1467 776 1524 1447
790 1474 924 1540 (nonvecu
939 1467 1027 1542 styla).

498 1608 570 1662 Tllre
589 1614 626 1662 du
645 1615 792 1664 concerno
809 1615 913 1676 ponllte
931 1619 957 1664 el
976 1615 1095 1664 odroeso.

297 1727 444 1792 Nrcoanns
470 1729 649 1811 Episcopus
679 1748 795 1796 seruus
824 1749 994 1797 seruorum
1024 1732 1073 1796 dei
1105 1729 1232 1795 dilectis
1262 1729 1336 1812 lilijs

253 1826 491 1893 archidiacono
509 1829 675 1895 Hannonis
692 1831 858 1896 leodiensi
877 1840 909 1896 el
930 1841 1041 1896 sancte
1063 1829 1187 1894 Gndule
1211 1829 1335 1894 Bruxel-

254 1925 357 1990 lensis
379 1943 417 1991 ac
439 1929 540 1992 sancti
564 1929 724 1994 (lammari
753 1931 902 2011 lyrensis
928 1929 1168 1994 cameracensis
1195 1928 1336 1994 diocesis

255 2025 389 2105 pecanis
404 2027 613 2093 ecclesiarum
630 2029 768 2096 Salutem
786 2039 817 2094 el
837 2029 1046 2110 apostolicam
1067 2028 1335 2094 benedictionem.

643 2196 754 2266 drenge
773 2213 810 2250 on
826 2200 945 2261 priliaco.

298 2317 424 2382 llarioni
441 2319 590 2399 congruit
605 2329 635 2384 et
651 2320 802 2384 conuenit
818 2319 947 2400 equitari
966 2328 1000 2383 nt
1015 2335 1051 2383 ea
1068 2335 1131 2399 qne
1146 2318 1186 2382 de
1202 2315 1336 2381 Romani

256 2415 419 2494 pontilicis
440 2419 539 2498 gralia
565 2429 793 2497 processerunt
809 2419 882 2482 licet
897 2419 967 2482 eins
984 2417 1233 2498 superueniente
1248 2413 1337 2479 obitu

254 2513 360 2578 littere
375 2517 552 2594 apostolice
568 2533 666 2596 super
681 2517 746 2580 illis
761 2517 906 2582 conlecta
923 2533 985 2580 non
1003 2515 1120 2581 luerint
1142 2531 1235 2579 sonno
1258 2529 1336 2578 con-

253 2622 433 2694 sequantur
447 2615 609 2680 ellectum.

662 2765 778 2831 Eccposc'
793 2771 840 2820 des
858 2771 935 2830 soils.

299 2887 374 2950 Cnrn
398 2887 483 2952 iuxta
505 2890 713 2969 quarumdam
735 2889 838 2953 felicis
855 2888 1093 2953 recordacionis
1110 2885 1240 2968 Eugenij
1258 2901 1338 2965 pape

253 2986 361 3065 quani
379 2987 621 3066 predecessoris
645 2989 745 3052 nostri
769 2997 912 3052 terrorem
937 2988 1113 3050 litterarum
1137 3002 1193 3065 pro
1215 2983 1341 3048 dilectis

258 3085 332 3166 filijs
347 3086 562 3152 Vniversirace
584 3087 680 3168 srodij
704 3086 795 3168 Opidi
821 3086 1032 3152 Louaniensis
1058 3084 1246 3150 leodiensis
1274 3083 1343 3146 dio·

255 3185 341 3250 cesis
357 3201 394 3249 ac
410 3186 512 3264 ipsius
528 3187 726 3250 incremento
743 3186 839 3266 studij
856 3201 1085 3250 concessarum
1101 3185 1133 3248 in
1149 3179 1340 3262 parrochiali

258 3285 394 3348 ecclesia
417 3285 456 3348 de
478 3284 581 3350 Scelle
602 3285 843 3350 Cameracensis
858 3285 999 3348 diocesis
1017 3301 1074 3362 pro
1090 3281 1248 3347 exercicio
1264 3296 1340 3345 cure

254 3383 433 3446 animarum
450 3382 639 3448 dilectorum
657 3385 794 3448 filiorum
812 3383 889 3446 inibi
909 3383 1193 3462 parrochianorom
1217 3378 1340 3444 institui

256 3491 409 3562 perpetua
425 3481 543 3546 vicaria
565 3483 743 3556 debuisset,
760 3483 844 3548 idem
868 3484 1080 3560 predecessor
1099 3479 1271 3544 intendens
1292 3477 1339 3539 di-

255 3580 342 3644 lecto
370 3580 433 3646 lilio
459 3581 595 3646 iohanni
618 3582 791 3646 'lrabelrier
812 3581 970 3645 canonico
992 3579 1131 3644 ecclesie
1153 3578 1254 3642 sancti
1278 3577 1341 3640 Ru·

183 3683 185 3689 '
258 3677 355 3740 rnoldi
379 3677 471 3757 Opidi
496 3680 734 3744 mechliniensis
758 3679 1000 3744 Cameracensis
1023 3678 1165 3742 diocesis
1188 3675 1340 3756 magistro

257 3775 429 3841 inertibus
450 3779 533 3858 apud
557 3787 629 3844 eum
652 3779 692 3843 de
714 3779 891 3843 litterarum
914 3777 1054 3841 sciencia
1071 3776 1136 3840 viro
1158 3791 1196 3838 ae
1217 3789 1341 3839 mornrn

259 3886 428 3940 noneslale
444 3876 578 3958 alijsque
595 3879 762 3958 probitatis
777 3886 809 3942 et
820 3877 971 3940 virtulum
990 3875 1111 3940 meritis
1125 3872 1343 3954 multiplieiter

257 3976 483 4040 commendato
509 3977 642 4057 gratiam
670 3977 774 4041 iacere
799 3977 972 4057 specialem
995 3975 1097 4039 voluit
1121 3984 1153 4039 er
1179 3971 1341 4036 concessit

258 4073 408 4139 videlicet
430 4075 491 4139 snb
513 4076 577 4139 dat.
595 4077 658 4141 diei
683 4075 782 4140 tercio
807 4091 908 4139 nonos
930 4073 1110 4139 decembris
1134 4070 1341 4136 pontificatus

258 4172 309 4237 sni
325 4189 409 4239 anno
425 4175 642 4240 sextodecimo
659 4175 750 4239 vobis
772 4174 840 4237 dari
864 4174 896 4236 in
920 4171 1078 4236 mandatis
1100 4180 1258 4252 qnatenus
1279 4167 1341 4250 ipsi
