3194 4940
193 877 382 962 Privile‘ges
401 881 442 942 de
461 881 679 945 PUrtiversr'ld.
700 885 791 946 Nous
807 903 906 947 avons
923 884 994 966 dejl
1010 885 1066 949 lait
1085 889 1252 951 connaitre

149 975 318 1057 plusieurs
333 978 498 1062 privileges
513 981 664 1044 concede's
679 982 697 1044 l
715 983 918 1046 l'Universite'
935 1005 992 1066 par
1007 985 1051 1047 les
1065 983 1252 1050 souverains‘

149 1077 314 1157 pontisas,
340 1099 397 1159 par
422 1079 465 1140 les
490 1077 568 1142 dues
593 1080 632 1142 de
662 1081 800 1145 Brabant
828 1095 857 1144 et
885 1101 941 1163 par
967 1083 995 1144 le
1022 1087 1187 1166 magistrat
1213 1084 1253 1148 de

157 1175 320 1239 Louvain.
345 1177 436 1239 Voici
462 1197 573 1240 encore
595 1179 749 1262 quelques
778 1179 967 1244 documents
991 1181 1035 1244 du
1064 1195 1124 1245 xve
1148 1181 1252 1256 siecle:

147 1275 212 1354 qui
228 1273 419 1339 confirment
441 1276 484 1339 les
499 1280 628 1340 anciens
646 1276 810 1359 privileges
825 1297 869 1341 ou
884 1297 923 1341 en
940 1281 1095 1343 octroient
1119 1279 1158 1343 de
1174 1298 1250 1344 nou·

154 1381 271 1436 reaux.
305 1377 410 1439 Parmi
436 1395 486 1438 ces
511 1375 650 1439 derniers
678 1377 706 1440 le
732 1378 1099 1459 plus-considerableer
1126 1381 1153 1442 le
1181 1379 1252 1462 plus

152 1474 335 1554 important
357 1487 403 1537 est
425 1495 497 1536 sans
520 1475 675 1539 contredit
698 1477 780 1539 celui
807 1477 850 1540 du
878 1478 962 1541 droit
981 1478 1020 1541 de
1046 1481 1247 1542 nomination

147 1571 174 1631 d
197 1591 245 1633 un
268 1571 368 1653 grand
392 1575 523 1658 nombre
547 1574 586 1636 de
609 1573 761 1638 bendfices
784 1576 1055 1658 ecclesiastiques,
1080 1577 1251 1640 accordeb

155 1670 365 1736 t'lJniversite
400 1692 456 1754 par
485 1675 572 1738 Siste
603 1673 649 1736 tv
682 1673 762 1736 dans
792 1695 825 1737 sa
854 1675 940 1738 bulle
974 1675 1078 1760 Urget
1105 1695 1175 1752 nos,
1207 1675 1251 1739 du
1300 1727 1308 1741 .

158 1769 294 1834 zdavril
315 1771 402 1854 1483.
454 1787 457 1792 '
1149 1775 1152 1780 ’
1201 1763 1203 1768 ,
1249 1795 1254 1810 ·

155 2051 208 2113 Lo
228 2050 300 2114 ville
320 2051 358 2114 dc
375 2051 510 2115 bouvoin
532 2052 692 2132 affroncbll
709 2051 903 2116 l'llnircrst'le
915 2053 953 2117 dr
968 2053 1087 2118 l'orsirc
1101 2071 1141 2117 ou
1157 2055 1252 2131 imbdl

403 2167 459 2212 sur
472 2151 501 2214 le
514 2151 575 2228 vin,
593 2151 624 2214 lo
638 2150 731 2224 titre,
749 2150 934 2227 blomne,
951 2159 1007 2215 elo.
1069 2197 1070 2202 κ

601 2281 634 2336 10
647 2287 713 2339 aoitl
731 2282 810 2338 1432.

205 2421 240 2484 ln
271 2422 401 2500 nomine
438 2421 562 2500 Domini
594 2423 706 2486 lmen.
740 2421 797 2485 l‘er
828 2424 889 2486 boc
919 2439 1055 2502 presens
1086 2423 1247 2503 publicum

158 2521 412 2596 ‘instrumentum
428 2521 554 2586 cunetis
571 2529 674 2601 ualeat
689 2520 867 2594 euidenter,
886 2521 970 2601 quod
987 2537 1073 2586 anoo
1096 2538 1113 2584 a
1139 2521 1252 2598 natiuiq

161 2627 226 2684 tate
249 2619 393 2684 eiusdem
419 2619 543 2684 bomini
563 2618 734 2684 millesimo
751 2619 1070 2700 quadringentesimo
1086 2619 1251 2696 tricesimo

159 2718 319 2792 secundo,
333 2717 508 2782 indictione
521 2717 658 2788 decima.
674 2718 795 2782 mensis
810 2717 938 2798 augusti
955 2717 1007 2781 die
1022 2717 1158 2794 decima,
1174 2719 1252 2783 bora

162 2815 267 2895 prime
281 2816 331 2881 vel
353 2816 496 2892 circiter,
516 2815 721 2898 pontificatus
742 2814 938 2880 sanctissimi
959 2816 989 2878 in
1006 2813 1134 2881 Cbrislo
1151 2816 1252 2897 patris

156 2923 194 2980 et
218 2915 339 2980 domini
363 2917 476 2994 nostri,
493 2915 614 2980 domini
641 2913 771 2998 bugenflil
795 2913 906 2980 diuina
928 2914 1130 2980 Prouidentia
1154 2915 1251 2978 buius

161 3014 305 3078 nominis
321 3031 400 3096 pape
415 3015 519 3096 quarti
534 3031 619 3078 anno
635 3013 799 3090 secundo„
811 3012 843 3076 in
862 3013 1048 3076 notabilium
1064 3023 1096 3078 el
1111 3012 1250 3096 circum

156 3121 348 3194 saeclorum
373 3114 514 3180 virorum
541 3113 746 3178 dominorum
775 3111 962 3176 lobannis
993 3111 1102 3182 Boot.
1134 3113 1249 3190 artium

163 3213 307 3294 magistri
330 3223 363 3278 el
385 3214 552 3294 utriusque
575 3211 654 3276 iuris
675 3210 832 3283 doctoris,
850 3209 1046 3286 cancellarii,
1063 3227 1101 3274 ac
1132 3209 1251 3274 Raso-

165 3311 222 3376 nis
238 3312 283 3376 de
299 3311 452 3388 Grauia,
476 3311 597 3376 domini
611 3309 800 3390 temporalis
812 3308 853 3372 de
869 3308 1011 3374 lleuerlis
1024 3325 1061 3374 ac
1072 3308 1252 3374 consiliarii

157 3409 374 3476 illustrissimi
399 3410 552 3491 principis
575 3419 607 3474 et
629 3407 750 3488 domini
775 3408 876 3472 nostri
907 3407 1027 3470 domini
1052 3406 1251 3488 burgundie

165 3509 379 3590 lotharingie,
396 3509 577 3581 brabantie,
593 3507 774 3588 limburgie
789 3506 893 3582 ducis,
908 3521 945 3569 ac
962 3504 1121 3580 Flattdrie,
1135 3504 1251 3570 llrtbe·

163 3607 220 3683 sie,
240 3609 369 3686 palatini
385 3608 566 3688 burgundie
589 3617 620 3671 et
633 3605 783 3671 Natnurci
800 3603 942 3679 comitis,
958 3603 1107 3684 sacrique
1120 3603 1247 3684 lmperii

166 3707 371 3781 marchionis,
385 3717 416 3771 et
428 3707 468 3772 de
480 3706 597 3770 Salluis
609 3715 640 3770 el
656 3704 826 3776 llecblinie
839 3703 974 3778 domini,
990 3702 1115 3782 melque
1132 3701 1251 3786 notarii

165 3805 281 3883 publici
295 3821 333 3869 ae
346 3806 472 3870 testium
485 3805 763 3884 infrascriptarum
777 3801 939 3882 presentia
948 3801 1114 3882 constituti
1128 3800 1256 3896 egregii

157 3904 416 3970 sevenerabilcs
427 3905 486 3968 viri
499 3903 620 3969 domini
633 3919 670 3966 ac
683 3901 826 3982 magistri
856 3901 1051 3966 lohannes
1073 3899 1253 3972 Licbton,

161 4003 278 4068 artium
316 4003 466 4084 magister
501 4011 535 4068 el
563 4003 730 4081 utriusqus
760 3999 840 4064 iuris
877 3998 1121 4076 baccalaureus,
1148 4005 1255 4080 rector,

158 4099 485 4185 almevniujersitalis
507 4101 603 4166 studii
628 4098 859 4180 bononiensis,
884 4095 1074 4163 leodiensis
1097 4093 1254 4181 diocesis„
1286 4090 1288 4099 '

250 4238 272 4280 r.
1135 4215 1172 4275 lb
