<?xml version="1.0" encoding="UTF-8"?>
<!DOCTYPE html PUBLIC "-//W3C//DTD XHTML 1.0 Transitional//EN"
    "http://www.w3.org/TR/xhtml1/DTD/xhtml1-transitional.dtd">
<html xmlns="http://www.w3.org/1999/xhtml" xml:lang="en" lang="en">
 <head>
  <title>
</title>
<meta http-equiv="Content-Type" content="text/html;charset=utf-8" />
  <meta name='ocr-system' content='tesseract 3.04.00' />
  <meta name='ocr-capabilities' content='ocr_page ocr_carea ocr_par ocr_line ocrx_word'/>
</head>
<body>
  <div class='ocr_page' id='page_1' title='image "./documentsrelati00reusgoog_0155.png"; bbox 0 0 3100 4942; ppageno 0'>
   <div class='ocr_carea' id='block_1_1' title="bbox 635 449 821 514">
    <p class='ocr_par' dir='ltr' id='par_1_1' title="bbox 635 449 821 514">
     <span class='ocr_line' id='line_1_1' title="bbox 635 449 821 514; baseline 0.011 -2"><span class='ocrx_word' id='word_1_1' title='bbox 635 449 821 514; x_wconf 81' lang='lat' dir='ltr'><strong>-rta-</strong></span> 
     </span>
    </p>
   </div>
   <div class='ocr_carea' id='block_1_2' title="bbox 183 628 1274 994">
    <p class='ocr_par' dir='ltr' id='par_1_2' title="bbox 183 628 1274 994">
     <span class='ocr_line' id='line_1_2' title="bbox 225 628 789 714; baseline -0.007 -15"><span class='ocrx_word' id='word_1_2' title='bbox 225 633 285 700; x_wconf 83' lang='lat' dir='ltr'><strong>Sur</strong></span> <span class='ocrx_word' id='word_1_3' title='bbox 299 633 328 696; x_wconf 89' lang='lat' dir='ltr'><strong>le</strong></span> <span class='ocrx_word' id='word_1_4' title='bbox 340 631 398 714; x_wconf 83' lang='lat' dir='ltr'><strong>pli,</strong></span> <span class='ocrx_word' id='word_1_5' title='bbox 416 633 434 696; x_wconf 82' lang='lat' dir='ltr'><strong>t</strong></span> <span class='ocrx_word' id='word_1_6' title='bbox 450 631 550 696; x_wconf 85' lang='lat' dir='ltr'><strong>rlrot&#39;te</strong></span> <span class='ocrx_word' id='word_1_7' title='bbox 566 635 639 696; x_wconf 76' lang='lat' dir='ltr'><strong>rto.</strong></span> <span class='ocrx_word' id='word_1_8' title='bbox 656 628 789 696; x_wconf 87' lang='lat' dir='ltr'><strong>Sunodi.</strong></span> 
     </span>
     <span class='ocr_line' id='line_1_3' title="bbox 183 728 1199 809; baseline -0.006 -10"><span class='ocrx_word' id='word_1_9' title='bbox 183 733 245 799; x_wconf 85' lang='lat' dir='ltr'><strong>Sur</strong></span> <span class='ocrx_word' id='word_1_10' title='bbox 259 732 287 798; x_wconf 89' lang='lat' dir='ltr'><strong>le</strong></span> <span class='ocrx_word' id='word_1_11' title='bbox 301 733 357 796; x_wconf 82' lang='lat' dir='ltr'><strong>rior</strong></span> <span class='ocrx_word' id='word_1_12' title='bbox 373 750 384 796; x_wconf 90' lang='lat'><strong>.·</strong></span> <span class='ocrx_word' id='word_1_13' title='bbox 401 733 435 796; x_wconf 84' lang='lat' dir='ltr'><strong>B.</strong></span> <span class='ocrx_word' id='word_1_14' title='bbox 454 731 646 796; x_wconf 83' lang='lat' dir='ltr'><strong>Rouuorella</strong></span> <span class='ocrx_word' id='word_1_15' title='bbox 730 729 953 809; x_wconf 86' lang='lat' dir='ltr'><strong>lucorporario</strong></span> <span class='ocrx_word' id='word_1_16' title='bbox 970 728 1199 794; x_wconf 80' lang='lat' dir='ltr'><strong>beneficiorum</strong></span> 
     </span>
     <span class='ocr_line' id='line_1_4' title="bbox 397 827 1274 911; baseline 0.001 -18"><span class='ocrx_word' id='word_1_17' title='bbox 397 829 437 894; x_wconf 88' lang='lat' dir='ltr'><strong>ll.</strong></span> <span class='ocrx_word' id='word_1_18' title='bbox 455 829 600 911; x_wconf 82' lang='lat' dir='ltr'><strong>Theninj.</strong></span> <span class='ocrx_word' id='word_1_19' title='bbox 734 827 876 895; x_wconf 86' lang='lat' dir='ltr'><strong>liabetur</strong></span> <span class='ocrx_word' id='word_1_20' title='bbox 900 828 983 893; x_wconf 88' lang='lat' dir='ltr'><strong>libro</strong></span> <span class='ocrx_word' id='word_1_21' title='bbox 1008 828 1081 894; x_wconf 85' lang='lat' dir='ltr'><strong>sina</strong></span> <span class='ocrx_word' id='word_1_22' title='bbox 1103 829 1274 894; x_wconf 76' lang='lat' dir='ltr'>asseribus</span> 
     </span>
     <span class='ocr_line' id='line_1_5' title="bbox 731 927 957 994; baseline -0.004 -2"><span class='ocrx_word' id='word_1_23' title='bbox 731 929 786 994; x_wconf 87' lang='lat' dir='ltr'><strong>lul.</strong></span> <span class='ocrx_word' id='word_1_24' title='bbox 805 927 957 991; x_wconf 65' lang='lat' dir='ltr'><strong>cxxxi.</strong></span> 
     </span>
    </p>
   </div>
   <div class='ocr_carea' id='block_1_3' title="bbox 522 1076 1275 1326">
    <p class='ocr_par' dir='ltr' id='par_1_3' title="bbox 522 1076 1275 1326">
     <span class='ocr_line' id='line_1_6' title="bbox 557 1076 1274 1150; baseline 0.001 -18"><span class='ocrx_word' id='word_1_25' title='bbox 557 1077 684 1150; x_wconf 78' lang='lat' dir='ltr'><strong>Original</strong></span> <span class='ocrx_word' id='word_1_26' title='bbox 702 1096 752 1133; x_wconf 82' lang='lat' dir='ltr'><strong>sur</strong></span> <span class='ocrx_word' id='word_1_27' title='bbox 769 1076 936 1150; x_wconf 79' lang='lat' dir='ltr'><strong>parchemin,</strong></span> <span class='ocrx_word' id='word_1_28' title='bbox 952 1078 1030 1132; x_wconf 91' lang='lat' dir='ltr'><strong>muni</strong></span> <span class='ocrx_word' id='word_1_29' title='bbox 1047 1079 1081 1133; x_wconf 86' lang='lat' dir='ltr'><strong>tle</strong></span> <span class='ocrx_word' id='word_1_30' title='bbox 1100 1079 1127 1132; x_wconf 87' lang='lat' dir='ltr'><strong>la</strong></span> <span class='ocrx_word' id='word_1_31' title='bbox 1145 1078 1220 1133; x_wconf 84' lang='lat' dir='ltr'><strong>bulla</strong></span> <span class='ocrx_word' id='word_1_32' title='bbox 1237 1095 1274 1133; x_wconf 84' lang='lat' dir='ltr'><strong>en</strong></span> 
     </span>
     <span class='ocr_line' id='line_1_7' title="bbox 522 1169 1275 1242; baseline -0.001 -19"><span class='ocrx_word' id='word_1_33' title='bbox 522 1169 615 1242; x_wconf 87' lang='lat' dir='ltr'>plomb</span> <span class='ocrx_word' id='word_1_34' title='bbox 634 1171 775 1240; x_wconf 75' lang='lat' dir='ltr'><strong>d&#39;Eugene</strong></span> <span class='ocrx_word' id='word_1_35' title='bbox 794 1170 840 1234; x_wconf 87' lang='lat' dir='ltr'><strong>lV,</strong></span> <span class='ocrx_word' id='word_1_36' title='bbox 867 1169 987 1240; x_wconf 79' lang='lat' dir='ltr'>pendant</span> <span class='ocrx_word' id='word_1_37' title='bbox 1010 1174 1026 1222; x_wconf 83' lang='lat' dir='ltr'><strong>a</strong></span> <span class='ocrx_word' id='word_1_38' title='bbox 1049 1169 1097 1222; x_wconf 84' lang='lat' dir='ltr'><strong>des</strong></span> <span class='ocrx_word' id='word_1_39' title='bbox 1119 1170 1216 1223; x_wconf 85' lang='lat' dir='ltr'><strong>cordes</strong></span> <span class='ocrx_word' id='word_1_40' title='bbox 1238 1185 1275 1224; x_wconf 89' lang='lat' dir='ltr'><strong>en</strong></span> 
     </span>
     <span class='ocr_line' id='line_1_8' title="bbox 522 1258 1228 1326; baseline 0 -11"><span class='ocrx_word' id='word_1_41' title='bbox 522 1260 651 1326; x_wconf 83' lang='lat' dir='ltr'><strong>chanrre,</strong></span> <span class='ocrx_word' id='word_1_42' title='bbox 667 1277 722 1314; x_wconf 84' lang='lat' dir='ltr'><strong>eux</strong></span> <span class='ocrx_word' id='word_1_43' title='bbox 737 1258 866 1314; x_wconf 81' lang='lat' dir='ltr'><strong>Archires</strong></span> <span class='ocrx_word' id='word_1_44' title='bbox 880 1259 914 1314; x_wconf 88' lang='lat' dir='ltr'><strong>de</strong></span> <span class='ocrx_word' id='word_1_45' title='bbox 927 1260 955 1313; x_wconf 87' lang='lat' dir='ltr'><strong>la</strong></span> <span class='ocrx_word' id='word_1_46' title='bbox 970 1258 1035 1312; x_wconf 83' lang='lat' dir='ltr'><strong>ville</strong></span> <span class='ocrx_word' id='word_1_47' title='bbox 1047 1259 1081 1313; x_wconf 85' lang='lat' dir='ltr'><strong>tle</strong></span> <span class='ocrx_word' id='word_1_48' title='bbox 1095 1258 1228 1315; x_wconf 84' lang='lat' dir='ltr'><strong>Lourain.</strong></span> 
     </span>
    </p>
   </div>
   <div class='ocr_carea' id='block_1_4' title="bbox 713 1481 752 1546">
    <p class='ocr_par' dir='ltr' id='par_1_4' title="bbox 713 1481 752 1546">
     <span class='ocr_line' id='line_1_9' title="bbox 713 1481 752 1546; baseline 0.026 -1"><span class='ocrx_word' id='word_1_49' title='bbox 713 1481 752 1546; x_wconf 91' lang='lat' dir='ltr'><strong>ll.</strong></span> 
     </span>
    </p>
   </div>
   <div class='ocr_carea' id='block_1_5' title="bbox 190 1631 1281 2208">
    <p class='ocr_par' dir='ltr' id='par_1_5' title="bbox 190 1631 1281 2208">
     <span class='ocr_line' id='line_1_10' title="bbox 190 1631 1279 1714; baseline 0 -20"><span class='ocrx_word' id='word_1_50' title='bbox 190 1632 339 1704; x_wconf 82' lang='lat' dir='ltr'><strong>Frarccis</strong></span> <span class='ocrx_word' id='word_1_51' title='bbox 360 1632 398 1694; x_wconf 84' lang='lat' dir='ltr'><strong>tle</strong></span> <span class='ocrx_word' id='word_1_52' title='bbox 418 1631 554 1705; x_wconf 80' lang='lat' dir='ltr'><strong>Pudore,</strong></span> <span class='ocrx_word' id='word_1_53' title='bbox 572 1632 717 1694; x_wconf 69' lang='lat' dir='ltr'><strong>treecrim</strong></span> <span class='ocrx_word' id='word_1_54' title='bbox 737 1632 779 1694; x_wconf 69' lang='grc' dir='ltr'><strong>αα</strong></span> <span class='ocrx_word' id='word_1_55' title='bbox 798 1648 888 1713; x_wconf 86' lang='lat' dir='ltr'><strong>pope,</strong></span> <span class='ocrx_word' id='word_1_56' title='bbox 904 1633 1005 1696; x_wconf 77' lang='lat' dir='ltr'><strong>donne</strong></span> <span class='ocrx_word' id='word_1_57' title='bbox 1025 1633 1180 1714; x_wconf 82' lang='lat' dir='ltr'><strong>politanae</strong></span> <span class='ocrx_word' id='word_1_58' title='bbox 1197 1651 1279 1714; x_wconf 85' lang='lat' dir='ltr'><strong>pour</strong></span> 
     </span>
     <span class='ocr_line' id='line_1_11' title="bbox 231 1729 1281 1813; baseline 0.002 -21"><span class='ocrx_word' id='word_1_59' title='bbox 231 1736 340 1811; x_wconf 80' lang='lat' dir='ltr'><strong>quatre</strong></span> <span class='ocrx_word' id='word_1_60' title='bbox 361 1737 446 1792; x_wconf 83' lang='lat' dir='ltr'><strong>rents</strong></span> <span class='ocrx_word' id='word_1_61' title='bbox 466 1731 573 1808; x_wconf 72' lang='lat' dir='ltr'><strong>(larius</strong></span> <span class='ocrx_word' id='word_1_62' title='bbox 595 1729 661 1792; x_wconf 84' lang='lat' dir='ltr'><strong>d’or</strong></span> <span class='ocrx_word' id='word_1_63' title='bbox 681 1730 722 1792; x_wconf 88' lang='lat' dir='ltr'><strong>de</strong></span> <span class='ocrx_word' id='word_1_64' title='bbox 737 1745 876 1804; x_wconf 89' lang='lat' dir='ltr'><strong>camera,</strong></span> <span class='ocrx_word' id='word_1_65' title='bbox 891 1731 981 1812; x_wconf 84' lang='lat' dir='ltr'><strong>pope&#39;a</strong></span> <span class='ocrx_word' id='word_1_66' title='bbox 1001 1749 1060 1813; x_wconf 87' lang='lat' dir='ltr'><strong>pur</strong></span> <span class='ocrx_word' id='word_1_67' title='bbox 1082 1731 1281 1797; x_wconf 70' lang='lat' dir='ltr'><strong>l’lhtloersile</strong></span> 
     </span>
     <span class='ocr_line' id='line_1_12' title="bbox 231 1827 1281 1912; baseline 0.002 -20"><span class='ocrx_word' id='word_1_68' title='bbox 231 1845 345 1892; x_wconf 86' lang='lat' dir='ltr'><strong>comme</strong></span> <span class='ocrx_word' id='word_1_69' title='bbox 366 1829 448 1892; x_wconf 82' lang='lat' dir='ltr'><strong>droit</strong></span> <span class='ocrx_word' id='word_1_70' title='bbox 469 1827 627 1891; x_wconf 85' lang='lat' dir='ltr'><strong>ri’unrtaler</strong></span> <span class='ocrx_word' id='word_1_71' title='bbox 647 1846 726 1909; x_wconf 85' lang='lat' dir='ltr'><strong>pour</strong></span> <span class='ocrx_word' id='word_1_72' title='bbox 746 1829 1007 1910; x_wconf 84' lang='lat' dir='ltr'><strong>l&#39;inrorporuliort,</strong></span> <span class='ocrx_word' id='word_1_73' title='bbox 1024 1849 1065 1894; x_wconf 87' lang='lat' dir='ltr'><strong>ou</strong></span> <span class='ocrx_word' id='word_1_74' title='bbox 1083 1831 1219 1912; x_wconf 84' lang='lat' dir='ltr'><strong>chapitrc</strong></span> <span class='ocrx_word' id='word_1_75' title='bbox 1240 1831 1281 1894; x_wconf 80' lang='lat' dir='ltr'><strong>dc</strong></span> 
     </span>
     <span class='ocr_line' id='line_1_13' title="bbox 232 1927 1277 2010; baseline -0.002 -16"><span class='ocrx_word' id='word_1_76' title='bbox 232 1927 443 1994; x_wconf 74' lang='lat' dir='ltr'><strong>Sator-rtem</strong></span> <span class='ocrx_word' id='word_1_77' title='bbox 464 1929 649 2004; x_wconf 68' lang='lat' dir='ltr'><strong>hmaraio,</strong></span> <span class='ocrx_word' id='word_1_78' title='bbox 667 1929 720 1990; x_wconf 84' lang='lat' dir='ltr'><strong>rlrr</strong></span> <span class='ocrx_word' id='word_1_79' title='bbox 741 1927 848 2008; x_wconf 71' lang='lat' dir='ltr'><strong>eplises</strong></span> <span class='ocrx_word' id='word_1_80' title='bbox 871 1929 1071 2010; x_wconf 77' lang='lat' dir='ltr'><strong>parotsriolee</strong></span> <span class='ocrx_word' id='word_1_81' title='bbox 1093 1931 1131 1993; x_wconf 80' lang='lat' dir='ltr'><strong>dc</strong></span> <span class='ocrx_word' id='word_1_82' title='bbox 1153 1929 1277 1996; x_wconf 79' lang='lat' dir='ltr'><strong>Holco-</strong></span> 
     </span>
     <span class='ocr_line' id='line_1_14' title="bbox 233 2025 1278 2110; baseline 0.003 -21"><span class='ocrx_word' id='word_1_83' title='bbox 233 2027 337 2102; x_wconf 83' lang='lat' dir='ltr'><strong>rlcrer,</strong></span> <span class='ocrx_word' id='word_1_84' title='bbox 368 2025 529 2100; x_wconf 81' lang='lat' dir='ltr'><strong>llclsheelt,</strong></span> <span class='ocrx_word' id='word_1_85' title='bbox 562 2025 886 2102; x_wconf 69' lang='lat' dir='ltr'><strong>Coroni-onerum,</strong></span> <span class='ocrx_word' id='word_1_86' title='bbox 918 2028 1104 2104; x_wconf 84' lang='lat' dir='ltr'><strong>Necrlinter,</strong></span> <span class='ocrx_word' id='word_1_87' title='bbox 1131 2029 1278 2110; x_wconf 80' lang='lat' dir='ltr'><strong>Knepscl,</strong></span> 
     </span>
     <span class='ocr_line' id='line_1_15' title="bbox 237 2125 768 2208; baseline 0.004 -20"><span class='ocrx_word' id='word_1_88' title='bbox 237 2125 357 2200; x_wconf 82' lang='lat' dir='ltr'><strong>Rrerhl,</strong></span> <span class='ocrx_word' id='word_1_89' title='bbox 374 2125 506 2201; x_wconf 77' lang='lat' dir='ltr'><strong><em>Schelle,</em></strong></span> <span class='ocrx_word' id='word_1_90' title='bbox 526 2127 618 2189; x_wconf 87' lang='lat' dir='ltr'><strong>Boom</strong></span> <span class='ocrx_word' id='word_1_91' title='bbox 635 2132 662 2189; x_wconf 87' lang='lat' dir='ltr'><strong>cl</strong></span> <span class='ocrx_word' id='word_1_92' title='bbox 676 2127 768 2208; x_wconf 80' lang='lat' dir='ltr'><strong>Erpa.</strong></span> 
     </span>
    </p>
   </div>
   <div class='ocr_carea' id='block_1_6' title="bbox 235 2273 1282 2479">
    <p class='ocr_par' dir='ltr' id='par_1_6' title="bbox 235 2273 1282 2479">
     <span class='ocr_line' id='line_1_16' title="bbox 626 2273 841 2331; baseline 0.014 -3"><span class='ocrx_word' id='word_1_93' title='bbox 626 2273 663 2328; x_wconf 82' lang='lat'><strong>&#39;29</strong></span> <span class='ocrx_word' id='word_1_94' title='bbox 683 2275 736 2329; x_wconf 88' lang='lat' dir='ltr'><strong>mai</strong></span> <span class='ocrx_word' id='word_1_95' title='bbox 762 2276 841 2331; x_wconf 80' lang='grc'><strong>1443.</strong></span> 
     </span>
     <span class='ocr_line' id='line_1_17' title="bbox 235 2395 1282 2479; baseline 0.004 -20"><span class='ocrx_word' id='word_1_96' title='bbox 235 2395 405 2460; x_wconf 88' lang='lat' dir='ltr'><strong>Uniuersis</strong></span> <span class='ocrx_word' id='word_1_97' title='bbox 433 2405 600 2475; x_wconf 77' lang='lat' dir='ltr'><strong>presentes</strong></span> <span class='ocrx_word' id='word_1_98' title='bbox 630 2397 754 2462; x_wconf 85' lang='lat' dir='ltr'><strong>litteras</strong></span> <span class='ocrx_word' id='word_1_99' title='bbox 787 2398 982 2479; x_wconf 87' lang='lat' dir='ltr'><strong>inspecturis</strong></span> <span class='ocrx_word' id='word_1_100' title='bbox 1016 2397 1207 2462; x_wconf 78' lang='lat' dir='ltr'><strong>Franciscus</strong></span> <span class='ocrx_word' id='word_1_101' title='bbox 1237 2398 1282 2463; x_wconf 88' lang='lat' dir='ltr'><strong>de</strong></span> 
     </span>
    </p>
   </div>
   <div class='ocr_carea' id='block_1_7' title="bbox 192 2496 1292 4261">
    <p class='ocr_par' dir='ltr' id='par_1_7' title="bbox 192 2496 1292 4261">
     <span class='ocr_line' id='line_1_18' title="bbox 192 2496 1276 2578; baseline 0.002 -18"><span class='ocrx_word' id='word_1_102' title='bbox 192 2496 301 2560; x_wconf 87' lang='lat' dir='ltr'><strong>Padua</strong></span> <span class='ocrx_word' id='word_1_103' title='bbox 325 2497 445 2560; x_wconf 87' lang='lat' dir='ltr'><strong>domini</strong></span> <span class='ocrx_word' id='word_1_104' title='bbox 463 2498 564 2562; x_wconf 89' lang='lat' dir='ltr'><strong>nostri</strong></span> <span class='ocrx_word' id='word_1_105' title='bbox 582 2514 663 2578; x_wconf 89' lang='lat' dir='ltr'><strong>pape</strong></span> <span class='ocrx_word' id='word_1_106' title='bbox 678 2497 911 2562; x_wconf 86' lang='lat' dir='ltr'><strong>Thesaurarius</strong></span> <span class='ocrx_word' id='word_1_107' title='bbox 927 2499 1067 2563; x_wconf 80' lang='lat' dir='ltr'><strong>Salutem</strong></span> <span class='ocrx_word' id='word_1_108' title='bbox 1084 2500 1115 2561; x_wconf 94' lang='lat' dir='ltr'><strong>iu</strong></span> <span class='ocrx_word' id='word_1_109' title='bbox 1132 2498 1276 2564; x_wconf 83' lang='lat' dir='ltr'><strong>lumino.</strong></span> 
     </span>
     <span class='ocr_line' id='line_1_19' title="bbox 192 2595 1282 2679; baseline 0.004 -21"><span class='ocrx_word' id='word_1_110' title='bbox 192 2595 403 2661; x_wconf 88' lang='lat' dir='ltr'><strong>Vniuersitati</strong></span> <span class='ocrx_word' id='word_1_111' title='bbox 413 2607 540 2661; x_wconf 88' lang='lat' dir='ltr'><strong>vestreu</strong></span> <span class='ocrx_word' id='word_1_112' title='bbox 554 2607 641 2660; x_wconf 93' lang='lat' dir='ltr'><strong>otum</strong></span> <span class='ocrx_word' id='word_1_113' title='bbox 656 2597 790 2661; x_wconf 89' lang='lat' dir='ltr'><strong>iacimus</strong></span> <span class='ocrx_word' id='word_1_114' title='bbox 803 2615 860 2676; x_wconf 90' lang='lat' dir='ltr'><strong>per</strong></span> <span class='ocrx_word' id='word_1_115' title='bbox 870 2597 1138 2678; x_wconf 77' lang='lat' dir='ltr'><strong>presenteS,ou0d</strong></span> <span class='ocrx_word' id='word_1_116' title='bbox 1152 2597 1282 2679; x_wconf 78' lang='lat' dir='ltr'><strong>egregia</strong></span> 
     </span>
     <span class='ocr_line' id='line_1_20' title="bbox 193 2693 1283 2775; baseline 0.001 -17"><span class='ocrx_word' id='word_1_117' title='bbox 193 2703 227 2758; x_wconf 92' lang='lat' dir='ltr'><strong>et</strong></span> <span class='ocrx_word' id='word_1_118' title='bbox 238 2693 644 2759; x_wconf 88' lang='lat' dir='ltr'><strong>venerahilisvniuersitas</strong></span> <span class='ocrx_word' id='word_1_119' title='bbox 657 2695 752 2760; x_wconf 87' lang='lat' dir='ltr'><strong>studii</strong></span> <span class='ocrx_word' id='word_1_120' title='bbox 767 2696 853 2775; x_wconf 91' lang='lat' dir='ltr'><strong>opidi</strong></span> <span class='ocrx_word' id='word_1_121' title='bbox 869 2695 1078 2760; x_wconf 81' lang='lat' dir='ltr'><strong>Louauieusis</strong></span> <span class='ocrx_word' id='word_1_122' title='bbox 1093 2695 1283 2760; x_wconf 84' lang='lat' dir='ltr'><strong>Leodiensis</strong></span> 
     </span>
     <span class='ocr_line' id='line_1_21' title="bbox 192 2793 1283 2876; baseline 0.002 -19"><span class='ocrx_word' id='word_1_123' title='bbox 192 2793 337 2859; x_wconf 82' lang='lat' dir='ltr'><strong>diocesis</strong></span> <span class='ocrx_word' id='word_1_124' title='bbox 367 2811 426 2874; x_wconf 92' lang='lat' dir='ltr'><strong>pro</strong></span> <span class='ocrx_word' id='word_1_125' title='bbox 453 2803 542 2874; x_wconf 87' lang='lat' dir='ltr'><strong>parte</strong></span> <span class='ocrx_word' id='word_1_126' title='bbox 564 2794 744 2859; x_wconf 88' lang='lat' dir='ltr'><strong>solucionis</strong></span> <span class='ocrx_word' id='word_1_127' title='bbox 770 2795 967 2876; x_wconf 83' lang='lat' dir='ltr'><strong>integrarum</strong></span> <span class='ocrx_word' id='word_1_128' title='bbox 992 2803 1180 2859; x_wconf 89' lang='lat' dir='ltr'><strong>armatarum</strong></span> <span class='ocrx_word' id='word_1_129' title='bbox 1208 2811 1283 2876; x_wconf 88' lang='lat' dir='ltr'><strong>par·</strong></span> 
     </span>
     <span class='ocr_line' id='line_1_22' title="bbox 194 2892 1283 2970; baseline 0.002 -14"><span class='ocrx_word' id='word_1_130' title='bbox 194 2892 386 2957; x_wconf 87' lang='lat' dir='ltr'><strong>rochialium</strong></span> <span class='ocrx_word' id='word_1_131' title='bbox 416 2893 626 2958; x_wconf 88' lang='lat' dir='ltr'><strong>ecclesiarum</strong></span> <span class='ocrx_word' id='word_1_132' title='bbox 663 2893 703 2958; x_wconf 89' lang='lat' dir='ltr'><strong>de</strong></span> <span class='ocrx_word' id='word_1_133' title='bbox 732 2893 947 2968; x_wconf 82' lang='lat' dir='ltr'><strong>hakeuueuel,</strong></span> <span class='ocrx_word' id='word_1_134' title='bbox 979 2893 1020 2959; x_wconf 90' lang='lat' dir='ltr'><strong>de</strong></span> <span class='ocrx_word' id='word_1_135' title='bbox 1051 2893 1210 2970; x_wconf 85' lang='lat' dir='ltr'><strong>lloshehe,</strong></span> <span class='ocrx_word' id='word_1_136' title='bbox 1241 2893 1283 2958; x_wconf 78' lang='lat' dir='ltr'><strong>rte</strong></span> 
     </span>
     <span class='ocr_line' id='line_1_23' title="bbox 195 2991 1284 3068; baseline 0.001 -14"><span class='ocrx_word' id='word_1_137' title='bbox 195 2991 356 3057; x_wconf 86' lang='lat' dir='ltr'><strong>Gorthrhe</strong></span> <span class='ocrx_word' id='word_1_138' title='bbox 374 3009 452 3057; x_wconf 88' lang='lat' dir='ltr'><strong>orer</strong></span> <span class='ocrx_word' id='word_1_139' title='bbox 469 2993 545 3068; x_wconf 82' lang='lat' dir='ltr'><strong>too,</strong></span> <span class='ocrx_word' id='word_1_140' title='bbox 562 2993 603 3057; x_wconf 89' lang='lat' dir='ltr'><strong>de</strong></span> <span class='ocrx_word' id='word_1_141' title='bbox 625 2992 763 3056; x_wconf 85' lang='lat' dir='ltr'><strong>Lintcris</strong></span> <span class='ocrx_word' id='word_1_142' title='bbox 779 2993 935 3066; x_wconf 88' lang='lat' dir='ltr'><strong>iniericri,</strong></span> <span class='ocrx_word' id='word_1_143' title='bbox 951 2993 992 3058; x_wconf 88' lang='lat' dir='ltr'><strong>de</strong></span> <span class='ocrx_word' id='word_1_144' title='bbox 1006 2993 1137 3067; x_wconf 83' lang='lat' dir='ltr'><strong>liuercl,</strong></span> <span class='ocrx_word' id='word_1_145' title='bbox 1156 3009 1284 3058; x_wconf 78' lang='lat' dir='ltr'><strong>necnon</strong></span> 
     </span>
     <span class='ocr_line' id='line_1_24' title="bbox 197 3089 1287 3172; baseline 0.003 -19"><span class='ocrx_word' id='word_1_146' title='bbox 197 3090 238 3154; x_wconf 81' lang='lat' dir='ltr'><strong>tle</strong></span> <span class='ocrx_word' id='word_1_147' title='bbox 254 3089 383 3167; x_wconf 85' lang='lat' dir='ltr'><strong>Bracht,</strong></span> <span class='ocrx_word' id='word_1_148' title='bbox 400 3091 440 3156; x_wconf 88' lang='lat' dir='ltr'><strong>de</strong></span> <span class='ocrx_word' id='word_1_149' title='bbox 463 3091 601 3167; x_wconf 82' lang='lat' dir='ltr'><strong>Schelle,</strong></span> <span class='ocrx_word' id='word_1_150' title='bbox 619 3092 659 3156; x_wconf 91' lang='lat' dir='ltr'><strong>de</strong></span> <span class='ocrx_word' id='word_1_151' title='bbox 674 3092 798 3156; x_wconf 82' lang='lat' dir='ltr'><strong>Arbore</strong></span> <span class='ocrx_word' id='word_1_152' title='bbox 820 3101 852 3156; x_wconf 94' lang='lat' dir='ltr'><strong>et</strong></span> <span class='ocrx_word' id='word_1_153' title='bbox 874 3092 914 3156; x_wconf 86' lang='lat' dir='ltr'><strong>da</strong></span> <span class='ocrx_word' id='word_1_154' title='bbox 930 3091 1021 3172; x_wconf 84' lang='lat' dir='ltr'><strong>llrps‚</strong></span> <span class='ocrx_word' id='word_1_155' title='bbox 1043 3091 1229 3156; x_wconf 82' lang='lat' dir='ltr'><strong>leodiensis</strong></span> <span class='ocrx_word' id='word_1_156' title='bbox 1252 3101 1287 3156; x_wconf 87' lang='lat' dir='ltr'><strong>et</strong></span> 
     </span>
     <span class='ocr_line' id='line_1_25' title="bbox 199 3187 1286 3272; baseline 0.004 -22"><span class='ocrx_word' id='word_1_157' title='bbox 199 3187 443 3254; x_wconf 86' lang='lat' dir='ltr'><strong>Cameracensis</strong></span> <span class='ocrx_word' id='word_1_158' title='bbox 465 3191 655 3264; x_wconf 79' lang='lat' dir='ltr'><strong>diocesium</strong></span> <span class='ocrx_word' id='word_1_159' title='bbox 679 3191 846 3272; x_wconf 72' lang='lat' dir='ltr'><strong>collegisse</strong></span> <span class='ocrx_word' id='word_1_160' title='bbox 872 3200 904 3255; x_wconf 92' lang='lat' dir='ltr'><strong>et</strong></span> <span class='ocrx_word' id='word_1_161' title='bbox 930 3189 1121 3271; x_wconf 76' lang='lat' dir='ltr'><strong>parrochiali</strong></span> <span class='ocrx_word' id='word_1_162' title='bbox 1145 3189 1286 3254; x_wconf 89' lang='lat' dir='ltr'><strong>ecclesie</strong></span> 
     </span>
     <span class='ocr_line' id='line_1_26' title="bbox 199 3287 1284 3369; baseline -0.002 -17"><span class='ocrx_word' id='word_1_163' title='bbox 199 3288 301 3352; x_wconf 88' lang='lat' dir='ltr'><strong>sancti</strong></span> <span class='ocrx_word' id='word_1_164' title='bbox 330 3287 415 3353; x_wconf 86' lang='lat' dir='ltr'><strong>Petri</strong></span> <span class='ocrx_word' id='word_1_165' title='bbox 441 3289 517 3353; x_wconf 89' lang='lat' dir='ltr'><strong>dicti</strong></span> <span class='ocrx_word' id='word_1_166' title='bbox 544 3290 631 3368; x_wconf 85' lang='lat' dir='ltr'><strong>opidi</strong></span> <span class='ocrx_word' id='word_1_167' title='bbox 660 3289 870 3355; x_wconf 84' lang='lat' dir='ltr'><strong>uniendarum</strong></span> <span class='ocrx_word' id='word_1_168' title='bbox 900 3301 931 3354; x_wconf 91' lang='lat' dir='ltr'><strong>et</strong></span> <span class='ocrx_word' id='word_1_169' title='bbox 960 3288 1284 3369; x_wconf 87' lang='lat' dir='ltr'><strong>appropriandarum,</strong></span> 
     </span>
     <span class='ocr_line' id='line_1_27' title="bbox 199 3387 1287 3469; baseline 0 -19"><span class='ocrx_word' id='word_1_170' title='bbox 199 3403 325 3452; x_wconf 86' lang='lat' dir='ltr'><strong>necnon</strong></span> <span class='ocrx_word' id='word_1_171' title='bbox 340 3387 436 3453; x_wconf 91' lang='lat' dir='ltr'><strong>trium</strong></span> <span class='ocrx_word' id='word_1_172' title='bbox 455 3389 700 3454; x_wconf 77' lang='lat' dir='ltr'><strong>canonicatuum</strong></span> <span class='ocrx_word' id='word_1_173' title='bbox 722 3397 753 3453; x_wconf 89' lang='lat' dir='ltr'><strong>et</strong></span> <span class='ocrx_word' id='word_1_174' title='bbox 769 3389 1004 3469; x_wconf 83' lang='lat' dir='ltr'><strong>prebendarum</strong></span> <span class='ocrx_word' id='word_1_175' title='bbox 1026 3405 1064 3451; x_wconf 86' lang='lat' dir='ltr'><strong>ex</strong></span> <span class='ocrx_word' id='word_1_176' title='bbox 1081 3387 1192 3452; x_wconf 89' lang='lat' dir='ltr'><strong>decem</strong></span> <span class='ocrx_word' id='word_1_177' title='bbox 1210 3395 1287 3450; x_wconf 91' lang='lat' dir='ltr'><strong>octo</strong></span> 
     </span>
     <span class='ocr_line' id='line_1_28' title="bbox 199 3483 1289 3568; baseline 0.002 -21"><span class='ocrx_word' id='word_1_178' title='bbox 199 3485 373 3566; x_wconf 84' lang='lat' dir='ltr'><strong>prebendis</strong></span> <span class='ocrx_word' id='word_1_179' title='bbox 402 3486 545 3551; x_wconf 87' lang='lat' dir='ltr'><strong>indicta</strong></span> <span class='ocrx_word' id='word_1_180' title='bbox 572 3487 740 3568; x_wconf 81' lang='lat' dir='ltr'><strong>collegiata</strong></span> <span class='ocrx_word' id='word_1_181' title='bbox 770 3487 907 3552; x_wconf 80' lang='lat' dir='ltr'><strong>ecclesia</strong></span> <span class='ocrx_word' id='word_1_182' title='bbox 937 3503 974 3550; x_wconf 91' lang='lat' dir='ltr'><strong>ac</strong></span> <span class='ocrx_word' id='word_1_183' title='bbox 1004 3483 1151 3568; x_wconf 83' lang='lat' dir='ltr'><strong>plebanie</strong></span> <span class='ocrx_word' id='word_1_184' title='bbox 1181 3485 1289 3564; x_wconf 83' lang='lat' dir='ltr'><strong>ipsius</strong></span> 
     </span>
     <span class='ocr_line' id='line_1_29' title="bbox 199 3584 1291 3668; baseline 0 -18"><span class='ocrx_word' id='word_1_185' title='bbox 199 3584 351 3660; x_wconf 85' lang='lat' dir='ltr'><strong>ecclesie,</strong></span> <span class='ocrx_word' id='word_1_186' title='bbox 376 3585 408 3648; x_wconf 93' lang='lat' dir='ltr'><strong>in</strong></span> <span class='ocrx_word' id='word_1_187' title='bbox 434 3585 551 3666; x_wconf 86' lang='lat' dir='ltr'><strong>quihus</strong></span> <span class='ocrx_word' id='word_1_188' title='bbox 575 3586 706 3651; x_wconf 88' lang='lat' dir='ltr'><strong>Camere</strong></span> <span class='ocrx_word' id='word_1_189' title='bbox 728 3587 906 3668; x_wconf 87' lang='lat' dir='ltr'><strong>apostolice</strong></span> <span class='ocrx_word' id='word_1_190' title='bbox 929 3586 988 3651; x_wconf 83' lang='lat' dir='ltr'><strong>suh</strong></span> <span class='ocrx_word' id='word_1_191' title='bbox 1011 3586 1108 3650; x_wconf 90' lang='lat' dir='ltr'><strong>certis</strong></span> <span class='ocrx_word' id='word_1_192' title='bbox 1136 3585 1227 3666; x_wconf 85' lang='lat' dir='ltr'><strong>penis</strong></span> <span class='ocrx_word' id='word_1_193' title='bbox 1254 3593 1291 3650; x_wconf 88' lang='lat' dir='ltr'><strong>et</strong></span> 
     </span>
     <span class='ocr_line' id='line_1_30' title="bbox 200 3683 1286 3766; baseline 0 -18"><span class='ocrx_word' id='word_1_194' title='bbox 200 3683 370 3748; x_wconf 76' lang='lat' dir='ltr'><strong>sententiis</strong></span> <span class='ocrx_word' id='word_1_195' title='bbox 387 3685 511 3749; x_wconf 91' lang='lat' dir='ltr'><strong>ratione</strong></span> <span class='ocrx_word' id='word_1_196' title='bbox 527 3685 656 3749; x_wconf 86' lang='lat' dir='ltr'><strong>vnionis</strong></span> <span class='ocrx_word' id='word_1_197' title='bbox 671 3695 703 3750; x_wconf 91' lang='lat' dir='ltr'><strong>et</strong></span> <span class='ocrx_word' id='word_1_198' title='bbox 717 3685 994 3766; x_wconf 87' lang='lat' dir='ltr'><strong>appropriacicnis</strong></span> <span class='ocrx_word' id='word_1_199' title='bbox 1009 3686 1165 3749; x_wconf 86' lang='lat' dir='ltr'><strong>dictarum</strong></span> <span class='ocrx_word' id='word_1_200' title='bbox 1181 3683 1286 3749; x_wconf 89' lang='lat' dir='ltr'><strong>ecele-</strong></span> 
     </span>
     <span class='ocr_line' id='line_1_31' title="bbox 200 3782 1291 3864; baseline -0.002 -16"><span class='ocrx_word' id='word_1_201' title='bbox 200 3782 322 3848; x_wconf 87' lang='lat' dir='ltr'><strong>siarum</strong></span> <span class='ocrx_word' id='word_1_202' title='bbox 354 3782 538 3848; x_wconf 87' lang='lat' dir='ltr'><strong>huiusmodi</strong></span> <span class='ocrx_word' id='word_1_203' title='bbox 573 3784 745 3864; x_wconf 79' lang='lat' dir='ltr'><strong>collegiate</strong></span> <span class='ocrx_word' id='word_1_204' title='bbox 774 3794 806 3848; x_wconf 90' lang='lat' dir='ltr'><strong>et</strong></span> <span class='ocrx_word' id='word_1_205' title='bbox 843 3783 1034 3863; x_wconf 85' lang='lat' dir='ltr'><strong>parrochiali</strong></span> <span class='ocrx_word' id='word_1_206' title='bbox 1065 3782 1222 3855; x_wconf 87' lang='lat' dir='ltr'><strong>ecclesie,</strong></span> <span class='ocrx_word' id='word_1_207' title='bbox 1252 3791 1291 3846; x_wconf 86' lang='lat' dir='ltr'><strong>vt</strong></span> 
     </span>
     <span class='ocr_line' id='line_1_32' title="bbox 202 3881 1287 3963; baseline 0 -19"><span class='ocrx_word' id='word_1_208' title='bbox 202 3882 416 3962; x_wconf 87' lang='lat' dir='ltr'><strong>premittitur,</strong></span> <span class='ocrx_word' id='word_1_209' title='bbox 441 3883 657 3948; x_wconf 79' lang='lat' dir='ltr'><strong>faciendarum</strong></span> <span class='ocrx_word' id='word_1_210' title='bbox 680 3881 783 3948; x_wconf 79' lang='lat' dir='ltr'><strong>extitit</strong></span> <span class='ocrx_word' id='word_1_211' title='bbox 805 3881 979 3948; x_wconf 82' lang='lat' dir='ltr'><strong>efficaciter</strong></span> <span class='ocrx_word' id='word_1_212' title='bbox 1008 3881 1165 3963; x_wconf 75' lang='lat' dir='ltr'><strong>obligata,</strong></span> <span class='ocrx_word' id='word_1_213' title='bbox 1190 3881 1287 3945; x_wconf 92' lang='lat' dir='ltr'><strong>llore-</strong></span> 
     </span>
     <span class='ocr_line' id='line_1_33' title="bbox 202 3979 1292 4062; baseline -0.002 -19"><span class='ocrx_word' id='word_1_214' title='bbox 202 3995 262 4044; x_wconf 86' lang='lat' dir='ltr'><strong>nos</strong></span> <span class='ocrx_word' id='word_1_215' title='bbox 277 3981 347 4043; x_wconf 89' lang='lat' dir='ltr'><strong>auri</strong></span> <span class='ocrx_word' id='word_1_216' title='bbox 368 3981 410 4046; x_wconf 85' lang='lat' dir='ltr'><strong>tle</strong></span> <span class='ocrx_word' id='word_1_217' title='bbox 430 3981 562 4044; x_wconf 79' lang='lat' dir='ltr'><strong>camera</strong></span> <span class='ocrx_word' id='word_1_218' title='bbox 584 3981 838 4062; x_wconf 83' lang='lat' dir='ltr'><strong>quadringentos</strong></span> <span class='ocrx_word' id='word_1_219' title='bbox 861 3980 959 4045; x_wconf 91' lang='lat' dir='ltr'><strong>nohili</strong></span> <span class='ocrx_word' id='word_1_220' title='bbox 982 3981 1051 4043; x_wconf 92' lang='lat' dir='ltr'><strong>riro</strong></span> <span class='ocrx_word' id='word_1_221' title='bbox 1073 3981 1193 4044; x_wconf 83' lang='lat' dir='ltr'><strong>Thoma</strong></span> <span class='ocrx_word' id='word_1_222' title='bbox 1216 3979 1292 4062; x_wconf 74' lang='lat' dir='ltr'><strong>(tici</strong></span> 
     </span>
     <span class='ocr_line' id='line_1_34' title="bbox 201 4077 1292 4160; baseline 0 -18"><span class='ocrx_word' id='word_1_223' title='bbox 201 4077 244 4142; x_wconf 82' lang='lat' dir='ltr'><strong>tle</strong></span> <span class='ocrx_word' id='word_1_224' title='bbox 272 4078 436 4160; x_wconf 83' lang='lat' dir='ltr'><strong>spinellis,</strong></span> <span class='ocrx_word' id='word_1_225' title='bbox 469 4081 675 4160; x_wconf 84' lang='lat' dir='ltr'><strong>pecuniarum</strong></span> <span class='ocrx_word' id='word_1_226' title='bbox 706 4079 790 4144; x_wconf 86' lang='lat' dir='ltr'><strong>dicte</strong></span> <span class='ocrx_word' id='word_1_227' title='bbox 819 4078 952 4144; x_wconf 88' lang='lat' dir='ltr'><strong>Camere</strong></span> <span class='ocrx_word' id='word_1_228' title='bbox 986 4079 1196 4158; x_wconf 82' lang='lat' dir='ltr'><strong>depositorio,</strong></span> <span class='ocrx_word' id='word_1_229' title='bbox 1227 4094 1292 4158; x_wconf 91' lang='lat' dir='ltr'><strong>pro</strong></span> 
     </span>
     <span class='ocr_line' id='line_1_35' title="bbox 200 4176 1292 4261; baseline -0.003 -18"><span class='ocrx_word' id='word_1_230' title='bbox 200 4177 315 4243; x_wconf 88' lang='lat' dir='ltr'><strong>eadem</strong></span> <span class='ocrx_word' id='word_1_231' title='bbox 333 4176 465 4244; x_wconf 77' lang='lat' dir='ltr'><strong>camera</strong></span> <span class='ocrx_word' id='word_1_232' title='bbox 481 4178 662 4260; x_wconf 87' lang='lat' dir='ltr'><strong>recipienti,</strong></span> <span class='ocrx_word' id='word_1_233' title='bbox 680 4195 737 4261; x_wconf 91' lang='lat' dir='ltr'><strong>per</strong></span> <span class='ocrx_word' id='word_1_234' title='bbox 752 4195 867 4242; x_wconf 88' lang='lat' dir='ltr'><strong>manus</strong></span> <span class='ocrx_word' id='word_1_235' title='bbox 889 4177 1009 4242; x_wconf 88' lang='lat' dir='ltr'><strong>nobilis</strong></span> <span class='ocrx_word' id='word_1_236' title='bbox 1028 4177 1088 4240; x_wconf 89' lang='lat' dir='ltr'><strong>riri</strong></span> <span class='ocrx_word' id='word_1_237' title='bbox 1111 4176 1226 4240; x_wconf 81' lang='lat' dir='ltr'><strong>cosme</strong></span> <span class='ocrx_word' id='word_1_238' title='bbox 1248 4176 1292 4241; x_wconf 82' lang='lat' dir='ltr'><strong>tle</strong></span> 
     </span>
    </p>
   </div>
   <div class='ocr_carea' id='block_1_8' title="bbox 0 0 1582 4942">
    <p class='ocr_par' dir='ltr' id='par_1_8' title="bbox 0 0 1582 4942">
     <span class='ocr_line' id='line_1_36' title="bbox 0 0 1582 4942; baseline 0 0"><span class='ocrx_word' id='word_1_239' title='bbox 0 0 1582 4942; x_wconf 95' lang='lat' dir='ltr'><strong> </strong></span> 
     </span>
    </p>
   </div>
  </div>
 </body>
</html>
