3236 4944
746 476 974 573 -me-'

290 711 347 758 nec
363 693 401 756 ab
418 691 591 774 incognitis
608 690 656 756 rel
672 691 846 771 suspectis,
865 691 924 756 snb
949 708 1050 772 poena
1074 690 1207 756 arbitrio
1228 689 1375 758 Rectoris

291 791 475 874 infligenda.

330 925 361 988 8.
388 922 519 988 librarii
547 932 579 988 et
609 922 764 988 librorum
796 921 1013 1003 impressores
1043 931 1074 986 et
1104 930 1327 1002 compactores
1357 939 1374 986 a

286 1039 564 1104 quorumcumque
581 1021 735 1087 librorum
753 1021 910 1086 haeresim
924 1021 1156 1086 continentium
1170 1031 1224 1085 aut
1237 1021 1317 1085 aliae
1332 1021 1372 1087 de

288 1122 413 1188 haeresi
450 1131 674 1203 suspectorum
711 1121 937 1202 impressione,
968 1119 1142 1200 emptione.
1174 1119 1371 1196 venditione,

286 1221 471 1295 donatione,
489 1230 519 1284 et
535 1220 595 1284 alia
612 1221 724 1300 quavis
740 1219 925 1296 emissione,
942 1237 1014 1297 usu,
1029 1219 1167 1285 lectione
1179 1228 1210 1284 et
1222 1235 1369 1301 compac-

287 1322 374 1386 tione
397 1320 590 1392 abstineant,
615 1330 646 1384 et
669 1320 936 1401 quandocumque
959 1336 1015 1401 per
1038 1318 1208 1384 Rectorem
1226 1319 1372 1400 requisiti

288 1417 417 1491 suerint,
435 1417 519 1500 quod
545 1418 624 1484 tales
646 1417 748 1482 libros
772 1435 835 1482 non
861 1419 997 1484 babeant
1027 1434 1083 1498 per
1103 1418 1317 1500 juramentum
1343 1417 1373 1482 in

290 1519 390 1582 forma
403 1516 487 1598 juris
504 1533 577 1582 sese
592 1525 781 1598 expungent.

330 1649 361 1712 9.
385 1647 519 1712 librarii
554 1649 593 1712 ab
629 1648 780 1714 omnibus
822 1647 1027 1730 generalibus
1068 1647 1373 1731 congregationibus

290 1747 514 1813 Universitatis
530 1757 558 1812 et
577 1747 840 1828 processionibus
861 1748 1025 1812 dominum
1043 1747 1214 1812 Rectorem
1238 1747 1374 1811 honeste

290 1845 489 1919 antecedant,
513 1845 572 1912 sub
596 1862 697 1928 poena
720 1847 856 1912 duorum
877 1847 1072 1912 staierorum
1095 1845 1233 1928 singuiis
1249 1845 1373 1911 vicibus

291 1945 533 2011 solvendorum.

258 2255 259 2260 ἵ
334 2179 393 2242 Les
415 2193 583 2257 antecapere
605 2178 643 2240 dc
663 2177 865 2242 I’Univcrsitd.
894 2177 1015 2242 Literas
1039 2192 1114 2242 suas
1138 2183 1170 2242 et
1193 2175 1376 2240 facultatum

294 2274 635 2340 suarumUniversitas
651 2275 789 2356 propriis
800 2275 921 2341 nuntiis
933 2275 1085 2341 credebat
1099 2275 1374 2340 transmittendas.

295 2375 339 2438 De
354 2391 489 2455 quoram
507 2375 690 2438 nuntiorum
708 2391 851 2448 munere,
866 2375 926 2439 sub
944 2374 1036 2439 titulo
1054 2392 1062 2439 :
1081 2376 1124 2438 Dc
1139 2373 1234 2452 officio
1249 2375 1376 2436 nuncio·

294 2491 363 2536 rum
396 2473 616 2548 Urtiueaitotis,
651 2473 729 2537 baec
759 2473 908 2554 leguntur
937 2475 969 2536 in
996 2473 1132 2538 Stetetic
1165 2472 1375 2538 Uirioemitctie

293 2571 386 2654 (apud
403 2569 559 2646 Morinum,
580 2573 660 2636 Hiat.
678 2571 768 2647 Lem,
786 2571 837 2638 ed.
857 2571 900 2640 De
917 2573 1006 2648 Ram,
1025 2571 1063 2648 li,
1082 2589 1113 2653 p.
1131 2572 1190 2636 918
1208 2592 1216 2634 :

335 2721 365 2782 i.
391 2719 495 2783 Nuntii
519 2718 705 2784 admittendi
723 2728 885 2800 praestent
903 2719 1167 2784 intitulandornm
1181 2718 1373 2802 juramenta,

295 2817 322 2882 si
340 2817 430 2900 prins
446 2816 594 2882 intitulati
611 2834 675 2882 non
692 2817 819 2893 inerint,
837 2825 867 2882 et
884 2817 1000 2883 deinde
1015 2817 1110 2884 etiam
1131 2818 1349 2900 subscriptum
1369 2836 1376 2882 :

337 2964 433 3045 «Ego
448 2963 486 3027 N.
501 2962 586 3045 iuro,
604 2965 689 3046 quod
706 2963 845 3030 odicium
863 2982 967 3031 meuin
985 2965 1121 3032 fideliter
1141 2965 1299 3030 exercebo
1319 2981 1376 3044 pro
1438 3015 1442 3022 .

296 3063 346 3128 iiis
362 3080 379 3127 a
395 3063 514 3144 quibus
530 3064 712 3143 mandatum
730 3063 854 3130 habebo
869 3065 918 3130 vei
939 3064 1057 3139 mittar,
1074 3065 1224 3145 quodque
1244 3073 1379 3128 conten·

295 3171 347 3226 tas
362 3178 418 3227 ero
435 3161 552 3228 salario
570 3172 728 3227 consueto
745 3170 775 3228 et
792 3179 848 3244 per
863 3163 1043 3237 Rectorem,
1068 3161 1231 3228 incidente
1247 3171 1377 3227 contro-

295 3259 412 3336 versia,
430 3259 622 3335 ordinando,
639 3270 671 3326 et
692 3261 830 3342 amplius
847 3279 909 3327 non
927 3261 1051 3343 exigam
1067 3262 1117 3326 vei
1133 3260 1297 3341 recipiam,
1316 3259 1377 3324 nisi

296 3358 324 3423 si
340 3357 415 3440 qaid
433 3375 521 3425 mere
536 3359 717 3425 voluntarie
733 3360 837 3425 detur.
859 3382 872 3420 i

336 3505 366 3571 a.
391 3507 499 3574 Nuntii
527 3517 602 3573 ante
623 3508 811 3574 exercitium
834 3507 931 3574 officii
951 3509 1002 3574 sui
1026 3507 1238 3574 sufficientem
1261 3505 1383 3572 cautio-

295 3623 369 3673 nem
385 3607 423 3672 ad
439 3607 607 3672 arbitrium
624 3607 849 3674 Universitatis
866 3617 1043 3690 praestent.

337 3754 367 3818 3.
391 3751 501 3820 Nuntii
523 3755 666 3820 adinstar
685 3757 821 3822 aliorum
843 3756 1032 3821 nunciorum
1056 3753 1195 3836 pixidem
1211 3770 1284 3819 cam
1302 3752 1380 3835 insi·

297 3853 381 3936 gniis
396 3853 619 3920 Universitatis
636 3857 667 3918 in
685 3865 814 3936 pectore
830 3865 968 3938 gestent,
985 3862 1016 3920 et
1029 3853 1193 3920 dominum
1211 3853 1381 3918 Rectorem

296 3951 328 4014 in
345 3951 494 4016 omnibus
511 3953 817 4034 congregationibus
833 3965 864 4019 et
888 3953 1154 4036 processionibus
1176 3949 1382 4034 generalibus

298 4046 519 4114 Universitatis
542 4050 677 4117 honeste
701 4053 904 4132 praecedant,
923 4053 982 4117 sub
1006 4069 1106 4134 poena
1125 4052 1261 4116 duorum
1279 4047 1380 4134 stnie·

298 4163 407 4214 rorum
424 4147 561 4234 singulis
577 4150 702 4217 vicibus
719 4152 1037 4221 committendorum.
