3246 4944
690 437 933 534 -aoa'-'

234 645 391 712 Nunnium
405 648 1131 719 ltuovanturumetllniversitaleminvisurum
1141 654 1190 732 (ll.
1202 653 1326 730 Quibus

235 746 446 811 relationibus
476 747 568 813 lactis
595 758 626 813 et
656 751 797 826 attentis,
823 752 929 833 posuit
957 752 1148 834 magnificus
1176 753 1328 819 dominus

235 845 353 910 ltaator
375 845 407 908 in
432 846 616 911 facultatum
644 848 906 916 deliberationem
934 871 940 912 :
969 852 999 915 l⁰
1020 867 1059 916 au
1089 852 1223 919 ulterius
1251 852 1326 933 quid

236 953 348 1025 putent
367 945 398 1007 in
422 946 551 1026 negotio
567 948 778 1028 publicandae
794 948 987 1015 visitationis
1002 951 1175 1032 agendum,
1193 968 1232 1016 an
1248 969 1326 1018 vero

237 1043 269 1105 in
282 1042 395 1108 eodem
409 1045 704 1124 supersedendum
722 1047 754 1109 b⁰
770 1049 932 1128 quomodo
946 1058 975 1114 et
990 1067 1053 1132 quo
1067 1057 1159 1130 paolo
1176 1049 1324 1116 eumdem

238 1141 406 1220 [Nunnium
420 1143 642 1224 apostolicum]
659 1148 805 1226 excipere
819 1155 848 1212 et
863 1147 1006 1214 salutare
1020 1149 1153 1230 placcat.
1168 1153 1326 1225 Quantum

237 1241 274 1306 ad
301 1241 437 1322 primum
454 1243 623 1308 articulum
640 1248 763 1321 attinet,
782 1263 821 1310 cx
837 1245 1023 1312 facultatum
1041 1247 1329 1314 deliberationibus

237 1340 397 1405 conclusit
414 1341 604 1422 magnificus
621 1343 769 1409 dominus
788 1345 905 1410 ilector
922 1347 952 1408 in
971 1347 1101 1426 negotio
1119 1345 1330 1428 publicandae

237 1439 433 1506 visitationis
450 1457 508 1521 pro
532 1450 676 1523 tempore
699 1461 772 1509 esse
795 1445 1087 1525 supersedendum.
1106 1446 1265 1522 Quantum
1288 1446 1326 1511 ad

238 1539 416 1604 secundum
430 1539 601 1605 articulum
617 1541 777 1607 conclusit
794 1559 832 1608 cx
849 1543 987 1624 plurium
1006 1543 1191 1610 facultatum
1208 1545 1328 1612 delibe-

239 1638 417 1703 rationibus
433 1640 587 1704 committi
601 1641 682 1706 Suae
695 1641 949 1724 Magnificentiaa
962 1652 994 1708 ct
1007 1643 1180 1709 ordinariis
1193 1645 1325 1726 deputa-

237 1737 278 1802 tis
304 1753 376 1802 cum
403 1739 618 1814 assumendis,
647 1750 676 1804 ut
702 1740 842 1821 desuper
867 1742 1049 1820 deliberent
1073 1751 1103 1808 el
1128 1743 1325 1824 despiciant;

237 1837 386 1919 quodque
399 1837 508 1902 utilius
520 1839 737 1904 cloousultius
747 1839 1017 1922 judicaverintdd
1030 1841 1329 1910 adUniversitatem

237 1936 296 2002 sub
309 1935 489 2018 juramento
505 1938 745 2004 convocandam
763 1939 914 2006 relerant.

282 2155 295 2194 t
315 2134 480 2216 blaineis,
495 2137 587 2201 tertia
603 2135 729 2217 augusti
746 2135 820 2200 anni
838 2135 930 2210 loll,
945 2145 1071 2200 servata
1088 2135 1145 2201 luit
1160 2135 1324 2218 deputatio

239 2233 460 2300 Universitatls
477 2235 562 2300 circa
579 2235 794 2317 receptionem
811 2233 925 2300 Nuncii
942 2234 1123 2316 apostolici.
1141 2234 1244 2316 Super
1259 2251 1325 2318 quo

239 2332 359 2398 domini
388 2335 528 2416 deputati
559 2334 776 2400 deliberantes
804 2333 1067 2399 existimaverunt
1099 2333 1261 2416 expedire,
1292 2341 1324 2400 ul

238 2433 435 2500 Universitas
465 2440 661 2515 praetactum
688 2433 943 2498 illustrissimum
970 2428 1323 2506 dominumNuncium

237 2534 448 2614 apostolicum
472 2533 577 2616 aliqua
600 2533 766 2616 spectabili
791 2533 925 2615 propina
950 2534 1079 2609 salutet,
1098 2542 1128 2598 et
1157 2533 1258 2600 semel
1286 2533 1325 2598 ad

240 2633 434 2712 convivium,
460 2633 511 2698 cui
540 2633 688 2700 intersint
717 2633 865 2699 seniores
894 2633 1093 2715 singularum
1125 2633 1326 2707 lacultatum,

245 2729 370 2799 invitet.

287 2929 376 2997 11110
399 2931 417 2995 6
442 2931 568 3012 augusti
592 2931 665 2996 anni
690 2931 781 3010 loll,
799 2931 917 2997 indicta
941 2931 997 2996 luit
1020 2931 1226 3014 congregatio
1250 2927 1325 2995 Uni-

243 3030 406 3095 versitatls
427 3029 486 3094 sub
506 3029 699 3110 jnramento.
717 3030 751 3093 ln
775 3045 836 3110 qua
852 3029 1056 3095 concluditur
1070 3029 1325 3096 illustrissimum

243 3128 407 3194 dominum
430 3130 585 3194 liuncium
608 3129 819 3210 apostolicum
843 3145 916 3195 asse
938 3127 1140 3194 salutandum
1168 3145 1229 3193 uua
1256 3144 1326 3193 ama

241 3229 304 3292 vini
323 3227 492 3295 rbenensis
508 3245 545 3293 01
563 3236 651 3309 purte
668 3225 892 3293 Universitatls
908 3225 1077 3293 solvenda.

286 3425 375 3492 aliie
397 3425 416 3488 8
438 3425 562 3506 augusti
585 3425 658 3489 anni
685 3423 775 3500 1611,
794 3431 919 3490 servata
940 3422 997 3490 luit
1011 3421 1178 3504 deputatio
1195 3417 1332 3489 Univer-

242 3526 357 3591 sitatis.
382 3526 416 3588 ln
438 3541 499 3607 qua
522 3524 711 3606 deputantur
733 3523 787 3604 qui
809 3523 949 3588 salutant
970 3522 1127 3586 Nunnium
1151 3543 1158 3584 :
1184 3521 1328 3588 loannes

244 3623 433 3697 l’aludanus,
462 3639 573 3687 sacrae
609 3621 790 3702 theologiae
819 3621 944 3696 doctor,
971 3619 1151 3701 Stephanus
1181 3621 1325 3701 Weyms,

241 3711 323 3806 juris
354 3723 520 3804 utriusque
549 3723 674 3796 doctor,
698 3721 811 3786 Petrus
840 3719 1027 3794 (ludelmus,
1046 3719 1129 3802 iuris
1160 3719 1327 3802 utriusque

243 3824 365 3898 doctor,
395 3820 639 3904 expertissimus
668 3820 818 3886 dominus
846 3819 985 3884 Tbomas
1020 3819 1149 3896 lienus,
1177 3817 1330 3900 magister

279 4020 317 4090 ll)
337 4021 374 4074 La
397 4036 521 4074 nouveau
545 4035 632 4074 nonce
653 4018 737 4073 Lucio
758 4017 850 4074 Murra
870 4017 961 4073 venuit
982 4017 1115 4074 d'arrivor
1134 4035 1168 4072 eu
1192 4017 1333 4091 Balgique

243 4129 311 4182 pour
325 4112 477 4182 ramplacer
490 4110 608 4165 Ascanio
622 4109 768 4176 Gesualdi3
784 4108 893 4164 ualui-ei
906 4108 979 4164 avait
993 4108 1108 4164 succede
1119 4109 1216 4180 depuis
1227 4125 1279 4180 pou
1292 4109 1326 4162 da

242 4211 331 4274 temps
345 4209 361 4255 d
375 4201 426 4256 dut
443 4202 624 4271 Benlivoglio.

328 4330 351 4373 1.
1209 4305 1248 4368 39
