3236 4944
726 411 909 475 -458-

276 605 292 652 a
317 589 481 670 quibusvis
505 592 856 667 excommunicationis,
882 592 1108 674 suspensionis
1131 603 1160 657 et
1184 591 1358 665 interdicti,

277 689 413 769 aliisque
436 690 665 755 ecciesiasticis
688 692 868 768 sententiis,
889 693 1036 757 censuris
1060 701 1092 757 et
1115 689 1361 772 paenissime

277 786 328 852 vel
351 787 390 851 ab
414 788 541 853 bomine
563 790 675 870 quavis
697 793 870 856 occasione
891 793 940 857 vel
965 808 1061 857 causa
1086 790 1169 865 latis,
1188 790 1217 854 si
1242 789 1360 870 quibus

279 888 520 967 quomodolibet
549 888 691 954 innodati
718 891 871 966 esistunt,
899 892 937 955 ad
965 889 1114 957 ellectum
1141 888 1359 972 praesentium

278 985 441 1052 dumtaxat
456 990 717 1070 consequendum
733 990 846 1054 harum
864 991 948 1056 serie
963 990 1168 1055 absolventes
1184 998 1216 1054 et
1230 988 1360 1052 absolu·

281 1091 330 1149 tos
360 1085 430 1150 iore
459 1097 641 1166 censentes,
669 1087 852 1171 huiusmodi
883 1089 1173 1171 supplicationibus
1203 1087 1361 1164 inclinati,

281 1185 430 1266 praelatis
457 1186 745 1254 conservatoribus
772 1200 802 1255 et
829 1182 992 1270 judicibus
1022 1189 1080 1266 sic,
1109 1197 1141 1255 ut
1171 1187 1361 1270 praefertur,

281 1283 364 1373 datis
387 1301 423 1349 ac
447 1288 627 1368 surrogatis
649 1287 785 1354 dilectos
809 1288 892 1353 tilios
910 1287 1128 1369 Praepositum
1145 1287 1246 1354 sancti
1264 1285 1361 1360 Petri,

208 1403 214 1412 ·
281 1390 313 1447 et
328 1382 471 1464 ejusdem
488 1386 589 1450 sancti
610 1387 694 1451 Petri
718 1405 755 1451 uc
777 1388 878 1451 sancti
901 1387 1009 1452 lacobi
1033 1385 1241 1452 ecclesiarum
1265 1385 1362 1450 colle·

281 1481 436 1562 giatarum
459 1484 534 1548 dicti
558 1486 666 1566 oppidi
690 1487 841 1562 decanos,
860 1487 911 1568 qui
938 1487 1125 1569 plerumque
1140 1485 1180 1550 de
1196 1485 1317 1566 gremio
1333 1493 1364 1549 ct

279 1582 461 1663 iuramento
491 1584 593 1650 dictae
624 1585 847 1651 Universitatis
878 1586 1028 1660 existunt,
1053 1584 1267 1668 ddjungimus,
1292 1599 1364 1648 eos-

284 1681 420 1762 demque
448 1682 667 1763 Praepositum
698 1696 729 1750 et
757 1685 898 1750 decanos
928 1685 1007 1750 alias
1033 1685 1122 1766 juxta
1153 1683 1364 1765 praelatarum

285 1781 448 1844 literarum
472 1783 789 1848 conservatorialium
812 1785 943 1848 turmam
967 1793 998 1849 et
1022 1791 1164 1848 tenorem
1187 1784 1364 1847 Conserva-

285 1889 372 1946 tores
388 1882 556 1964 etjudices
576 1885 605 1947 in
630 1885 677 1949 eis
700 1902 738 1949 ex
761 1897 847 1950 certa
872 1896 980 1950 nostra
1004 1885 1138 1950 seientia
1161 1884 1362 1964 deputamus,

285 1980 421 2062 sibique,
440 1991 471 2046 et
493 1983 624 2048 cuilibet
647 1984 803 2064 ipsorum,
821 2003 857 2048 ex
875 1984 971 2049 simili
989 1984 1121 2049 seientia
1137 1981 1365 2048 committimus

282 2090 314 2144 et
331 2079 529 2156 mandamus,
547 2089 702 2162 quatenus
718 2083 803 2147 dicta
827 2083 1016 2148 auctoritate
1038 2081 1213 2163 apostolica
1238 2097 1295 2162 per
1317 2095 1365 2153 se,

208 2199 213 2210 ¹
280 2180 330 2244 vel
353 2179 451 2244 alium
474 2198 529 2244 seu
553 2181 644 2253 alios,
664 2182 788 2245 etiamsi
813 2182 877 2246 sint
893 2190 981 2247 extra
997 2181 1156 2246 civitatem
1172 2179 1223 2245 vel
1240 2179 1367 2243 dioece-

284 2277 356 2356 sim,
375 2278 405 2340 io
423 2279 539 2359 quibus
554 2280 695 2360 deputati
714 2280 830 2344 luerint
849 2279 974 2361 jndices
997 2288 1027 2344 et
1049 2279 1311 2354 conservatores,
1330 2275 1366 2340 ad

286 2377 496 2457 praelatarum
521 2378 681 2442 literarum
706 2379 1023 2444 conservatorialium
1047 2377 1279 2454 executionem,
1304 2385 1365 2439 tam

283 2477 370 2558 juxta
394 2477 520 2541 illarum
543 2493 636 2558 quam
662 2478 876 2558 praesentium
904 2479 1068 2542 literarum
1095 2477 1239 2551 sormam,
1264 2474 1367 2540 conti·

288 2575 425 2641 nentium
452 2585 481 2640 et
509 2587 665 2653 tenorem,
692 2579 865 2656 procedant
887 2577 918 2640 in
943 2576 1091 2641 omnibus
1114 2585 1146 2640 et
1170 2593 1225 2655 per
1247 2575 1365 2646 omnia,

289 2675 419 2754 perinde
435 2675 513 2740 acsi
532 2676 562 2738 in
581 2675 644 2739 illis
665 2693 724 2740 una
748 2693 820 2740 cum
846 2676 994 2755 praelatis
1017 2675 1120 2740 tribus
1144 2674 1314 2738 nominatis
1338 2681 1368 2736 et

288 2773 466 2854 surrogatis
482 2772 771 2839 conservatoribus
784 2775 822 2837 ab
836 2773 926 2838 initio
939 2775 1188 2839 Conservatores
1201 2781 1231 2838 et
1243 2771 1368 2853 judices

287 2873 427 2954 deputati
446 2871 593 2937 luissent.

558 2991 729 3046 Anaulatlon
749 2997 794 3046 des
814 2997 921 3046 clauses
940 2997 1102 3046 contraires.

333 3117 400 3180 Non
433 3113 634 3179 obstantibus
663 3116 854 3180 recolendae
885 3115 1057 3180 memoriae
1088 3112 1241 3178 Bonilaeii
1269 3112 1371 3192 Papae

291 3215 394 3281 octavi
412 3214 506 3278 etiam
523 3213 694 3294 incipiente
711 3214 775 3278 Hac
794 3215 1023 3280 constitutione
1046 3221 1199 3293 perpetuo
1223 3211 1369 3284 valitura,

290 3324 321 3379 et
333 3314 405 3378 aliis
420 3313 704 3378 constitutionibus
717 3324 748 3379 et
760 3311 1017 3378 ordinationibus
1030 3310 1230 3393 apostolicis,
1246 3325 1369 3374 necnon

290 3412 500 3485 cancellariae
522 3413 718 3492 apostolicae
742 3413 862 3492 regulis
885 3412 980 3476 editis
1004 3421 1034 3475 et
1053 3408 1198 3484 edendis,
1217 3425 1253 3472 ac
1268 3406 1370 3472 omni·

293 3513 353 3577 bus
380 3522 411 3576 et
437 3511 583 3593 singulis,
607 3529 688 3594 quae
716 3514 869 3576 llartiuus
895 3519 927 3576 et
958 3509 1074 3574 Paulus
1105 3507 1372 3588 praedecessores

295 3613 426 3694 praelati
454 3613 483 3674 in
511 3629 623 3678 eorum
650 3612 751 3677 literis
779 3611 928 3691 praetatis
954 3609 1123 3674 voluerunt
1146 3623 1208 3672 non
1233 3606 1371 3681 obstare,

294 3711 473 3793 ceterisque
489 3711 658 3778 contrariis
674 3712 941 3792 quibuscumque.

795 3845 873 3901 Date.

335 3969 445 4035 [latum
468 3971 586 4034 Romae
609 3968 691 4048 apud
716 3967 866 4031 Sanctum
890 3965 1017 4030 Petrum
1043 3963 1102 4026 sub
1125 3961 1244 4026 annulo
1270 3959 1374 4023 llisca-

293 4070 446 4144 toris,die
459 4069 508 4132 xvi
522 4068 631 4149 aprilis
644 4063 1043 4146 lli.ll.u.tu.,pontiltcatus
1058 4061 1157 4126 nostri
1171 4075 1254 4124 anno
1269 4058 1373 4124 tertio.

456 4169 506 4234 Sic
520 4168 723 4248 subscriptum
741 4184 750 4229 :
767 4164 840 4230 Cae.
857 4162 1046 4229 clorierius.
