3246 4944
744 441 931 516 -890-

303 630 451 696 Parcensi
475 631 682 695 intimandam
705 632 867 713 deputavit
890 633 1088 699 Universitas
1111 635 1263 700 eximium
1282 635 1384 703 domi-

302 747 376 794 num
408 731 594 810 magistrum
626 741 769 795 nostrum
799 731 964 813 aegidium
995 734 1036 798 du
1068 733 1383 814 superbissimum

300 831 462 895 domiuum
480 831 661 895 Cornelium
677 830 821 906 Silvium,
838 833 1097 913 expertissimum
1114 834 1280 899 domiuum
1297 835 1382 902 Tbo-

301 947 383 994 mam
408 930 538 994 Plenum
562 938 593 993 et
616 929 779 994 dominum
802 931 998 996 licentiarum
1023 933 1221 997 conrardum
1237 933 1382 999 Silvium.

343 1151 356 1187 n
377 1129 431 1194 llio
444 1129 482 1192 at
493 1127 562 1209 julij
577 1129 649 1191 anni
664 1127 755 1203 ltili,
770 1140 896 1194 serrata
910 1139 959 1194 est
971 1126 1134 1211 deputatio
1147 1131 1383 1209 universitatis,

299 1229 332 1291 ln
357 1246 417 1310 qua
442 1229 629 1310 magnificus
653 1229 801 1293 dominus
827 1229 945 1293 Rector
972 1230 1146 1294 declaravit
1173 1232 1383 1296 reverendum

298 1328 461 1392 dominum
484 1328 628 1392 abbatem
655 1329 844 1392 parmensem
869 1345 1034 1394 reversum
1059 1347 1133 1394 esse
1152 1329 1311 1403 bruxella,
1328 1333 1383 1413 qui

298 1427 374 1490 illuc
397 1428 434 1490 ad
459 1427 662 1492 referendum
686 1427 910 1492 serenissimis
935 1426 1137 1507 Principibus
1162 1431 1282 1493 uostris
1305 1445 1383 1494 con-

298 1526 475 1592 clusionem
505 1525 730 1590 Universitatis
760 1542 858 1604 super
889 1525 1043 1590 modoet
1074 1525 1173 1592 torma
1200 1527 1383 1608 publicandi

299 1624 513 1690 visitationem
541 1624 764 1688 Universitatis
793 1625 845 1689 die
874 1623 912 1686 “ll
940 1623 1020 1705 juntj
1053 1625 1227 1690 novissime
1257 1637 1381 1706 captam

301 1725 463 1803 protectus
486 1725 599 1789 luerat.
617 1729 720 1799 Quare
745 1724 850 1804 posuit
872 1724 913 1786 in·
927 1724 1130 1788 dominorum
1147 1725 1383 1790 deliberationi·

298 1824 414 1887 bus-an
431 1839 470 1888 ne
487 1823 609 1902 placeat
623 1824 748 1904 aliquos
771 1823 936 1902 deputare,
955 1823 1007 1904 qui
1024 1824 1143 1888 dictum
1168 1826 1381 1890 reverendum

297 1923 460 1988 dominum
483 1924 627 1988 abbatem
651 1923 805 1987 accedant
827 1921 865 1985 ad
890 1923 928 1986 ab
954 1924 1067 1987 eodem
1091 1923 1331 2004 percipiendum
1349 1925 1381 1988 iu

297 2039 389 2102 quam
415 2032 534 2103 partem
561 2021 710 2102 praetacti
734 2021 938 2086 serenissimi
965 2021 1130 2102 Principes
1153 2021 1255 2088 nostri
1282 2023 1381 2088 inter·

297 2122 409 2200 pretati
426 2131 501 2186 sunt
516 2137 552 2185 ac
575 2121 823 2201 interpretentur
847 2137 967 2185 rnoram
992 2120 1149 2185 hactenus
1173 2121 1380 2200 publicationi

213 2287 214 2290 ,
298 2219 456 2298 praelatae
481 2219 674 2283 visitationis
701 2219 860 2300 injectam,
880 2235 1004 2284 necnon
1032 2220 1276 2285 conclusionem
1302 2219 1379 2284 Uni-

297 2318 457 2384 versitatis
480 2335 576 2399 supra
602 2329 817 2383 memoratam.
837 2318 875 2382 Et
897 2336 934 2382 ex
958 2318 1160 2382 dominorum
1179 2319 1379 2383 deliberatio-

299 2416 392 2482 nibus
408 2419 568 2482 conclusit
583 2419 771 2499 magnificus
787 2417 936 2483 dominus
952 2417 1069 2482 Raetor
1085 2417 1211 2497 plaeere
1229 2427 1261 2481 ut
1281 2417 1379 2498 aliqui

296 2519 488 2602 deputentur
503 2518 542 2581 ad
559 2518 654 2582 finem
671 2517 884 2599 praedicturn;
901 2515 1044 2597 deputari
1061 2525 1166 2580 aulem
1183 2517 1379 2581 reverendos

295 2627 327 2682 et
366 2617 564 2683 clarissimos
602 2619 751 2682 dominos
790 2617 941 2682 lacobum
981 2617 1186 2689 lamentum,
1223 2617 1377 2682 loannem

294 2717 530 2782 Scbinekelium
554 2727 584 2781 et
607 2717 787 2781 Cornelium
810 2716 953 2790 Silvium,
971 2715 1099 2790 artium,
1118 2731 1229 2780 sacrae
1254 2715 1378 2781 tbeolo·

293 2816 362 2896 giae
377 2825 408 2882 et
425 2815 591 2897 utriusque
604 2815 685 2896 jnris
701 2815 850 2879 doctores
866 2824 897 2880 et
914 2815 1128 2894 professores.

336 3015 426 3079 lllie
452 3014 612 3086 mercurii,
637 3013 790 3094 vigesima
817 3022 904 3078 sexta
929 3011 998 3093 julii
1029 3013 1102 3075 anni
1134 3011 1225 3085 l617‚
1250 3021 1375 3076 servata

294 3115 350 3180 luit
372 3115 534 3195 deputatio
559 3113 780 3178 Universitatis
800 3113 837 3176 ad
862 3113 1035 3177 videndum
1052 3121 1084 3175 et
1098 3112 1289 3175 audiendum
1307 3110 1375 3176 lieri

292 3215 476 3278 relationem
501 3213 703 3278 dominorum
727 3211 1036 3284 commissariorum,
1059 3209 1111 3290 qui
1133 3209 1220 3289 juxta
1243 3209 1375 3274 conclu·

290 3314 414 3378 sionem
452 3313 653 3378 dominorum
691 3313 912 3392 deputatorum
951 3311 1004 3372 at·
1038 3310 1215 3389 praesentis
1253 3309 1374 3372 mensis

291 3423 413 3494 captam
438 3412 527 3476 missi
551 3421 640 3476 erant
663 3411 700 3475 ad
727 3409 937 3476 reverendum
953 3409 1117 3474 dominum
1135 3408 1279 3472 abbatem
1297 3408 1372 3471 Par-

290 3529 419 3578 censem
448 3527 505 3592 pro
535 3510 725 3591 inquirendo
756 3511 916 3590 quomodo
945 3517 976 3573 et
1005 3507 1142 3588 qualiter
1171 3507 1372 3572 serenissimi

291 3609 455 3689 Principes
468 3609 717 3688 eorumdemque
730 3608 900 3672 corrodium
914 3617 1066 3686 ceperant
1080 3623 1200 3672 moram
1218 3607 1375 3670 hactenus

291 3707 496 3786 publicationi
514 3707 703 3771 visitationis
720 3705 879 3787 injectam,
899 3723 1021 3770 necnon
1039 3705 1279 3769 conclusionem
1298 3703 1373 3767 Uni-

289 3807 448 3872 versitatis
465 3823 561 3885 super
577 3806 670 3868 modo
687 3814 718 3868 et
735 3805 833 3867 lorma
850 3804 993 3869 eamdem
1013 3802 1191 3883 publicandi
1213 3803 1266 3864 Pl·
1290 3801 1370 3882 junij

289 3906 463 3970 novissime
500 3913 635 3984 captam.
669 3903 887 3984 Feceruntque
925 3903 1095 3966 relationes
1132 3917 1220 3966 suas.
1249 3901 1372 3976 Quibus

288 4004 495 4068 velationibus
524 4002 612 4065 lactis
639 4012 670 4066 et
699 4002 878 4081 perpensis,
898 4017 1021 4066 necnon
1049 4001 1121 4065 aliis
1150 4001 1312 4064 nonnullis
1339 3999 1371 4061 in

290 4102 426 4165 medium
453 4100 598 4164 deductis
625 4100 766 4173 attentis,
792 4101 897 4180 posuit
924 4099 953 4161 in
981 4100 1184 4164 dominorum
1213 4099 1370 4163 delibera·

289 4202 406 4267 tionem
429 4199 503 4280 quid
527 4197 646 4260 domini
671 4199 811 4278 deputati
835 4198 969 4262 ulterius
986 4198 1016 4260 in
1034 4196 1161 4278 negotio
1179 4196 1370 4260 visitationis
