3100 4942
581 470 614 482 -
647 437 705 502 ‘l'l3
728 472 768 484 -

115 619 210 692 Quos
236 633 297 682 nos
313 616 413 681 eciam
437 625 608 681 eteorum
632 617 806 698 quemlibet
830 617 932 698 primo
948 618 1092 684 secundo
1115 620 1217 686 tercio

120 725 155 782 et
183 715 406 797 peremptorie
436 715 630 797 requirimus
656 727 688 782 et
715 733 883 782 monemus
912 718 1023 799 eisque
1049 727 1079 782 et
1105 735 1217 784 eorum

121 815 263 880 cuilibet
287 815 317 878 in
341 815 459 879 virtute
481 825 593 880 sancte
615 816 805 880 obediencie
828 828 857 881 et
877 816 938 880 sub
960 818 1217 883 excommunica·

123 913 235 979 cionis
262 931 341 994 pena
365 929 460 994 quarn
487 914 516 977 in
536 931 594 980 eos
616 923 648 979 et
664 931 774 980 eorum
798 915 973 996 quemlibet
995 915 1022 979 si
1039 931 1074 980 ea
1090 933 1154 996 que
1169 917 1217 982 eis

122 1015 155 1076 in
174 1014 240 1078 bac
258 1023 346 1093 parte
361 1013 591 1078 committimus
607 1023 638 1078 et
654 1015 843 1078 mandamus
859 1013 1044 1078 distulerint
1067 1031 1123 1079 seu
1139 1032 1218 1080 cou-

121 1113 323 1193 tempserint
353 1111 585 1176 contumaciter
614 1112 801 1192 adimplere,
834 1111 1034 1192 infrascripta
1064 1114 1219 1179 canonica

123 1210 315 1274 municione
332 1211 489 1290 premissa
506 1209 640 1276 ierimus
663 1211 693 1273 in
711 1211 775 1274 biis
791 1211 924 1289 scriptis
946 1209 1093 1274 districte
1115 1212 1219 1291 preci·

122 1310 249 1388 piendo
277 1309 466 1374 mandantes
495 1317 653 1390 quatenus
677 1309 757 1372 inira
782 1309 877 1373 trium
901 1309 1025 1374 dierum
1049 1311 1219 1374 terminum

123 1417 303 1490 postquam
321 1425 378 1487 pro
395 1417 484 1488 parte
499 1409 574 1473 dicti
592 1409 711 1472 domiui
729 1409 885 1472 lobannis
901 1425 999 1488 super
1023 1409 1085 1473 troc
1101 1409 1219 1473 luerint

125 1508 280 1589 requisiti
293 1523 350 1572 seu
367 1507 448 1572 alter
459 1523 571 1573 eorum
586 1509 680 1573 luerit
694 1509 867 1590 requisitus
884 1509 1067 1574 immediate
1080 1525 1219 1589 sequen·

124 1617 211 1682 tem;
227 1623 324 1688 quern
339 1607 509 1671 terminum
522 1607 610 1672 eiset
622 1623 733 1672 eorum
746 1607 877 1672 cuilibet
890 1623 947 1687 pro
960 1606 1047 1671 omni
1059 1607 1219 1672 dilacione

125 1723 163 1773 ac
179 1709 341 1773 canonica
359 1707 540 1773 municione
553 1709 755 1790 assignamus
771 1710 809 1773 ad
826 1725 884 1774 vos
898 1725 1010 1774 omues
1026 1717 1057 1773 et
1073 1709 1219 1789 singulos

124 1807 339 1889 supradictos
355 1807 471 1888 quibus
488 1823 623 1888 presens
641 1820 752 1872 noster
768 1825 943 1888 processus
965 1808 1116 1889 dirigitur
1131 1823 1220 1874 oom-

127 1907 272 1970 muniter
284 1913 315 1971 et
332 1905 461 1970 diuisiru
477 1923 600 1970 necnon
617 1906 655 1969 ad
672 1905 789 1970 dictam
805 1907 1035 1985 parrochialem
1049 1905 1219 1971 ecclesiam
1269 1977 1272 1984 A

129 2006 169 2070 de
184 2005 295 2070 Scelle
307 2004 450 2085 aliasque
468 2021 624 2084 personas
637 2014 668 2069 et
684 2005 753 2068 luca
770 2004 829 2068 alia
843 2003 882 2069 de
897 2004 1012 2085 quibus
1029 2003 1079 2068 vbi
1094 2005 1220 2086 quando

128 2113 161 2170 et
178 2103 334 2186 quotiens
349 2103 525 2183 expediens
545 2101 641 2167 luerit
658 2103 870 2182 personaliter
885 2103 1039 2167 accedant
1061 2121 1117 2168 seu
1141 2103 1222 2168 alter

128 2219 243 2268 eorum
260 2202 393 2266 accedat
411 2201 549 2281 prelatas
572 2201 694 2266 litteras
710 2201 905 2282 apostolicas
928 2211 959 2266 et
975 2202 1061 2266 bunc
1077 2210 1221 2266 nostrum

130 2317 324 2382 processum
351 2317 387 2364 ac
414 2301 445 2362 in
472 2300 520 2365 eis
545 2309 696 2366 contenta
722 2299 816 2365 vobis
841 2301 1002 2365 uniuersis
1028 2309 1059 2365 et
1085 2299 1222 2382 singulis

131 2387 331 2480 supradictis
358 2407 421 2462 turo
449 2399 644 2463 coniunctim
668 2415 762 2479 quarn
789 2398 919 2464 diuisim
943 2399 1050 2480 legant
1072 2398 1223 2463 intiment

132 2499 301 2563 insinuent
330 2513 368 2561 ac
395 2497 456 2578 legi
488 2498 626 2560 intimari
654 2493 810 2562 insinuari
838 2507 870 2563 et
900 2497 1053 2578 publicari
1086 2497 1224 2563 lideliter

134 2605 323 2678 procurent.
343 2599 378 2660 lit
400 2596 629 2661 nichilominus
653 2597 843 2678 prelibatum
865 2597 1029 2660 dominum
1045 2595 1222 2660 loliannem

135 2695 187 2761 uel
203 2697 328 2760 dictum
344 2712 437 2760 suurn
455 2705 694 2775 procuratorem
718 2695 788 2760 eius
806 2695 934 2760 nomine
958 2695 989 2758 in
1005 2704 1037 2760 et
1052 2694 1089 2758 ad
1107 2711 1224 2774 corpo·

137 2796 237 2860 ralem
279 2794 397 2859 realem
438 2804 470 2858 et
510 2795 666 2858 actualem
704 2795 947 2874 possessionem
989 2794 1073 2858 dicte
1103 2793 1221 2858 vicarie

134 2893 321 2974 jnriumque
342 2903 373 2958 et
398 2893 666 2971 pertinenciarum
692 2893 909 2974 predictorum
937 2892 1089 2956 inducant
1112 2892 1222 2956 induc-

136 3003 269 3074 tumque
294 2991 466 3057 defendant
490 2993 588 3056 acab
614 2991 685 3072 alijs
712 2991 818 3055 induci
846 3001 877 3056 et
903 2991 1068 3055 inductum
1094 2989 1222 3055 delendi

137 3093 254 3157 iaciant
276 3101 308 3156 et
332 3100 504 3171 procurent
526 3101 712 3155 amonentes
734 3090 849 3155 exinde
876 3090 1052 3171 quemlibet
1076 3089 1220 3154 illicitum

138 3188 338 3254 detentorem
355 3206 449 3270 quem
470 3206 529 3253 nos
553 3199 701 3270 utsupra
724 3204 912 3253 amonemus
935 3197 968 3253 et
990 3189 1223 3252 denunciamus

137 3297 293 3362 amotum,
310 3287 437 3368 sibique
458 3287 498 3352 de
515 3287 618 3368 ipsius
641 3286 758 3351 vicarie
781 3286 936 3351 lructibus
954 3286 1133 3351 redditibus
1149 3301 1223 3366 pro·

140 3387 290 3452 uentibus
302 3385 430 3466 juribus
445 3395 477 3450 et
492 3383 750 3450 obuencionibus
766 3385 927 3449 uniuersis
950 3384 1072 3466 integre
1089 3401 1223 3465 respon-

140 3485 235 3550 deant
250 3494 282 3549 et
300 3485 414 3549 iaciant
437 3483 477 3547 ab
493 3483 565 3564 alijs
580 3493 732 3566 quantum
759 3483 790 3546 in
807 3483 899 3548 vobis
917 3482 1010 3547 luerit
1034 3483 1176 3564 plenarie
1191 3491 1223 3548 et

137 3581 264 3665 integre
280 3582 487 3663 responderi;
505 3593 536 3647 et
551 3581 745 3664 generaliter
760 3581 866 3645 omnia
882 3582 941 3646 alia
963 3591 995 3646 et
1016 3581 1141 3663 singula
1165 3598 1222 3646 no·

140 3681 236 3747 bisin
253 3683 312 3746 buc
326 3691 415 3762 parte
427 3681 598 3745 commissa
613 3679 754 3760 plenarie
767 3689 965 3761 exequantur
978 3681 1062 3744 iuxta
1075 3679 1221 3744 traditam

140 3797 195 3846 seu
222 3781 378 3846 directam
403 3798 420 3844 a
447 3781 525 3846 sede
551 3779 727 3860 apostolica
755 3779 848 3844 nobis
876 3779 1020 3843 sormam.
1047 3777 1091 3842 lta
1119 3789 1222 3844 tamen

139 3881 223 3961 quod
253 3881 348 3962 ijdem
373 3879 571 3961 subdelegati
600 3878 700 3944 nostri
725 3878 756 3941 in
775 3878 985 3959 preiudicium
1002 3877 1078 3943 dicti
1103 3879 1223 3944 domini

141 3977 294 4044 lobannis
307 3977 357 4044 uel
371 3978 590 4058 procuratoris
602 3977 652 4042 sui
669 3977 711 4041 nil
726 3979 850 4042 valeant
862 3987 1051 4059 attemptare
1067 3995 1126 4043 nec
1138 3977 1224 4043 circa

143 4093 317 4156 processus
337 4094 394 4158 per
416 4093 476 4143 nos
498 4075 626 4142 babitos
649 4085 681 4142 et
703 4075 881 4142 sententias
905 4093 962 4158 per
985 4093 1044 4142 nos
1066 4077 1147 4141 latas
1170 4077 1225 4141 ab·

141 4175 300 4242 soluendo
314 4177 363 4242 uel
376 4175 603 4258 suspendendo
615 4175 734 4258 aliquid
748 4175 974 4242 immutareln
988 4175 1106 4242 ceteris
1119 4184 1224 4242 autern
