3222 4944
668 479 788 546 -6tt
812 513 850 526 -

257 665 316 726 Pro
343 659 565 743 pacillcatione
593 668 749 742 putarem,
774 661 893 726 auditis
920 660 1079 741 utrimque
1110 657 1298 734 rationibus,

216 759 352 826 didactia
383 759 624 826 determinanda
657 777 731 826 esse
768 778 825 842 per
864 759 1049 840 provisores
1085 767 1116 824 et
1153 766 1300 839 regentes

215 858 478 942 pedagoglorurn⁹
497 859 731 925 interveniente
755 860 890 925 flectere
913 868 967 924 ant
989 858 1053 923 alio
1071 875 1087 922 a
1110 857 1173 922 Sua
1190 855 1299 921 llxcel-

215 957 312 1024 lentia
338 958 532 1039 deputando,
560 967 592 1024 et
619 959 754 1041 pretium
784 959 815 1022 in
842 958 971 1024 statutis
997 957 1156 1022 facultatis
1186 956 1299 1021 artium

216 1055 469 1139 exprimendum.

257 1253 292 1320 ln
328 1253 539 1321 concessibus
574 1262 607 1324 et
643 1256 935 1324 consultationibus
972 1254 1206 1330 universitatis,
1247 1254 1301 1320 nbi

216 1357 356 1437 quinque
376 1353 542 1420 facultates
558 1355 654 1420 simul
670 1355 878 1433 conveniunt,
896 1363 962 1422 tres
978 1355 1174 1422 concludunt
1190 1363 1301 1420 contra

216 1453 308 1518 duas.
335 1452 497 1536 Contingit
527 1463 633 1518 autem
660 1471 738 1536 sepe
765 1471 804 1520 ex
830 1464 964 1536 utraque
991 1454 1139 1519 facultate
1161 1453 1244 1534 juris
1271 1462 1302 1518 et

217 1553 340 1618 medica
363 1561 484 1619 tanturn
503 1553 679 1619 convenire
694 1561 760 1619 tres
776 1563 829 1619 aut
844 1563 982 1636 quatuor
998 1569 1164 1635 personae,
1183 1562 1215 1618 et
1231 1553 1302 1618 illae

216 1652 244 1716 si
274 1650 511 1718 dissentiente
542 1652 746 1718 facultatibus
776 1652 958 1736 theologiae
997 1661 1028 1718 et
1063 1651 1190 1728 artium,
1222 1669 1303 1734 quae

217 1750 399 1816 ordinariae
422 1767 537 1830 rnagno
561 1769 695 1816 nurnero
720 1751 914 1818 conveniant
935 1762 967 1818 et
989 1751 1152 1816 abaetat
1169 1768 1302 1817 numero

217 1857 270 1914 aut
291 1849 429 1929 amplius
452 1862 538 1926 sunt,
556 1850 609 1915 isti
634 1860 700 1916 tres
723 1859 777 1915 ant
800 1859 937 1932 quatuor
959 1859 1069 1916 eontra
1092 1851 1152 1915 bos
1175 1850 1304 1915 conclu-

217 1949 307 2013 dunt.
325 1948 413 2023 Quod
431 1949 558 2015 videtur
575 1949 818 2016 inconveniens.

262 2095 322 2160 l‘ro
339 2095 481 2163 remedio
497 2097 745 2162 ordonnandurn
762 2105 862 2174 esset,
880 2107 914 2163 ot
932 2114 969 2162 ex
994 2113 1183 2179 unaquaque
1206 2095 1304 2161 facul-

220 2201 284 2260 tate
320 2193 436 2259 adesse
473 2194 611 2260 debeant
647 2195 799 2278 colunne,
831 2195 880 2261 vel
911 2197 949 2260 ad
980 2195 1145 2260 minimum
1175 2203 1243 2260 tres
1275 2203 1308 2260 ot

221 2292 411 2358 sententiam
450 2293 534 2358 ferre
571 2294 695 2374 possint
732 2294 860 2360 nornine
897 2311 974 2360 suae
1011 2293 1195 2370 facultatis;
1233 2294 1306 2375 quia

223 2407 376 2456 uumerus
392 2391 472 2454 infra
489 2392 662 2456 ternarium
681 2409 742 2458 non
761 2392 835 2457 facit
849 2391 1032 2474 collegium.

263 2538 302 2604 Et
316 2539 390 2620 nula
412 2539 627 2606 resolutiones
643 2539 866 2606 Universitatis
888 2541 1051 2607 ordinarie
1075 2558 1136 2606 non
1160 2541 1306 2606 celantur

221 2637 279 2704 sed
306 2638 338 2702 in
366 2638 436 2704 foro
462 2639 655 2718 referuntur,
678 2647 848 2721 antequam
872 2640 1014 2722 plenarie
1036 2640 1198 2706 resolutae
1220 2649 1308 2712 sunt,

222 2737 318 2803 etiam
348 2755 420 2804 cnm
451 2738 663 2819 expressione
693 2755 916 2824 personarum,
944 2740 998 2822 qui
1029 2756 1087 2821 pro
1117 2739 1166 2804 vel
1197 2747 1309 2804 contra

224 2835 364 2913 fuerunt,
383 2846 526 2918 putarent
543 2837 728 2912 convenire,
747 2846 781 2906 ot
796 2855 855 2920 pro
872 2855 974 2919 poena
990 2856 1007 2903 a
1024 2837 1311 2904 deliberationibus

224 2951 281 3014 per
296 2934 467 3000 Rectorem
482 2935 693 3001 excludantur
708 2937 761 3018 qui
778 2937 934 3019 comperti
952 2937 1069 3002 fuerint
1089 2953 1145 3003 eas
1168 2935 1310 3001 indebite

225 3032 401 3098 revelasse.

267 3178 387 3246 lleinde
407 3180 437 3243 in
459 3181 672 3246 concessibus
687 3192 719 3247 et
736 3181 1021 3247 deliberationibus
1037 3180 1263 3246 Universltatis
1278 3190 1309 3246 et

224 3277 417 3343 academicis
445 3287 564 3343 tantum
593 3279 742 3345 sotebant
768 3282 941 3346 convenire
970 3281 1066 3362 togati
1094 3287 1126 3346 et
1154 3279 1309 3361 byredati,

225 3376 286 3440 hoc
303 3376 398 3441 estin
423 3377 529 3442 babitu
554 3379 757 3454 academieo;
783 3397 868 3444 nunc
890 3390 994 3444 autern
1020 3381 1138 3460 passim
1161 3380 1320 3443 dicuntur

223 3473 333 3540 venire
355 3492 428 3540 cunr
453 3477 549 3558 pileo,
567 3477 631 3542 lnro
647 3479 754 3552 etiam,
774 3479 882 3542 relicta
901 3488 984 3560 toga,
1002 3496 1074 3542 curn
1092 3479 1206 3559 pallio;
1224 3478 1308 3559 quod

226 3582 355 3655 putatur
391 3575 590 3641 indecorum.
626 3577 766 3658 Ideoque
803 3577 1050 3642 ordonnandum
1087 3577 1246 3650 existimo,
1279 3584 1312 3640 ut

228 3689 322 3738 neruo
338 3683 522 3754 conpareat
538 3675 600 3739 nisi
617 3675 648 3738 in
669 3676 776 3741 habitu
794 3676 977 3742 academico
993 3693 1069 3741 suae
1085 3675 1310 3756 professionis,

227 3778 354 3852 togatus
380 3782 412 3837 et
436 3771 619 3854 byredatus,
640 3774 701 3838 snb
729 3775 846 3839 mulcta
872 3791 889 3839 a
916 3775 1053 3840 Rectene
1079 3773 1259 3849 statuenda,
1281 3782 1314 3838 ct

226 3869 415 3950 applicanda
452 3871 556 3936 erario
593 3871 830 3949 Universitatis,
862 3881 894 3938 et
931 3873 1129 3946 exclusionis
1165 3871 1205 3938 ab
1242 3875 1329 3936 actn'

225 3966 484 4036 deliberationis.

746 4089 798 4154 28.

271 4215 347 4281 ltern
366 4217 396 4280 in
412 4219 599 4284 visitatione
614 4219 731 4285 dicitur
748 4243 755 4284 :
776 4221 857 4301 Quin
872 4222 953 4302 lepos
966 4239 1026 4284 nou
1041 4222 1132 4301 facile
1143 4221 1315 4284 executioni

228 4315 414 4380 merceantur·
439 4327 471 4382 et
495 4321 529 4381 in
551 4320 653 4401 olpore
678 4323 882 4398 continentur,
903 4321 965 4384 arisi
986 4320 1100 4402 aliquis
1121 4318 1265 4401 cdripllct
1286 4327 1314 4384 el
