3194 4940
695 501 745 543 '—-
766 483 826 560 att
848 525 888 544 -—

366 676 461 746 Molo.
492 676 632 744 loannes
667 677 866 754 Vorenocker,
891 695 929 744 ex
956 675 1154 760 lloyaselede
1185 672 1331 754 Flander,

407 778 560 861 magister
587 776 715 853 artium,
747 777 902 859 plebanos
931 777 1090 844 ecelesiae
1122 779 1155 842 S.
1189 778 1272 844 Petri
1304 785 1335 845 et

408 881 439 942 S.
453 875 634 958 theologiae
651 878 827 958 professor.
838 913 877 924 -
890 877 912 941 l.
925 876 997 940 -E
1020 877 1080 942 lae.
1099 877 1292 960 theologiae.

367 982 447 1059 Aac.
462 978 628 1042 conrados
641 978 679 1042 de
692 977 788 1040 llere.
803 1013 841 1023 -
855 975 894 1040 ll.
909 1011 948 1022 —
964 977 987 1040 E
1003 977 1064 1042 lae.
1076 975 1159 1058 iuris
1175 977 1336 1042 canonici.

368 1079 445 1142 ll'oo.
469 1075 624 1142 Gerlacos
647 1078 739 1152 Borrt,
768 1074 996 1150 Lovanlensis,
1024 1075 1128 1158 legum
1155 1077 1279 1142 doctor.
1297 1112 1338 1126 -

412 1177 432 1241 l.
443 1213 484 1224 -
500 1176 536 1239 Ε.
554 1176 614 1240 lac.
629 1175 713 1256 juris
728 1175 845 1240 civilis.

253 1275 344 1352 44444,
360 1275 435 1356 febr.
455 1274 636 1339 ludovicus
653 1276 697 1338 lle
710 1275 839 1348 Venere,
858 1273 1049 1346 lliestensis,
1069 1273 1245 1340 medicinae
1261 1276 1338 1341 doc·

411 1384 473 1439 tor.
490 1409 530 1420 -
545 1372 570 1436 Ε
586 1375 647 1438 l‘ac.
667 1373 801 1437 medica.

366 1475 462 1539 Molo.
478 1471 623 1537 Andreas
640 1471 740 1546 Collo,
759 1473 936 1538 laetiensis
952 1473 1098 1551 blandem
1117 1473 1223 1556 legum
1240 1474 1339 1539 licen·

412 1571 521 1638 tiatos.
534 1605 575 1618 -
589 1569 614 1634 Ε
630 1571 691 1636 lac.
709 1571 837 1636 artium.

298 1719 503 1793 allactenus.
531 1719 575 1784 ait
601 1719 681 1794 Bax,
710 1719 849 1801 dignitas
874 1720 1044 1786 rectoralls
1070 1720 1242 1786 trimestris
1268 1720 1338 1797 init,

253 1820 407 1900 deinceps
430 1835 507 1886 vero
532 1819 700 1885 semestris
727 1819 813 1882 iacta·
836 1827 904 1894 est;
932 1828 1028 1900 atque
1049 1835 1086 1884 ex
1108 1820 1171 1884 hoc
1194 1828 1339 1900 tempore

253 1925 348 1998 (anno
371 1917 460 1996 4445)
484 1917 586 2000 pridie
607 1917 761 1982 kalendas
777 1917 894 1993 martii,
911 1933 970 1982 ceo
995 1917 1104 1984 ultima
1127 1918 1290 1994 februarii,
1309 1927 1341 1983 et

256 2018 358 2099 pridie
369 2017 524 2083 kalendas
539 2015 744 2098 septembris,
757 2032 817 2081 ceu
831 2016 940 2080 ultima
952 2018 1092 2098 augusti,
1107 2019 1180 2084 novi
1192 2017 1342 2084 hectoris

255 2117 371 2185 electio
397 2118 662 2200 inauguratioqoe
688 2117 927 2194 celebrabatur,
956 2118 1059 2199 pridie
1085 2135 1162 2187 vero
1186 2119 1342 2186 kalendas

253 2217 430 2300 jubilaeo
457 2219 565 2284 ultima
589 2216 675 2292 maii,
699 2226 730 2280 et
753 2216 856 2297 pridie
881 2217 1035 2284 kalendas
1057 2217 1257 2294 decembris,
1282 2235 1341 2284 ceu

258 2317 367 2383 ultima
385 2315 578 2388 novembris,
596 2315 628 2378 in
648 2331 801 2396 supremo
824 2317 1012 2397 magistratu
1036 2333 1096 2382 suo
1121 2316 1237 2382 hector
1261 2333 1342 2394 nota

257 2417 416 2483 electione
430 2426 485 2480 aut
499 2415 762 2491 ooniirmabatur,
776 2415 804 2479 sl
820 2415 902 2480 bene
914 2424 1050 2489 rexerat,
1065 2416 1213 2480 actalius
1225 2433 1343 2481 renun-

259 2515 407 2580 tiabatur.
424 2515 533 2596 ltaque
554 2514 587 2578 in
602 2513 853 2596 congregatione
868 2515 1070 2590 Academiae,
1089 2531 1151 2579 ona
1166 2531 1206 2580 ex
1220 2524 1344 2594 septem

258 2613 492 2679 celebrioribus
508 2613 606 2678 totins
628 2613 716 2688 anni,
734 2612 840 2678 habita
865 2612 975 2678 ultima
997 2613 1126 2695 augusti
1152 2614 1225 2678 anni
1251 2612 1343 2690 4445,

260 2713 383 2780 electos
398 2723 447 2778 eet
463 2711 580 2779 lleotor
594 2713 740 2777 Andreas
758 2712 973 2778 llorenbort.»

623 2896 769 2959 kecreurs
790 2895 985 2959 semestriels.

264 3044 356 3120 44444,
373 3043 429 3107 nlt.
447 3061 518 3125 cop.
536 3042 680 3108 hndreas
702 3042 884 3120 llorenltorl,
901 3044 941 3110 de
960 3045 1098 3126 Capella,
1116 3045 1148 3109 S.
1166 3045 1349 3128 theologiae

263 3177 266 3186 =
377 3195 380 3202 .
422 3146 599 3224 professor,
623 3143 746 3207 electus
769 3142 898 3208 tertiam
919 3144 1038 3212 Rector
1064 3145 1167 3226 pridie
1195 3146 1349 3210 kalendas

423 3242 628 3323 septembris,
644 3241 852 3308 continuatus
875 3243 933 3308 l'oit
954 3244 986 3306 in
1003 3244 1063 3308 hac
1077 3244 1232 3325 dignitate
1248 3243 1351 3324 pridie

422 3341 574 3406 kalendas
590 3341 782 3407 decembris.
796 3375 835 3389 -
852 3341 907 3406 lll.
920 3376 961 3389 -
976 3341 1000 3405 Ε
1016 3345 1074 3408 l'ac.
1093 3331 1284 3424 theologiae.

263 3441 354 3520 4446,
371 3440 427 3505 ult.
449 3441 528 3521 sehr.
552 3440 741 3522 Radulphus
763 3442 801 3504 de
825 3441 1003 3522 Beer-ingen.
1032 3477 1073 3488 -
1099 3442 1138 3506 ll.
1169 3477 1210 3490 -
1236 3441 1260 3506 Ε
1289 3443 1350 3507 lac.

419 3540 502 3622 juris
517 3541 677 3608 canonici.

383 3639 1041 3722 Ano.loanneschr·onsselt.—lV.-E
1068 3641 1222 3724 lac.juris
1235 3641 1351 3708 civilis.

267 3741 359 3819 4444,
375 3741 451 3821 [σὺν.
468 3741 609 3806 loatroes
623 3740 771 3822 Soepoet.
790 3773 825 3786 -
841 3740 879 3806 ll.
893 3775 929 3790 -
948 3741 973 3804 Ε
989 3741 1049 3806 lac.
1068 3744 1203 3806 medica.

383 3843 465 3922 rlop.
493 3839 627 3906 Carolus
660 3840 775 3916 Virolr',
792 3841 889 3921 vulgo
911 3839 1098 3918 hierenelrert,
1126 3840 1232 3906 dictus
1258 3841 1353 3907 etiam

337 3972 340 3980 ,
424 3943 462 4003 tle
485 3939 641 4014 Gondooo,
669 3940 821 4021 magister
844 3939 977 4016 artium,
1002 3941 1153 4006 l'undator
1175 3951 1207 4006 et
1230 3941 1354 4022 primns

371 4073 374 4078 ·
426 4057 542 4124 regens
558 4041 745 4122 paedagogii
761 4039 842 4102 hilii.
855 4073 895 4084 -
910 4038 934 4104 l.
947 4037 1028 4103 -Ε
1044 4040 1104 4105 lac.
1121 4041 1248 4105 artium.

268 4139 361 4219 4448,
377 4139 454 4221 febr.
472 4141 680 4222 lleymerlous
694 4142 733 4203 de
749 4141 874 4222 compo.
888 4171 929 4185 -
941 4138 977 4204 V.
993 4138 1069 4203 -Ε
1085 4139 1146 4205 lae.
1161 4140 1352 4222 theologiae.

386 4243 467 4323 Aug.
484 4240 674 4306 Gulllelmns
687 4241 841 4318 Custodia,
857 4240 936 4305 alias
951 4241 1042 4307 Boot.
1064 4273 1106 4289 ·-
1121 4239 1178 4306 444.
1195 4241 1275 4306 -ll
1293 4241 1354 4312 lec.

427 4339 511 4428 juris
525 4339 685 4409 canonici.
