3222 4944
328 633 480 682 sonarum
503 623 534 683 et
556 615 684 699 qnando
710 618 922 698 professores,
941 626 1090 697 regentes
1113 615 1363 698 pedagogiorum
1380 627 1414 683 ct

156 781 157 784 ,
231 789 232 792 ¹
326 717 492 796 praesides
509 715 718 798 collegiorum
735 731 903 781 numerum
921 731 983 781 nou
1004 714 1149 796 impleut,
1166 717 1328 781 associant
1349 717 1412 781 sibi

325 816 485 898 quoslibet
521 815 591 882 sire
625 814 813 890 canonicos,
851 814 919 881 sive
956 814 1051 880 etiam
1088 814 1273 895 capellanos
1308 815 1413 881 sancti

326 915 421 994 Petri,
437 915 584 981 homines
604 914 742 996 ignaros
761 922 793 980 et
817 929 879 979 non
904 914 1088 989 studentes;
1114 922 1145 978 ot
1167 912 1198 976 bi
1219 914 1250 976 in
1268 913 1414 980 nomina·

325 1013 467 1080 tionibus
482 1014 520 1078 ad
538 1013 694 1080 beneficia
711 1014 933 1094 praeferuntur
948 1013 1029 1086 aliis,
1046 1024 1077 1078 et
1095 1012 1234 1093 eripiunt
1256 1015 1410 1094 praemia,

325 1129 406 1195 quae
423 1113 537 1180 intuitu
553 1113 772 1180 studiosorum
789 1121 865 1178 sunt
880 1128 1049 1177 concessa.

238 1329 240 1332 ,
365 1259 688 1327 Ordonandum-loret
702 1268 746 1338 ut,
756 1260 885 1342 quando
900 1259 1103 1339 prolessores
1115 1268 1303 1340 etregentes
1317 1259 1411 1340 peda-

323 1359 491 1443 gogiorum
518 1377 581 1424 non
606 1359 737 1441 implent
761 1375 941 1432 numerum,
967 1375 1042 1441 prae
1064 1358 1182 1423 ceteris
1204 1368 1413 1426 assumantur

324 1459 527 1540 professores
551 1458 667 1539 publici
692 1459 888 1533 matheseos,
913 1458 1008 1522 trium
1035 1457 1214 1538 linguarum
1241 1455 1412 1523 hebraicae

323 1574 437 1639 grecae
463 1567 495 1622 et
520 1557 648 1632 latinae,
664 1556 782 1622 deinde
809 1557 952 1638 magistri
982 1555 1136 1621 docentes
1164 1555 1352 1621 humaniora
1377 1557 1411 1620 in

323 1657 412 1722 Novo
427 1655 569 1737 collegio
585 1655 809 1722 sanctissimae
823 1655 996 1730 Trinitatis,
1012 1663 1043 1721 et
1059 1655 1170 1720 ultimo
1186 1654 1270 1731 loco,
1286 1663 1409 1722 tantum

324 1763 529 1821 assumantur
545 1754 709 1836 praesides
725 1754 945 1836 collegiorum.

365 1903 442 1968 item
474 1901 704 1983 providendum
735 1902 795 1967 erit
825 1919 864 1967 ue
903 1901 1139 1968 nominationes
1175 1903 1213 1968 ad
1252 1901 1409 1970 benelicia

324 2001 532 2068 conferantur
547 2001 686 2083 indignis
709 2009 740 2066 et
759 2001 812 2082 qni
830 2017 892 2066 uon
910 2000 1027 2068 babent
1048 2000 1188 2068 animum
1211 2001 1251 2066 ad
1273 2001 1409 2068 clerica·

325 2109 402 2176 tum,
419 2099 476 2166 sed
494 2105 615 2166 tantum
632 2099 866 2166 nominationes
881 2099 1010 2180 capiunt
1026 2098 1056 2162 in
1073 2099 1188 2166 ordine
1204 2108 1238 2165 ut
1250 2100 1410 2168 beneficia

324 2200 453 2265 obtenta
479 2199 540 2264 sub
568 2199 722 2280 pensione
744 2199 915 2274 redimibili
939 2207 1136 2264 commutare
1159 2200 1296 2280 possint,
1315 2209 1413 2282 prout

276 2355 280 2361 .
324 2316 401 2380 sepe
417 2298 550 2379 contigit
571 2299 603 2362 in
627 2298 900 2364 nominationibus
921 2297 1150 2368 decennalibus
1173 2297 1410 2376 Universitatis,

323 2397 451 2480 quando
473 2397 624 2462 doctores
643 2396 726 2477 juris
749 2406 780 2462 et
802 2395 855 2460 alii
879 2396 962 2461 filios
984 2411 1062 2461 suos
1079 2413 1155 2477 prae
1172 2396 1244 2461 aliis
1260 2397 1413 2477 provisos

322 2495 435 2560 volunt
464 2503 495 2562 et
525 2495 609 2561 filios
637 2495 765 2560 illorum
796 2495 836 2561 de
867 2495 1052 2576 magistratu
1090 2495 1185 2561 etiarn
1220 2512 1413 2576 promovere

324 2594 518 2670 desiderant,
551 2603 584 2659 ut
619 2595 680 2659 bac
717 2595 839 2660 ratione
876 2601 1042 2674 parentum
1079 2594 1213 2676 gratiam
1247 2612 1411 2676 aucupare

328 2692 453 2774 possint
482 2693 513 2756 in
543 2693 729 2774 optinendis
758 2692 963 2767 lectionibus,
996 2709 1077 2774 quae
1106 2709 1165 2774 per
1190 2693 1411 2776 magistratum

328 2791 548 2857 conteruntur.

374 2937 414 3004 Ut
434 2938 638 3020 provideatur
660 2939 746 3005 dicto
768 2938 882 3004 abusui
905 2940 1127 3006 ordenandum
1147 2939 1256 3022 judico
1281 2949 1314 3005 ut
1336 2956 1415 3005 con-

329 3047 498 3104 currentes
519 3037 558 3102 ad
582 3037 818 3104 nominationes
841 3037 1008 3122 adigantur
1025 3038 1063 3102 ad
1082 3037 1307 3120 praestandum
1324 3037 1416 3119 jnra-

329 3145 470 3202 mentum
486 3135 572 3218 quod
589 3136 756 3202 intendant
772 3136 879 3202 rivere
895 3137 927 3200 in
943 3137 1117 3214 clericatu,
1127 3147 1159 3202 et
1181 3153 1244 3202 non
1267 3137 1417 3216 accipere

329 3235 579 3302 nominationem
613 3235 720 3300 auimo
750 3235 937 3317 resignandi
967 3235 1117 3302 ellectum
1147 3236 1204 3301 sed
1236 3235 1416 3302 intentione

328 3335 381 3399 illa
398 3334 523 3401 lruendi
539 3334 570 3398 in
587 3342 670 3400 statu
688 3333 922 3400 ecclesiastico.

372 3482 406 3546 ln
432 3481 559 3548 statutis
585 3481 746 3547 facultatis
771 3481 885 3547 artium
912 3482 1133 3564 exprimuntur
1155 3483 1281 3548 diversa
1301 3481 1372 3564 jura
1396 3498 1415 3546 a

328 3579 483 3646 studiosis
509 3580 676 3654 solvenda,
707 3597 770 3646 non
796 3590 901 3646 autem
929 3581 1066 3646 didactia
1094 3582 1332 3662 professorum
1360 3579 1415 3644 illa

327 3679 404 3743 olim
421 3687 570 3759 putantur
587 3679 687 3744 luisse
701 3679 884 3761 quindecim
900 3680 1108 3754 stulerorum,
1119 3696 1203 3744 nuno
1218 3679 1257 3743 ab
1270 3679 1363 3744 annis
1376 3677 1417 3742 30

327 3788 380 3842 aut
397 3778 436 3842 40
451 3787 652 3860 augmentata
669 3795 744 3844 esse
761 3777 799 3842 ad
817 3788 1005 3860 pataconem
1023 3795 1080 3858 pro
1105 3779 1211 3844 minus
1234 3777 1415 3860 principali,

328 3885 358 3940 et
380 3876 573 3942 ducatorem
597 3895 655 3958 pro
675 3877 776 3958 magis
795 3875 976 3958 principali.
993 3877 1142 3942 Nescitur
1158 3893 1219 3958 qua
1233 3876 1417 3942 autoritate.

368 3974 472 4056 Aliqui
489 3975 640 4040 estimant
657 3975 752 4039 nimis
768 3991 841 4040 esse
862 3985 1081 4056 augmentatm
1108 3975 1311 4056 prolessores
1330 3973 1418 4055 judi·

327 4082 401 4138 cant
424 4089 488 4140 nun
512 4091 587 4140 esse
611 4075 845 4148 arcessitam
869 4075 953 4154 qrrod
972 4083 1018 4139 tot
1034 4089 1192 4154 pauperes
1207 4081 1415 4148 concurrant,

328 4174 414 4254 quod
438 4172 609 4254 aliquando
634 4173 725 4240 tertia
750 4189 825 4255 pars
848 4173 1068 4240 studiosorum
1093 4189 1155 4240 nou
1177 4170 1358 4248 sotiensis
1384 4179 1420 4236 ut

329 4269 514 4355 frequenter
529 4271 732 4352 prolessores
746 4271 865 4353 justam
883 4271 1063 4338 mercedem
1080 4288 1144 4337 non
1160 4271 1328 4354 recipiant.
