3100 4942
617 428 805 495 -ttr-
884 409 885 412 ‘

158 606 285 674 litatem
308 608 522 675 obtinentium
544 627 603 690 pro
626 618 772 690 tempore
794 609 954 676 creandos
980 619 1013 678 et
1033 610 1254 682 instituendos

158 706 375 773 canonicatus
401 718 434 776 et
460 709 640 790 prebendas
668 707 853 774 buiuemodi
885 709 1052 792 percipere
1080 721 1113 778 et
1143 711 1254 780 leuare

160 814 359 871 conuertere
379 815 411 872 ct
433 815 589 888 perpetuo
610 805 750 872 retinere
772 807 1029 886 dyoceseoorum
1052 809 1198 879 locorum
1221 821 1253 876 et

158 903 337 971 cuiuslibet
357 906 490 971 alterius
511 905 645 970 licencia
668 920 766 986 super
786 906 851 976 boc
871 907 1004 978 minime
1027 909 1192 990 requisita.
1217 910 1255 976 lllt

159 1003 301 1084 insuper
321 1004 352 1067 in
376 1005 444 1084 ipsa
467 1004 604 1070 ecclesie
627 1005 731 1072 sartoti
756 1005 839 1072 Petri
859 1006 944 1072 ultre
966 1007 1072 1074 dictos
1094 1008 1205 1076 decem
1222 1019 1257 1074 et

156 1110 237 1166 octo
258 1101 338 1165 inibi
360 1102 547 1175 existentes,
564 1103 748 1182 quindecim
771 1103 812 1168 de
835 1103 994 1172 lructibos
1017 1106 1195 1172 redditibus
1222 1119 1257 1174 et

159 1201 379 1282 prouentibus
390 1201 547 1266 dictarum
558 1201 758 1282 singularum
776 1203 1025 1280 parrochialium
1040 1205 1255 1274 ecclesiarum

160 1299 382 1380 predictarum
398 1300 571 1366 reservatis
594 1317 652 1382 pro
668 1299 748 1381 ipsis
764 1301 896 1382 vicariis
912 1304 1119 1383 portionibus
1139 1305 1253 1370 buius·

161 1399 253 1464 modi
282 1399 449 1464 defricatis
477 1399 721 1476 resultantibus.
754 1416 813 1480 pro
843 1400 987 1467 formatis
1018 1401 1050 1467 in
1078 1401 1267 1484 Tlteologia

161 1497 350 1580 sacellartjs
373 1498 444 1563 siue
459 1498 491 1562 in
515 1499 568 1562 illa
584 1507 638 1564 aut
660 1499 831 1571 medicina.
850 1501 901 1567 uel
917 1501 971 1582 qni
999 1517 1056 1581 per
1079 1502 1251 1568 triennium

159 1595 314 1678 legerint,
332 1598 383 1662 uel
406 1597 548 1662 rexerint
572 1607 645 1678 post
669 1598 911 1677 susceptionem
933 1599 1109 1681 magisterii¹
1133 1601 1255 1682 gradus

159 1695 336 1762 inertibus
353 1696 526 1778 magistris,
544 1695 615 1762 siue
642 1697 672 1758 in
697 1707 834 1778 utroque
860 1698 909 1762 uel
926 1699 1029 1764 altero
1050 1698 1124 1780 jore
1142 1701 1253 1764 docto·

161 1795 269 1870 ribus,
286 1803 341 1859 aut
360 1811 435 1860 cum
457 1795 565 1876 rigore
586 1795 743 1861 examinis
760 1795 931 1862 licentiatis
952 1797 985 1860 in
1007 1798 1122 1864 eodem
1140 1797 1255 1878 Studio

160 1893 347 1975 legentibus
364 1894 415 1959 uel
431 1893 619 1974 regentibus
635 1909 693 1974 pro
707 1902 855 1974 tempore
870 1896 1062 1962 aemunitate
1075 1897 1253 1976 apostolica

160 1993 349 2074 supradicta
375 1993 558 2058 creauimus
583 2002 616 2058 et
642 1993 853 2068 instituimus,
881 2011 919 2061 ac
945 2011 1002 2075 pro
1025 1995 1154 2060 illorum
1180 1995 1256 2062 dote

162 2093 290 2157 lructus
316 2091 462 2156 redditus
484 2101 515 2157 et
538 2101 715 2172 prouentus
737 2092 921 2159 huiusmodi
944 2095 1145 2160 resultantes
1172 2094 1256 2158 inter

162 2190 350 2256 obtinentes
363 2207 422 2271 pro
438 2199 582 2270 tempore
593 2191 754 2256 creandos
769 2201 802 2256 et
813 2189 1030 2258 instituendos
1043 2193 1258 2262 canonicatus

161 2298 195 2354 et
223 2289 405 2370 prebendas
432 2289 565 2354 eosdem
592 2288 750 2369 equaliter
777 2288 1004 2368 percipiendos
1029 2289 1256 2371 deputabimus

160 2398 193 2452 et
217 2388 470 2469 assignauimus,
487 2387 617 2468 illisque
639 2403 739 2453 onera
762 2387 978 2468 infrascripta,
996 2387 1144 2454 uidelicet
1167 2391 1252 2471 quod

161 2485 283 2567 singuli
311 2485 352 2550 de
378 2502 462 2551 nouo
487 2496 615 2552 creatos
640 2495 674 2552 et
699 2485 864 2550 institutos
890 2486 1100 2552 canonicatus
1124 2498 1155 2552 et
1182 2503 1254 2570 pre-

161 2585 288 2651 bendas
314 2585 498 2650 buiusmodi
523 2599 580 2665 pro
607 2593 752 2664 tempore
776 2583 958 2652 obtinentes
981 2585 1013 2648 in
1036 2585 1173 2666 singulis
1196 2587 1259 2656 tri·.

160 2685 304 2767 plicibus
320 2684 422 2760 leszis,
434 2683 546 2766 primis
561 2689 592 2750 el
607 2683 761 2750 secundis
775 2683 934 2763 vesperis,
948 2701 1073 2750 necnon
1091 2686 1255 2750 matutinis

162 2793 195 2849 et
222 2783 323 2848 misse
345 2783 514 2857 interesse,
541 2792 596 2848 aut
619 2799 677 2862 pro
703 2781 844 2863 qualibet
869 2782 939 2848 vine
965 2800 1027 2864 qua
1055 2784 1253 2866 negligentes

164 2883 294 2955 luerint,
307 2882 438 2948 soluent
453 2899 549 2948 vuum
574 2882 765 2961 etupberum
786 2881 977 2962 perdicium
995 2883 1152 2948 decanum
1167 2881 1253 2948 dicte

163 2982 306 3047 ecclesie
322 2998 380 3062 pro
403 2992 548 3062 tempore
569 2980 608 3044 ad
624 2980 754 3061 aliquod
777 2980 864 3061 pium
879 2997 960 3061 opus
982 2981 1251 3056 conuertendum,

162 3081 289 3162 aliaque
311 3079 539 3146 ceremonialia
565 3079 651 3144 dicte
676 3078 815 3144 ecclesie
841 3079 937 3144 sicuti
960 3078 1082 3160 antiqui
1104 3079 1253 3144 canonici

162 3179 249 3245 dicte
275 3178 414 3244 ecclesie
443 3177 546 3244 sancti
574 3177 659 3242 Petri
688 3193 820 3244 seruare
845 3177 983 3243 debeant
1011 3188 1044 3244 et
1070 3187 1251 3252 teneantur,

163 3277 343 3343 adiecimus
377 3285 409 3342 et
444 3275 669 3357 imposuimus,
706 3275 857 3356 quodque
892 3292 931 3342 ex
967 3291 1053 3339 nunc
1090 3275 1252 3356 perpetuis

164 3377 282 3441 lutaris
299 3375 497 3456 temporibus
513 3375 545 3438 in
563 3374 683 3455 prelata
699 3374 837 3440 ecclesia
860 3373 963 3440 sancti
978 3373 1066 3440 Petri
1081 3373 1253 3440 canonica·

165 3485 312 3540 tuomet
338 3473 573 3554 prebendarum
591 3490 744 3540 uumerus
767 3474 820 3554 qui
838 3474 915 3538 inibi
940 3489 1042 3554 usque
1069 3489 1154 3538 nunc
1180 3473 1250 3548 luit,

166 3571 351 3637 buiusmodi
380 3570 563 3652 quindecim
594 3587 650 3652 per
677 3587 737 3636 nos
761 3581 944 3636 creatorum
974 3580 1006 3640 et
1032 3570 1253 3636 institutorum

166 3671 412 3736 canonicatuum
435 3681 468 3736 et
483 3669 718 3750 prebendarum
736 3685 891 3736 numerus
906 3669 949 3734 sit
964 3679 996 3734 et
1011 3679 1182 3734 censeatur
1196 3669 1254 3734 ad·

165 3781 292 3844 auctus,
305 3786 343 3834 ac
357 3769 444 3850 quod
460 3769 596 3851 singulis
612 3769 731 3834 creatis
746 3778 778 3834 et
793 3768 949 3832 institutis
963 3768 1207 3836 canonicatibus
1222 3777 1258 3834 et

166 3867 339 3950 prebendis
355 3867 509 3950 predictis
527 3868 634 3938 nullus
649 3867 732 3934 ordo
747 3866 862 3934 debent
883 3883 958 3932 esse
979 3883 1071 3932 sacer
1095 3883 1251 3944 annexus,

165 3968 316 4050 quodque
345 3965 489 4048 magistri
527 3967 679 4034 doctores
709 3965 868 4036 licenciati
904 3965 1073 4046 becctlarij
1105 3965 1252 4032 indicto

165 4065 281 4132 studio·
295 4065 440 4147 tepentes
466 4073 498 4130 et
519 4075 678 4146 regentes.
701 4063 872 4145 dictosque
894 4064 1103 4130 canonicatus
1124 4076 1157 4132 et
1179 4081 1253 4146 pre·

166 4165 288 4232 bundas
303 4163 488 4232 obtinentes
505 4177 563 4243 pro
580 4173 725 4242 tempore
746 4179 821 4228 cum
836 4161 1069 4230 resultantibus
1084 4180 1123 4230 es
1140 4179 1258 4244 parre,
