3236 4944
682 445 864 522 -ll'l-

229 639 325 707 alium
362 657 419 707 seu
455 640 549 716 alios,
580 640 675 705 etiam
706 640 733 705 si
763 647 873 705 essent
902 649 990 704 extra
1019 639 1101 715 luca,
1132 639 1164 703 in
1194 638 1312 722 quibus

228 739 367 822 deputati
392 749 501 806 essent
523 748 774 805 conseruatores
798 747 829 804 ct
848 737 987 820 judices,
1012 738 1142 819 prelatis
1169 740 1311 814 Rectori,

228 839 428 913 doctoribus,
455 839 626 919 magistris,
651 839 855 904 scholaribus
878 847 908 903 et
924 838 1067 905 eiusdem
1085 839 1311 904 Un-iuersitalis

229 940 375 1019 personis
412 939 553 1004 efficacis
590 937 789 1003 delensionis
827 939 969 1018 presidio
1006 939 1206 1012 assistentes,
1246 954 1309 1002 non

229 1038 449 1119 permitterent
470 1037 601 1103 eosdem
626 1054 724 1118 snper
751 1037 930 1118 premissis,
960 1048 990 1101 et
1016 1037 1211 1119 quibuslibet
1236 1038 1308 1102 aliis

228 1137 335 1214 bonis,
363 1136 459 1202 rebus
488 1154 524 1202 ac
548 1137 685 1217 juribus,
714 1137 751 1200 ad
776 1137 850 1200 illos
873 1137 1085 1200 communiter
1107 1137 1157 1222 vel
1179 1136 1308 1202 diuisim

228 1237 457 1315 spectantibus,
475 1253 491 1298 a
508 1236 677 1317 quibusuis
694 1235 833 1299 indebite
858 1234 1031 1308 molestari,
1054 1235 1103 1298 vel
1127 1236 1174 1300 eis
1197 1252 1308 1318 graua-

228 1336 324 1410 mina,
353 1335 487 1399 iniurias
513 1352 570 1400 seu
597 1335 710 1398 damna
739 1333 886 1414 irrogari,
914 1343 967 1397 aut
992 1344 1103 1398 contra
1129 1335 1307 1415 priuilegia,

227 1434 456 1500 concessiones
483 1443 514 1499 et
541 1434 661 1499 indulta
688 1434 748 1496 sub
776 1449 976 1514 quacumque
1006 1433 1176 1498 verborum
1208 1435 1309 1498 lor-ma

227 1533 306 1614 ipsis
336 1533 477 1606 Rectori,
504 1533 702 1610 doctoribus,
728 1531 900 1613 magistris,
921 1523 1128 1597 ‘scholaribus
1158 1549 1195 1598 ac
1224 1532 1308 1597 dicte

228 1632 450 1698 Uniuersitatis
477 1632 624 1712 personis
650 1648 667 1695 a
695 1631 777 1696 Sede
805 1631 945 1712 predicta
971 1631 1020 1694 vel
1048 1631 1127 1697 alias
1154 1632 1309 1698 hactenus

228 1747 383 1797 concessa
400 1747 455 1796 seu
473 1747 510 1794 ex
527 1740 603 1796 tuuc
618 1730 649 1793 in
666 1736 831 1811 posterum
848 1730 1089 1811 quomodolibet
1102 1731 1308 1796 concedenda

228 1829 357 1910 infringi
380 1846 437 1894 seu
457 1829 570 1893 violari
587 1828 787 1909 aliquatenus
802 1827 852 1892 vel
869 1827 963 1891 etiam
981 1827 1176 1910 impugnem
1196 1829 1308 1895 laeturi

227 1928 319 1994 dictis
342 1928 483 2005 Rectori,
508 1927 709 2002 doctoribus,
736 1927 908 2008 magistris,
932 1927 1134 1992 sobolaribus
1157 1938 1188 1994 et
1208 1928 1310 2010 ipsios

228 2027 453 2096 Uniuersitatis
478 2025 637 2107 personis,
655 2043 727 2091 cum
750 2026 789 2090 ab
813 2026 861 2092 eis
883 2027 933 2091 vel
956 2027 1100 2108 ipsorum
1120 2029 1239 2109 aliquo,
1257 2037 1311 2092 aut

227 2127 295 2192 suis
311 2125 587 2208 procuratoribus
605 2124 770 2204 superbis
791 2125 894 2190 lorent
918 2125 1075 2206 requisiti,
1092 2125 1132 2191 de
1156 2126 1309 2207 predictis

228 2237 259 2292 et
285 2225 355 2290 aliis
381 2225 531 2306 personis
557 2222 753 2305 quibuslibet
778 2239 876 2303 super
899 2221 1101 2288 restitutione
1124 2225 1307 2290 huiusmodi

227 2335 419 2398 castrorum,
451 2323 610 2396 villarum,
641 2331 811 2397 terrarum,
850 2321 1006 2397 locorum,
1042 2321 1175 2403 jurium,
1210 2323 1308 2404 iuris·

227 2423 415 2496 dictionum,
447 2421 643 2495 reddituum,
675 2429 888 2502 prouentuum
926 2430 956 2484 et
985 2422 1121 2486 aliorum
1152 2423 1308 2488 bonorum

226 2521 452 2604 quorumlibet,
472 2537 596 2585 necnon
616 2520 656 2584 de
679 2518 849 2600 quibusuis
873 2519 1041 2594 molestiis,
1068 2521 1194 2585 iniuriis
1217 2529 1311 2602 atque

226 2621 351 2685 damnis
372 2620 554 2700 ceterisque
576 2620 720 2699 ipsorum
737 2627 800 2682 tam
818 2618 958 2682 realibus
974 2635 1068 2699 quam
1087 2620 1311 2698 personalibus

228 2719 421 2797 actionibus,
453 2718 658 2800 presentibus
687 2727 718 2782 et
748 2717 881 2788 lutaris;
909 2718 941 2780 in
969 2717 1032 2781 iliis
1059 2717 1219 2794 videlicet,
1247 2738 1311 2801 que

225 2818 409 2901 iudicialem
437 2817 602 2898 requirnnt
627 2816 821 2898 indaginem,
849 2816 1033 2890 summarie,
1062 2817 1251 2899 simpliciter
1277 2827 1308 2883 et

225 2919 265 2982 de
289 2916 394 2996 plano,
418 2934 455 2982 ao
478 2916 548 2981 sine
571 2916 705 2996 strepitu
730 2916 765 2980 et'
785 2915 885 2997 ligura
908 2915 1032 2997 iudicii,
1062 2917 1093 2980 in
1120 2918 1191 2983 aliis
1217 2936 1307 2994 vero,

226 3027 320 3098 prout
342 3016 478 3097 qualitas
502 3015 703 3098 negotiorum
726 3013 860 3096 exigerit
876 3016 999 3095 iustitie
1018 3016 1307 3096 complementum;

225 3123 437 3197 occupatores
474 3130 531 3180 seu
569 3115 765 3187 detentores,
799 3113 1035 3188 molestatores,
1067 3125 1310 3196 presumptores

225 3225 256 3280 et
272 3214 479 3279 iniurialores
501 3213 698 3287 huiusmodi,
725 3228 848 3276 necnon
872 3212 1126 3279 contradictores
1149 3215 1311 3296 quoslibet

145 3304 148 3310 ’
224 3323 256 3379 et
277 3312 428 3388 rebelles,
454 3312 687 3392 cuiuscumque
710 3309 885 3392 diguitatis,
905 3319 1019 3388 status,
1037 3313 1171 3392 gradus,
1188 3313 1311 3378 ordinis

226 3413 275 3477 vel
287 3410 482 3477 conditionis
495 3410 681 3484 existerent,
693 3409 962 3490 quandocumque
974 3417 1005 3473 et
1020 3410 1311 3493 quotienscumque

226 3511 401 3592 expediret,
426 3509 612 3574 auctoritate
635 3507 811 3588 apostolica
837 3524 893 3588 per
919 3523 1088 3572 censuram
1114 3510 1309 3576 ecclesiasti·
1399 3581 1402 3588 ,

227 3625 308 3684 cam,
323 3609 535 3690 appellatione
548 3608 737 3689 postposita,
751 3606 998 3688 compescendo,
1014 3607 1162 3673 inuocato
1178 3609 1216 3673 ad
1235 3609 1308 3687 boo,

227 3709 255 3772 si
277 3725 359 3789 opus
382 3707 474 3781 leret,
498 3707 617 3771 auxilio
640 3704 761 3769 bracbii
784 3705 953 3770 secularis.
978 3711 1023 3770 Ac
1045 3707 1145 3771 voluit
1170 3718 1201 3773 et
1227 3707 1310 3774 dicta

226 3807 416 3872 auctoritate
445 3805 600 3876 decreuit.
629 3805 713 3885 quod
740 3803 875 3884 quilibet
901 3807 1086 3870 eorumdem
1110 3805 1254 3886 iudicum
1281 3819 1312 3873 et

227 3914 494 3970 ccttseruatcrum
521 3903 670 3985 prosequi
694 3904 815 3968 valeret
839 3903 1009 3968 articulum
1033 3905 1127 3968 etiam
1145 3923 1201 3986 per
1216 3906 1312 3972 alium

227 4004 424 4079 inchoatum,
442 4003 591 4084 quamuis
607 4003 690 4066 idem
708 4002 863 4066 incboans
882 4003 971 4066 nullo
988 4003 1070 4067 foret
1086 4003 1314 4085 impedimento

227 4102 383 4167 canonico
408 4101 604 4184 prepeditus.
628 4100 782 4181 Quodque
810 4119 826 4165 a
854 4101 925 4166 data
952 4101 1108 4167 dictarum
1135 4103 1311 4169 litterarum

227 4211 316 4267 esset
331 4201 378 4266 eis
394 4211 426 4266 et
441 4201 613 4282 unicuique
628 4216 740 4264 eorum
756 4200 787 4263 in
804 4201 972 4280 premissis
988 4202 1137 4266 omnibus
1153 4214 1308 4270 eteorum
