<?xml version="1.0" encoding="UTF-8"?>
<!DOCTYPE html PUBLIC "-//W3C//DTD XHTML 1.0 Transitional//EN"
    "http://www.w3.org/TR/xhtml1/DTD/xhtml1-transitional.dtd">
<html xmlns="http://www.w3.org/1999/xhtml" xml:lang="en" lang="en">
 <head>
  <title>
</title>
<meta http-equiv="Content-Type" content="text/html;charset=utf-8" />
  <meta name='ocr-system' content='tesseract 3.04.00' />
  <meta name='ocr-capabilities' content='ocr_page ocr_carea ocr_par ocr_line ocrx_word'/>
</head>
<body>
  <div class='ocr_page' id='page_1' title='image "./documentsrelati00reusgoog_0056.png"; bbox 0 0 3112 4942; ppageno 0'>
   <div class='ocr_carea' id='block_1_1' title="bbox 771 436 932 510">
    <p class='ocr_par' dir='ltr' id='par_1_1' title="bbox 771 436 932 510">
     <span class='ocr_line' id='line_1_1' title="bbox 771 436 932 510; baseline -0.062 -1"><span class='ocrx_word' id='word_1_1' title='bbox 771 436 874 510; x_wconf 67' lang='lat' dir='ltr'><strong>—zll</strong></span> <span class='ocrx_word' id='word_1_2' title='bbox 895 471 932 486; x_wconf 90' lang='lat'>—</span> 
     </span>
    </p>
   </div>
   <div class='ocr_carea' id='block_1_2' title="bbox 300 617 1408 4257">
    <p class='ocr_par' dir='ltr' id='par_1_2' title="bbox 300 617 1408 4257">
     <span class='ocr_line' id='line_1_2' title="bbox 300 617 1398 698; baseline -0.001 -12"><span class='ocrx_word' id='word_1_3' title='bbox 300 637 369 686; x_wconf 82' lang='lat' dir='ltr'><strong>stus</strong></span> <span class='ocrx_word' id='word_1_4' title='bbox 387 620 549 684; x_wconf 85' lang='lat' dir='ltr'><strong>lohannes</strong></span> <span class='ocrx_word' id='word_1_5' title='bbox 573 619 614 683; x_wconf 89' lang='lat' dir='ltr'><strong>do</strong></span> <span class='ocrx_word' id='word_1_6' title='bbox 639 617 828 684; x_wconf 86' lang='lat' dir='ltr'><strong>llottsberoh</strong></span> <span class='ocrx_word' id='word_1_7' title='bbox 852 617 1033 698; x_wconf 78' lang='lat' dir='ltr'>Episcopus</span> <span class='ocrx_word' id='word_1_8' title='bbox 1052 617 1233 688; x_wconf 76' lang='lat' dir='ltr'><strong>‘leodiensis</strong></span> <span class='ocrx_word' id='word_1_9' title='bbox 1255 635 1293 684; x_wconf 86' lang='lat' dir='ltr'><strong>au</strong></span> <span class='ocrx_word' id='word_1_10' title='bbox 1316 620 1398 685; x_wconf 88' lang='lat' dir='ltr'><strong>uerti</strong></span> 
     </span>
     <span class='ocr_line' id='line_1_3' title="bbox 300 717 1393 802; baseline 0.002 -20"><span class='ocrx_word' id='word_1_11' title='bbox 300 718 541 800; x_wconf 77' lang='lat' dir='ltr'><strong>,Arohydiaeoni</strong></span> <span class='ocrx_word' id='word_1_12' title='bbox 568 719 600 783; x_wconf 92' lang='lat' dir='ltr'><strong>in</strong></span> <span class='ocrx_word' id='word_1_13' title='bbox 629 718 767 802; x_wconf 83' lang='lat' dir='ltr'><strong>eeclesia</strong></span> <span class='ocrx_word' id='word_1_14' title='bbox 791 717 954 783; x_wconf 87' lang='lat' dir='ltr'><strong>leodiensi</strong></span> <span class='ocrx_word' id='word_1_15' title='bbox 985 734 1041 784; x_wconf 85' lang='lat' dir='ltr'><strong>seu</strong></span> <span class='ocrx_word' id='word_1_16' title='bbox 1069 717 1180 799; x_wconf 76' lang='lat' dir='ltr'><strong>vicarii</strong></span> <span class='ocrx_word' id='word_1_17' title='bbox 1206 719 1393 786; x_wconf 86' lang='lat' dir='ltr'><strong>eorumdem</strong></span> 
     </span>
     <span class='ocr_line' id='line_1_4' title="bbox 301 816 1392 901; baseline 0.005 -21"><span class='ocrx_word' id='word_1_18' title='bbox 301 819 476 901; x_wconf 68' lang='lat' dir='ltr'><strong>¹quamdam</strong></span> <span class='ocrx_word' id='word_1_19' title='bbox 491 827 797 898; x_wconf 78' lang='lat' dir='ltr'><strong>pretensamoontra</strong></span> <span class='ocrx_word' id='word_1_20' title='bbox 810 816 1060 882; x_wconf 73' lang='lat' dir='ltr'><strong>insinuationem</strong></span> <span class='ocrx_word' id='word_1_21' title='bbox 1073 834 1130 882; x_wconf 85' lang='lat' dir='ltr'><strong>seu</strong></span> <span class='ocrx_word' id='word_1_22' title='bbox 1146 817 1392 896; x_wconf 77' lang='lat' dir='ltr'><strong>publicationem</strong></span> 
     </span>
     <span class='ocr_line' id='line_1_5' title="bbox 303 916 1397 997; baseline 0.002 -17"><span class='ocrx_word' id='word_1_23' title='bbox 303 928 470 984; x_wconf 76' lang='lat' dir='ltr'><strong>nennium</strong></span> <span class='ocrx_word' id='word_1_24' title='bbox 494 916 736 997; x_wconf 78' lang='lat' dir='ltr'><strong>priuilegiorum</strong></span> <span class='ocrx_word' id='word_1_25' title='bbox 760 926 978 982; x_wconf 80' lang='lat' dir='ltr'><strong>assertorum</strong></span> <span class='ocrx_word' id='word_1_26' title='bbox 1004 916 1179 980; x_wconf 86' lang='lat' dir='ltr'><strong>litterarum</strong></span> <span class='ocrx_word' id='word_1_27' title='bbox 1202 918 1397 996; x_wconf 85' lang='lat' dir='ltr'><strong>apostolisa-</strong></span> 
     </span>
     <span class='ocr_line' id='line_1_6' title="bbox 304 1014 1398 1096; baseline 0 -16"><span class='ocrx_word' id='word_1_28' title='bbox 304 1033 379 1081; x_wconf 89' lang='lat' dir='ltr'><strong>rum</strong></span> <span class='ocrx_word' id='word_1_29' title='bbox 401 1033 499 1096; x_wconf 86' lang='lat' dir='ltr'><strong>super</strong></span> <span class='ocrx_word' id='word_1_30' title='bbox 514 1015 635 1080; x_wconf 89' lang='lat' dir='ltr'><strong>eisdem</strong></span> <span class='ocrx_word' id='word_1_31' title='bbox 658 1032 675 1079; x_wconf 92' lang='lat' dir='ltr'><strong>a</strong></span> <span class='ocrx_word' id='word_1_32' title='bbox 697 1014 904 1080; x_wconf 83' lang='lat' dir='ltr'><strong>sanctissimo</strong></span> <span class='ocrx_word' id='word_1_33' title='bbox 926 1016 958 1078; x_wconf 90' lang='lat' dir='ltr'><strong>in</strong></span> <span class='ocrx_word' id='word_1_34' title='bbox 975 1015 1204 1095; x_wconf 83' lang='lat' dir='ltr'><strong>oltristopatre</strong></span> <span class='ocrx_word' id='word_1_35' title='bbox 1218 1025 1250 1080; x_wconf 88' lang='lat' dir='ltr'><strong>et</strong></span> <span class='ocrx_word' id='word_1_36' title='bbox 1265 1017 1398 1080; x_wconf 90' lang='lat' dir='ltr'><strong>domino</strong></span> 
     </span>
     <span class='ocr_line' id='line_1_7' title="bbox 309 1113 1398 1195; baseline 0 -16"><span class='ocrx_word' id='word_1_37' title='bbox 309 1123 422 1180; x_wconf 90' lang='lat' dir='ltr'><strong>nostru</strong></span> <span class='ocrx_word' id='word_1_38' title='bbox 444 1130 523 1195; x_wconf 86' lang='lat' dir='ltr'><strong>papa</strong></span> <span class='ocrx_word' id='word_1_39' title='bbox 545 1114 730 1194; x_wconf 83' lang='lat' dir='ltr'><strong>supradicto</strong></span> <span class='ocrx_word' id='word_1_40' title='bbox 753 1113 834 1193; x_wconf 89' lang='lat' dir='ltr'><strong>ipsis</strong></span> <span class='ocrx_word' id='word_1_41' title='bbox 857 1130 894 1178; x_wconf 85' lang='lat' dir='ltr'><strong>ao</strong></span> <span class='ocrx_word' id='word_1_42' title='bbox 911 1113 1116 1178; x_wconf 88' lang='lat' dir='ltr'><strong>Vniuersilati</strong></span> <span class='ocrx_word' id='word_1_43' title='bbox 1135 1114 1278 1193; x_wconf 84' lang='lat' dir='ltr'><strong>predicte</strong></span> <span class='ocrx_word' id='word_1_44' title='bbox 1293 1115 1398 1182; x_wconf 91' lang='lat' dir='ltr'><strong>indul·</strong></span> 
     </span>
     <span class='ocr_line' id='line_1_8' title="bbox 308 1211 1393 1291; baseline 0.001 -13"><span class='ocrx_word' id='word_1_45' title='bbox 308 1222 413 1279; x_wconf 88' lang='lat' dir='ltr'><strong>torum</strong></span> <span class='ocrx_word' id='word_1_46' title='bbox 437 1229 494 1278; x_wconf 88' lang='lat' dir='ltr'><strong>seu</strong></span> <span class='ocrx_word' id='word_1_47' title='bbox 517 1213 711 1279; x_wconf 85' lang='lat' dir='ltr'><strong>indultarum</strong></span> <span class='ocrx_word' id='word_1_48' title='bbox 731 1212 772 1276; x_wconf 88' lang='lat' dir='ltr'><strong>nd</strong></span> <span class='ocrx_word' id='word_1_49' title='bbox 795 1220 938 1276; x_wconf 83' lang='lat' dir='ltr'><strong>sonetum</strong></span> <span class='ocrx_word' id='word_1_50' title='bbox 961 1211 1075 1276; x_wconf 88' lang='lat' dir='ltr'><strong>Sedem</strong></span> <span class='ocrx_word' id='word_1_51' title='bbox 1097 1212 1314 1291; x_wconf 78' lang='lat' dir='ltr'><strong>Apostolioatn</strong></span> <span class='ocrx_word' id='word_1_52' title='bbox 1339 1227 1393 1280; x_wconf 86' lang='lat' dir='ltr'><strong>aut</strong></span> 
     </span>
     <span class='ocr_line' id='line_1_9' title="bbox 308 1309 1396 1392; baseline 0.002 -18"><span class='ocrx_word' id='word_1_53' title='bbox 308 1312 389 1375; x_wconf 86' lang='lat' dir='ltr'><strong>alins</strong></span> <span class='ocrx_word' id='word_1_54' title='bbox 415 1311 680 1389; x_wconf 81' lang='lat' dir='ltr'><strong>interposuerunt</strong></span> <span class='ocrx_word' id='word_1_55' title='bbox 705 1310 967 1390; x_wconf 86' lang='lat' dir='ltr'><strong>appellationem.</strong></span> <span class='ocrx_word' id='word_1_56' title='bbox 996 1309 1094 1385; x_wconf 83' lang='lat' dir='ltr'><strong>Quam</strong></span> <span class='ocrx_word' id='word_1_57' title='bbox 1123 1320 1227 1378; x_wconf 89' lang='lat' dir='ltr'><strong>tomen</strong></span> <span class='ocrx_word' id='word_1_58' title='bbox 1254 1313 1396 1392; x_wconf 84' lang='lat' dir='ltr'><strong>appella·</strong></span> 
     </span>
     <span class='ocr_line' id='line_1_10' title="bbox 310 1408 1395 1490; baseline 0 -16"><span class='ocrx_word' id='word_1_59' title='bbox 310 1410 429 1475; x_wconf 90' lang='lat' dir='ltr'><strong>tionem</strong></span> <span class='ocrx_word' id='word_1_60' title='bbox 453 1419 635 1490; x_wconf 87' lang='lat' dir='ltr'><strong>pretonsnm</strong></span> <span class='ocrx_word' id='word_1_61' title='bbox 660 1409 740 1488; x_wconf 88' lang='lat' dir='ltr'><strong>ipsis</strong></span> <span class='ocrx_word' id='word_1_62' title='bbox 762 1408 902 1474; x_wconf 90' lang='lat' dir='ltr'><strong>dominis</strong></span> <span class='ocrx_word' id='word_1_63' title='bbox 926 1427 963 1474; x_wconf 86' lang='lat' dir='ltr'><strong>tto</strong></span> <span class='ocrx_word' id='word_1_64' title='bbox 987 1410 1148 1490; x_wconf 78' lang='lat' dir='ltr'><strong>magistris</strong></span> <span class='ocrx_word' id='word_1_65' title='bbox 1173 1411 1302 1475; x_wconf 89' lang='lat' dir='ltr'><strong>minime</strong></span> <span class='ocrx_word' id='word_1_66' title='bbox 1324 1411 1395 1474; x_wconf 91' lang='lat' dir='ltr'><strong>inti-</strong></span> 
     </span>
     <span class='ocr_line' id='line_1_11' title="bbox 305 1508 1396 1590; baseline -0.001 -17"><span class='ocrx_word' id='word_1_67' title='bbox 305 1517 425 1574; x_wconf 83' lang='lat' dir='ltr'><strong>matam</strong></span> <span class='ocrx_word' id='word_1_68' title='bbox 439 1509 488 1573; x_wconf 87' lang='lat' dir='ltr'><strong>rel</strong></span> <span class='ocrx_word' id='word_1_69' title='bbox 504 1508 693 1574; x_wconf 86' lang='lat' dir='ltr'><strong>insinuatam</strong></span> <span class='ocrx_word' id='word_1_70' title='bbox 709 1524 765 1586; x_wconf 91' lang='lat' dir='ltr'><strong>per</strong></span> <span class='ocrx_word' id='word_1_71' title='bbox 775 1509 930 1586; x_wconf 86' lang='lat' dir='ltr'><strong>premissa</strong></span> <span class='ocrx_word' id='word_1_72' title='bbox 940 1509 989 1572; x_wconf 89' lang='lat' dir='ltr'><strong>rel</strong></span> <span class='ocrx_word' id='word_1_73' title='bbox 1003 1509 1185 1587; x_wconf 80' lang='lat' dir='ltr'><strong>subscripta</strong></span> <span class='ocrx_word' id='word_1_74' title='bbox 1200 1525 1396 1590; x_wconf 75' lang='lat' dir='ltr'><strong>nequaquam</strong></span> 
     </span>
     <span class='ocr_line' id='line_1_12' title="bbox 309 1606 1401 1686; baseline 0.001 -16"><span class='ocrx_word' id='word_1_75' title='bbox 309 1608 486 1686; x_wconf 83' lang='lat' dir='ltr'><strong>approbant</strong></span> <span class='ocrx_word' id='word_1_76' title='bbox 504 1607 551 1669; x_wconf 86' lang='lat' dir='ltr'><strong>rel</strong></span> <span class='ocrx_word' id='word_1_77' title='bbox 574 1607 757 1674; x_wconf 84' lang='lat' dir='ltr'><strong>admittunt.</strong></span> <span class='ocrx_word' id='word_1_78' title='bbox 775 1615 829 1669; x_wconf 87' lang='lat' dir='ltr'><strong>aut</strong></span> <span class='ocrx_word' id='word_1_79' title='bbox 843 1607 1023 1685; x_wconf 84' lang='lat' dir='ltr'><strong>approbare</strong></span> <span class='ocrx_word' id='word_1_80' title='bbox 1039 1608 1086 1670; x_wconf 87' lang='lat' dir='ltr'><strong>rel</strong></span> <span class='ocrx_word' id='word_1_81' title='bbox 1104 1606 1272 1672; x_wconf 81' lang='lat' dir='ltr'><strong>admittere</strong></span> <span class='ocrx_word' id='word_1_82' title='bbox 1288 1609 1401 1672; x_wconf 80' lang='lat' dir='ltr'><strong>nolunt</strong></span> 
     </span>
     <span class='ocr_line' id='line_1_13' title="bbox 311 1707 1395 1790; baseline 0.002 -22"><span class='ocrx_word' id='word_1_83' title='bbox 311 1707 360 1768; x_wconf 84' lang='lat' dir='ltr'><strong>vel</strong></span> <span class='ocrx_word' id='word_1_84' title='bbox 384 1707 571 1774; x_wconf 81' lang='lat' dir='ltr'><strong>intendunt:</strong></span> <span class='ocrx_word' id='word_1_85' title='bbox 597 1707 839 1790; x_wconf 85' lang='lat' dir='ltr'><strong>veruto-potius</strong></span> <span class='ocrx_word' id='word_1_86' title='bbox 862 1717 1011 1786; x_wconf 82' lang='lat' dir='ltr'><strong>tattonem</strong></span> <span class='ocrx_word' id='word_1_87' title='bbox 1039 1707 1198 1780; x_wconf 75' lang='lat' dir='ltr'><strong>friuolam,</strong></span> <span class='ocrx_word' id='word_1_88' title='bbox 1224 1707 1395 1771; x_wconf 87' lang='lat' dir='ltr'><strong>indebitam</strong></span> 
     </span>
     <span class='ocr_line' id='line_1_14' title="bbox 312 1803 1397 1885; baseline 0.001 -17"><span class='ocrx_word' id='word_1_89' title='bbox 312 1812 342 1868; x_wconf 90' lang='lat' dir='ltr'><strong>et</strong></span> <span class='ocrx_word' id='word_1_90' title='bbox 358 1803 508 1867; x_wconf 89' lang='lat' dir='ltr'><strong>iniustam</strong></span> <span class='ocrx_word' id='word_1_91' title='bbox 532 1820 569 1867; x_wconf 85' lang='lat' dir='ltr'><strong>au</strong></span> <span class='ocrx_word' id='word_1_92' title='bbox 593 1803 775 1868; x_wconf 88' lang='lat' dir='ltr'><strong>nullatenus</strong></span> <span class='ocrx_word' id='word_1_93' title='bbox 799 1805 952 1868; x_wconf 83' lang='lat' dir='ltr'><strong>canonino</strong></span> <span class='ocrx_word' id='word_1_94' title='bbox 976 1805 1195 1883; x_wconf 86' lang='lat' dir='ltr'><strong>interpositam</strong></span> <span class='ocrx_word' id='word_1_95' title='bbox 1211 1806 1261 1870; x_wconf 85' lang='lat' dir='ltr'><strong>vel</strong></span> <span class='ocrx_word' id='word_1_96' title='bbox 1286 1821 1397 1885; x_wconf 90' lang='lat' dir='ltr'><strong>prose·</strong></span> 
     </span>
     <span class='ocr_line' id='line_1_15' title="bbox 312 1903 1400 1984; baseline 0.002 -18"><span class='ocrx_word' id='word_1_97' title='bbox 312 1912 417 1966; x_wconf 85' lang='lat' dir='ltr'><strong>cutem</strong></span> <span class='ocrx_word' id='word_1_98' title='bbox 439 1913 493 1966; x_wconf 86' lang='lat' dir='ltr'><strong>aut</strong></span> <span class='ocrx_word' id='word_1_99' title='bbox 516 1903 772 1982; x_wconf 85' lang='lat' dir='ltr'><strong>prosequendam</strong></span> <span class='ocrx_word' id='word_1_100' title='bbox 796 1903 995 1984; x_wconf 79' lang='lat' dir='ltr'><strong>impugnare,</strong></span> <span class='ocrx_word' id='word_1_101' title='bbox 1020 1903 1205 1984; x_wconf 77' lang='lat' dir='ltr'><strong>infringere,</strong></span> <span class='ocrx_word' id='word_1_102' title='bbox 1230 1904 1400 1968; x_wconf 88' lang='lat' dir='ltr'><strong>annullare</strong></span> 
     </span>
     <span class='ocr_line' id='line_1_16' title="bbox 312 1999 1400 2082; baseline 0.002 -18"><span class='ocrx_word' id='word_1_103' title='bbox 312 2009 343 2064; x_wconf 86' lang='lat' dir='ltr'><strong>et</strong></span> <span class='ocrx_word' id='word_1_104' title='bbox 366 1999 503 2073; x_wconf 85' lang='lat' dir='ltr'><strong>irritare.</strong></span> <span class='ocrx_word' id='word_1_105' title='bbox 528 2000 554 2063; x_wconf 92' lang='lat' dir='ltr'><strong>si</strong></span> <span class='ocrx_word' id='word_1_106' title='bbox 581 2007 612 2064; x_wconf 88' lang='lat' dir='ltr'><strong>et</strong></span> <span class='ocrx_word' id='word_1_107' title='bbox 639 2000 669 2062; x_wconf 91' lang='lat' dir='ltr'><strong>in</strong></span> <span class='ocrx_word' id='word_1_108' title='bbox 694 2009 847 2081; x_wconf 82' lang='lat' dir='ltr'><strong>quantum</strong></span> <span class='ocrx_word' id='word_1_109' title='bbox 870 2001 1003 2081; x_wconf 82' lang='lat' dir='ltr'><strong>dejure</strong></span> <span class='ocrx_word' id='word_1_110' title='bbox 1028 2001 1095 2065; x_wconf 91' lang='lat' dir='ltr'><strong>lieri</strong></span> <span class='ocrx_word' id='word_1_111' title='bbox 1121 2003 1248 2081; x_wconf 84' lang='lat' dir='ltr'><strong>poterit,</strong></span> <span class='ocrx_word' id='word_1_112' title='bbox 1272 2003 1311 2066; x_wconf 89' lang='lat' dir='ltr'><strong>de</strong></span> <span class='ocrx_word' id='word_1_113' title='bbox 1334 2006 1400 2082; x_wconf 83' lang='lat' dir='ltr'><strong>quo</strong></span> 
     </span>
     <span class='ocr_line' id='line_1_17' title="bbox 312 2101 1397 2180; baseline 0.002 -16"><span class='ocrx_word' id='word_1_114' title='bbox 312 2115 464 2178; x_wconf 80' lang='lat' dir='ltr'><strong>expresse</strong></span> <span class='ocrx_word' id='word_1_115' title='bbox 480 2101 756 2180; x_wconf 85' lang='lat' dir='ltr'><strong>protestabantur;</strong></span> <span class='ocrx_word' id='word_1_116' title='bbox 775 2117 815 2164; x_wconf 86' lang='lat' dir='ltr'><strong>ne</strong></span> <span class='ocrx_word' id='word_1_117' title='bbox 831 2108 936 2164; x_wconf 86' lang='lat' dir='ltr'><strong>lamen</strong></span> <span class='ocrx_word' id='word_1_118' title='bbox 952 2117 1050 2180; x_wconf 85' lang='lat' dir='ltr'><strong>super</strong></span> <span class='ocrx_word' id='word_1_119' title='bbox 1070 2101 1182 2166; x_wconf 88' lang='lat' dir='ltr'><strong>eadent</strong></span> <span class='ocrx_word' id='word_1_120' title='bbox 1199 2111 1311 2166; x_wconf 87' lang='lat' dir='ltr'><strong>eontra</strong></span> <span class='ocrx_word' id='word_1_121' title='bbox 1326 2119 1397 2180; x_wconf 80' lang='lat' dir='ltr'><strong>eos,</strong></span> 
     </span>
     <span class='ocr_line' id='line_1_18' title="bbox 311 2199 1398 2282; baseline 0.003 -21"><span class='ocrx_word' id='word_1_122' title='bbox 311 2213 369 2262; x_wconf 87' lang='lat' dir='ltr'><strong>seo</strong></span> <span class='ocrx_word' id='word_1_123' title='bbox 386 2214 498 2262; x_wconf 92' lang='lat' dir='ltr'><strong>eorum</strong></span> <span class='ocrx_word' id='word_1_124' title='bbox 520 2199 671 2279; x_wconf 81' lang='lat' dir='ltr'><strong>aliquem,</strong></span> <span class='ocrx_word' id='word_1_125' title='bbox 688 2200 736 2263; x_wconf 89' lang='lat' dir='ltr'><strong>vel</strong></span> <span class='ocrx_word' id='word_1_126' title='bbox 760 2208 872 2264; x_wconf 89' lang='lat' dir='ltr'><strong>contra</strong></span> <span class='ocrx_word' id='word_1_127' title='bbox 897 2200 1062 2282; x_wconf 82' lang='lat' dir='ltr'><strong>priuilegio</strong></span> <span class='ocrx_word' id='word_1_128' title='bbox 1081 2208 1136 2264; x_wconf 85' lang='lat' dir='ltr'><strong>aut</strong></span> <span class='ocrx_word' id='word_1_129' title='bbox 1157 2200 1281 2263; x_wconf 88' lang='lat' dir='ltr'><strong>litteras</strong></span> <span class='ocrx_word' id='word_1_130' title='bbox 1301 2215 1398 2280; x_wconf 90' lang='lat' dir='ltr'><strong>apos-</strong></span> 
     </span>
     <span class='ocr_line' id='line_1_19' title="bbox 311 2297 1397 2379; baseline 0 -19"><span class='ocrx_word' id='word_1_131' title='bbox 311 2297 426 2361; x_wconf 88' lang='lat' dir='ltr'><strong>lolioas</strong></span> <span class='ocrx_word' id='word_1_132' title='bbox 447 2307 648 2378; x_wconf 88' lang='lat' dir='ltr'><strong>suprataotas</strong></span> <span class='ocrx_word' id='word_1_133' title='bbox 670 2299 701 2360; x_wconf 92' lang='lat' dir='ltr'><strong>in</strong></span> <span class='ocrx_word' id='word_1_134' title='bbox 726 2305 908 2379; x_wconf 89' lang='lat' dir='ltr'><strong>pretonsem</strong></span> <span class='ocrx_word' id='word_1_135' title='bbox 931 2300 1166 2364; x_wconf 88' lang='lat' dir='ltr'><strong>oonturnaoiam</strong></span> <span class='ocrx_word' id='word_1_136' title='bbox 1189 2299 1325 2364; x_wconf 86' lang='lat' dir='ltr'><strong>alieuius</strong></span> <span class='ocrx_word' id='word_1_137' title='bbox 1348 2297 1397 2363; x_wconf 89' lang='lat' dir='ltr'><strong>vel</strong></span> 
     </span>
     <span class='ocr_line' id='line_1_20' title="bbox 312 2395 1399 2479; baseline -0.001 -19"><span class='ocrx_word' id='word_1_138' title='bbox 312 2395 392 2460; x_wconf 85' lang='lat' dir='ltr'><strong>olias</strong></span> <span class='ocrx_word' id='word_1_139' title='bbox 415 2397 475 2460; x_wconf 87' lang='lat' dir='ltr'><strong>snb</strong></span> <span class='ocrx_word' id='word_1_140' title='bbox 499 2398 608 2461; x_wconf 86' lang='lat' dir='ltr'><strong>nubilo</strong></span> <span class='ocrx_word' id='word_1_141' title='bbox 631 2408 687 2460; x_wconf 88' lang='lat' dir='ltr'><strong>aut</strong></span> <span class='ocrx_word' id='word_1_142' title='bbox 708 2397 822 2462; x_wconf 90' lang='lat' dir='ltr'><strong>dolose</strong></span> <span class='ocrx_word' id='word_1_143' title='bbox 838 2397 886 2462; x_wconf 89' lang='lat' dir='ltr'><strong>vel</strong></span> <span class='ocrx_word' id='word_1_144' title='bbox 913 2406 1062 2478; x_wconf 88' lang='lat' dir='ltr'><strong>preteuse</strong></span> <span class='ocrx_word' id='word_1_145' title='bbox 1085 2398 1215 2478; x_wconf 82' lang='lat' dir='ltr'><strong>procedi</strong></span> <span class='ocrx_word' id='word_1_146' title='bbox 1235 2399 1399 2479; x_wconf 84' lang='lat' dir='ltr'><strong>contingat</strong></span> 
     </span>
     <span class='ocr_line' id='line_1_21' title="bbox 310 2494 1401 2576; baseline 0.001 -18"><span class='ocrx_word' id='word_1_147' title='bbox 310 2494 392 2558; x_wconf 85' lang='lat' dir='ltr'><strong>eitra</strong></span> <span class='ocrx_word' id='word_1_148' title='bbox 408 2497 648 2559; x_wconf 87' lang='lat' dir='ltr'><strong>reuooalionem</strong></span> <span class='ocrx_word' id='word_1_149' title='bbox 664 2495 799 2560; x_wconf 87' lang='lat' dir='ltr'><strong>aliorum</strong></span> <span class='ocrx_word' id='word_1_150' title='bbox 816 2512 947 2560; x_wconf 89' lang='lat' dir='ltr'><strong>suornm</strong></span> <span class='ocrx_word' id='word_1_151' title='bbox 966 2499 1209 2576; x_wconf 81' lang='lat' dir='ltr'><strong>pronorato&#39;rum</strong></span> <span class='ocrx_word' id='word_1_152' title='bbox 1233 2496 1313 2560; x_wconf 87' lang='lat' dir='ltr'><strong>aiios</strong></span> <span class='ocrx_word' id='word_1_153' title='bbox 1336 2495 1401 2560; x_wconf 85' lang='lat' dir='ltr'><strong>ior-</strong></span> 
     </span>
     <span class='ocr_line' id='line_1_22' title="bbox 314 2594 1400 2676; baseline 0.003 -20"><span class='ocrx_word' id='word_1_154' title='bbox 314 2609 372 2656; x_wconf 89' lang='lat' dir='ltr'><strong>snn</strong></span> <span class='ocrx_word' id='word_1_155' title='bbox 395 2594 695 2675; x_wconf 85' lang='lat' dir='ltr'><strong>quomodocumque</strong></span> <span class='ocrx_word' id='word_1_156' title='bbox 718 2595 978 2670; x_wconf 83' lang='lat' dir='ltr'><strong>constitutorum,</strong></span> <span class='ocrx_word' id='word_1_157' title='bbox 996 2597 1057 2660; x_wconf 90' lang='lat' dir='ltr'><strong>sub</strong></span> <span class='ocrx_word' id='word_1_158' title='bbox 1081 2596 1314 2676; x_wconf 76' lang='lat' dir='ltr'><strong>protestatione</strong></span> <span class='ocrx_word' id='word_1_159' title='bbox 1330 2610 1400 2675; x_wconf 80' lang='lat' dir='ltr'><strong>pre</strong></span> 
     </span>
     <span class='ocr_line' id='line_1_23' title="bbox 313 2693 1398 2774; baseline 0.003 -19"><span class='ocrx_word' id='word_1_160' title='bbox 313 2699 396 2755; x_wconf 87' lang='lat' dir='ltr'><strong>tacta</strong></span> <span class='ocrx_word' id='word_1_161' title='bbox 409 2708 509 2772; x_wconf 85' lang='lat' dir='ltr'><strong>eaque</strong></span> <span class='ocrx_word' id='word_1_162' title='bbox 522 2693 680 2757; x_wconf 85' lang='lat' dir='ltr'><strong>mediante</strong></span> <span class='ocrx_word' id='word_1_163' title='bbox 692 2703 724 2758; x_wconf 91' lang='lat' dir='ltr'><strong>et</strong></span> <span class='ocrx_word' id='word_1_164' title='bbox 737 2711 798 2758; x_wconf 93' lang='lat' dir='ltr'><strong>non</strong></span> <span class='ocrx_word' id='word_1_165' title='bbox 812 2695 903 2768; x_wconf 83' lang='lat' dir='ltr'><strong>alies,</strong></span> <span class='ocrx_word' id='word_1_166' title='bbox 919 2695 1105 2758; x_wconf 86' lang='lat' dir='ltr'><strong>melioribus</strong></span> <span class='ocrx_word' id='word_1_167' title='bbox 1118 2693 1275 2774; x_wconf 71' lang='lat' dir='ltr'><strong>viajure,</strong></span> <span class='ocrx_word' id='word_1_168' title='bbox 1290 2693 1398 2766; x_wconf 83' lang='lat' dir='ltr'><strong>modo.</strong></span> 
     </span>
     <span class='ocr_line' id='line_1_24' title="bbox 313 2793 1399 2872; baseline 0.002 -18"><span class='ocrx_word' id='word_1_169' title='bbox 313 2805 410 2854; x_wconf 87' lang='lat' dir='ltr'><strong>nausa</strong></span> <span class='ocrx_word' id='word_1_170' title='bbox 427 2801 457 2854; x_wconf 85' lang='lat' dir='ltr'><strong>st</strong></span> <span class='ocrx_word' id='word_1_171' title='bbox 475 2793 573 2856; x_wconf 87' lang='lat' dir='ltr'><strong>lorma</strong></span> <span class='ocrx_word' id='word_1_172' title='bbox 590 2793 705 2872; x_wconf 87' lang='lat' dir='ltr'><strong>quibus</strong></span> <span class='ocrx_word' id='word_1_173' title='bbox 722 2804 893 2871; x_wconf 88' lang='lat' dir='ltr'><strong>potuerunt</strong></span> <span class='ocrx_word' id='word_1_174' title='bbox 910 2803 941 2858; x_wconf 89' lang='lat' dir='ltr'><strong>et</strong></span> <span class='ocrx_word' id='word_1_175' title='bbox 956 2793 1147 2869; x_wconf 86' lang='lat' dir='ltr'><strong>debuerunt,</strong></span> <span class='ocrx_word' id='word_1_176' title='bbox 1164 2803 1226 2856; x_wconf 90' lang='lat' dir='ltr'><strong>lam</strong></span> <span class='ocrx_word' id='word_1_177' title='bbox 1243 2793 1399 2858; x_wconf 83' lang='lat' dir='ltr'><strong>conionu-</strong></span> 
     </span>
     <span class='ocr_line' id='line_1_25' title="bbox 312 2889 1398 2969; baseline 0.001 -17"><span class='ocrx_word' id='word_1_178' title='bbox 312 2889 367 2952; x_wconf 92' lang='lat' dir='ltr'><strong>tim</strong></span> <span class='ocrx_word' id='word_1_179' title='bbox 384 2905 478 2969; x_wconf 85' lang='lat' dir='ltr'><strong>quam</strong></span> <span class='ocrx_word' id='word_1_180' title='bbox 495 2891 637 2965; x_wconf 86' lang='lat' dir='ltr'><strong>diuisim‚</strong></span> <span class='ocrx_word' id='word_1_181' title='bbox 656 2892 810 2963; x_wconf 82' lang='lat' dir='ltr'><strong>leserunt,</strong></span> <span class='ocrx_word' id='word_1_182' title='bbox 829 2903 991 2966; x_wconf 85' lang='lat' dir='ltr'><strong>crearunt,</strong></span> <span class='ocrx_word' id='word_1_183' title='bbox 1009 2893 1246 2957; x_wconf 84' lang='lat' dir='ltr'><strong>constituerunt</strong></span> <span class='ocrx_word' id='word_1_184' title='bbox 1261 2901 1292 2957; x_wconf 89' lang='lat' dir='ltr'><strong>et</strong></span> <span class='ocrx_word' id='word_1_185' title='bbox 1310 2890 1398 2955; x_wconf 90' lang='lat' dir='ltr'><strong>ordi-</strong></span> 
     </span>
     <span class='ocr_line' id='line_1_26' title="bbox 314 2991 1399 3072; baseline 0.004 -22"><span class='ocrx_word' id='word_1_186' title='bbox 314 2998 473 3052; x_wconf 86' lang='lat' dir='ltr'><strong>nauerunt</strong></span> <span class='ocrx_word' id='word_1_187' title='bbox 502 3005 580 3054; x_wconf 88' lang='lat' dir='ltr'><strong>suos</strong></span> <span class='ocrx_word' id='word_1_188' title='bbox 607 3006 715 3065; x_wconf 81' lang='lat' dir='ltr'><strong>veruo,</strong></span> <span class='ocrx_word' id='word_1_189' title='bbox 747 3000 856 3054; x_wconf 80' lang='lat' dir='ltr'><strong>certos</strong></span> <span class='ocrx_word' id='word_1_190' title='bbox 892 3001 924 3056; x_wconf 93' lang='lat' dir='ltr'><strong>et</strong></span> <span class='ocrx_word' id='word_1_191' title='bbox 961 2991 1121 3072; x_wconf 85' lang='lat' dir='ltr'><strong>legitimos</strong></span> <span class='ocrx_word' id='word_1_192' title='bbox 1159 3001 1399 3072; x_wconf 82' lang='lat' dir='ltr'><strong>procuratores.</strong></span> 
     </span>
     <span class='ocr_line' id='line_1_27' title="bbox 314 3088 1405 3170; baseline 0.001 -20"><span class='ocrx_word' id='word_1_193' title='bbox 314 3097 454 3160; x_wconf 85' lang='lat' dir='ltr'><strong>autores,</strong></span> <span class='ocrx_word' id='word_1_194' title='bbox 472 3088 609 3152; x_wconf 86' lang='lat' dir='ltr'><strong>lautores</strong></span> <span class='ocrx_word' id='word_1_195' title='bbox 632 3097 664 3152; x_wconf 85' lang='lat' dir='ltr'><strong>et</strong></span> <span class='ocrx_word' id='word_1_196' title='bbox 681 3090 888 3170; x_wconf 79' lang='lat' dir='ltr'><strong>negociorum</strong></span> <span class='ocrx_word' id='word_1_197' title='bbox 905 3105 1037 3155; x_wconf 90' lang='lat' dir='ltr'><strong>suorum</strong></span> <span class='ocrx_word' id='word_1_198' title='bbox 1055 3099 1203 3170; x_wconf 80' lang='lat' dir='ltr'><strong>gestures</strong></span> <span class='ocrx_word' id='word_1_199' title='bbox 1219 3099 1251 3154; x_wconf 86' lang='lat' dir='ltr'><strong>et</strong></span> <span class='ocrx_word' id='word_1_200' title='bbox 1267 3088 1405 3152; x_wconf 83' lang='lat' dir='ltr'><strong>nunoios</strong></span> 
     </span>
     <span class='ocr_line' id='line_1_28' title="bbox 314 3186 1403 3269; baseline -0.001 -20"><span class='ocrx_word' id='word_1_201' title='bbox 314 3186 472 3266; x_wconf 86' lang='lat' dir='ltr'><strong>speciales</strong></span> <span class='ocrx_word' id='word_1_202' title='bbox 484 3195 515 3249; x_wconf 88' lang='lat' dir='ltr'><strong>et</strong></span> <span class='ocrx_word' id='word_1_203' title='bbox 527 3187 708 3266; x_wconf 81' lang='lat' dir='ltr'><strong>generales.</strong></span> <span class='ocrx_word' id='word_1_204' title='bbox 724 3189 765 3251; x_wconf 91' lang='lat' dir='ltr'><strong>ita</strong></span> <span class='ocrx_word' id='word_1_205' title='bbox 780 3198 883 3252; x_wconf 85' lang='lat' dir='ltr'><strong>tamen</strong></span> <span class='ocrx_word' id='word_1_206' title='bbox 901 3189 985 3269; x_wconf 84' lang='lat' dir='ltr'><strong>quod</strong></span> <span class='ocrx_word' id='word_1_207' title='bbox 1003 3188 1187 3268; x_wconf 86' lang='lat' dir='ltr'><strong>specialitas</strong></span> <span class='ocrx_word' id='word_1_208' title='bbox 1202 3187 1403 3268; x_wconf 86' lang='lat' dir='ltr'><strong>generalitati</strong></span> 
     </span>
     <span class='ocr_line' id='line_1_29' title="bbox 313 3285 1402 3365; baseline 0.001 -17"><span class='ocrx_word' id='word_1_209' title='bbox 313 3301 377 3350; x_wconf 92' lang='lat' dir='ltr'><strong>non</strong></span> <span class='ocrx_word' id='word_1_210' title='bbox 401 3285 535 3365; x_wconf 83' lang='lat' dir='ltr'><strong>deroget</strong></span> <span class='ocrx_word' id='word_1_211' title='bbox 551 3301 610 3350; x_wconf 90' lang='lat' dir='ltr'><strong>neo</strong></span> <span class='ocrx_word' id='word_1_212' title='bbox 633 3295 777 3359; x_wconf 86' lang='lat' dir='ltr'><strong>econtra,</strong></span> <span class='ocrx_word' id='word_1_213' title='bbox 795 3287 999 3352; x_wconf 85' lang='lat' dir='ltr'><strong>vortereltiles</strong></span> <span class='ocrx_word' id='word_1_214' title='bbox 1015 3288 1102 3352; x_wconf 86' lang='lat' dir='ltr'><strong>viros</strong></span> <span class='ocrx_word' id='word_1_215' title='bbox 1119 3287 1321 3351; x_wconf 87' lang='lat' dir='ltr'><strong>dominusne</strong></span> <span class='ocrx_word' id='word_1_216' title='bbox 1338 3301 1402 3349; x_wconf 87' lang='lat' dir='ltr'><strong>nta-</strong></span> 
     </span>
     <span class='ocr_line' id='line_1_30' title="bbox 311 3383 1401 3466; baseline 0.001 -21"><span class='ocrx_word' id='word_1_217' title='bbox 311 3383 434 3465; x_wconf 79' lang='lat' dir='ltr'><strong>gistros</strong></span> <span class='ocrx_word' id='word_1_218' title='bbox 451 3385 599 3448; x_wconf 89' lang='lat' dir='ltr'><strong>Petrum</strong></span> <span class='ocrx_word' id='word_1_219' title='bbox 623 3385 819 3450; x_wconf 84' lang='lat' dir='ltr'><strong>llarultant</strong></span> <span class='ocrx_word' id='word_1_220' title='bbox 835 3385 865 3447; x_wconf 91' lang='lat' dir='ltr'><strong>in</strong></span> <span class='ocrx_word' id='word_1_221' title='bbox 879 3385 952 3466; x_wconf 86' lang='lat' dir='ltr'><strong>jure</strong></span> <span class='ocrx_word' id='word_1_222' title='bbox 968 3386 1054 3451; x_wconf 84' lang='lat' dir='ltr'><strong>ciuili</strong></span> <span class='ocrx_word' id='word_1_223' title='bbox 1072 3385 1268 3450; x_wconf 77' lang='lat' dir='ltr'><strong>licentiarum</strong></span> <span class='ocrx_word' id='word_1_224' title='bbox 1284 3385 1401 3449; x_wconf 89' lang='lat' dir='ltr'><strong>ibidem</strong></span> 
     </span>
     <span class='ocr_line' id='line_1_31' title="bbox 316 3483 1408 3564; baseline 0.002 -20"><span class='ocrx_word' id='word_1_225' title='bbox 316 3492 510 3562; x_wconf 84' lang='lat' dir='ltr'><strong>presentem,</strong></span> <span class='ocrx_word' id='word_1_226' title='bbox 530 3499 654 3547; x_wconf 90' lang='lat' dir='ltr'><strong>neunon</strong></span> <span class='ocrx_word' id='word_1_227' title='bbox 677 3483 885 3548; x_wconf 69' lang='lat' dir='ltr'><strong>ernoldum</strong></span> <span class='ocrx_word' id='word_1_228' title='bbox 909 3485 953 3549; x_wconf 91' lang='lat' dir='ltr'><strong>de</strong></span> <span class='ocrx_word' id='word_1_229' title='bbox 977 3485 1126 3564; x_wconf 75' lang='lat' dir='ltr'><strong>Glymez</strong></span> <span class='ocrx_word' id='word_1_230' title='bbox 1149 3484 1179 3546; x_wconf 92' lang='lat' dir='ltr'><strong>in</strong></span> <span class='ocrx_word' id='word_1_231' title='bbox 1196 3498 1288 3547; x_wconf 87' lang='lat' dir='ltr'><strong>saura</strong></span> <span class='ocrx_word' id='word_1_232' title='bbox 1304 3483 1408 3547; x_wconf 87' lang='lat' dir='ltr'><strong>Tlteo·</strong></span> 
     </span>
     <span class='ocr_line' id='line_1_32' title="bbox 321 3581 1403 3662; baseline 0 -18"><span class='ocrx_word' id='word_1_233' title='bbox 321 3582 403 3662; x_wconf 74' lang='lat' dir='ltr'><strong>logia</strong></span> <span class='ocrx_word' id='word_1_234' title='bbox 434 3581 666 3656; x_wconf 71' lang='lat' dir='ltr'><strong>saccularium,</strong></span> <span class='ocrx_word' id='word_1_235' title='bbox 704 3583 902 3661; x_wconf 88' lang='lat' dir='ltr'><strong>prepositum</strong></span> <span class='ocrx_word' id='word_1_236' title='bbox 932 3583 973 3646; x_wconf 90' lang='lat' dir='ltr'><strong>de</strong></span> <span class='ocrx_word' id='word_1_237' title='bbox 1003 3581 1161 3656; x_wconf 70' lang='lat' dir='ltr'><strong>meissen,</strong></span> <span class='ocrx_word' id='word_1_238' title='bbox 1196 3583 1403 3645; x_wconf 76' lang='lat' dir='ltr'><strong>ernoldum</strong></span> 
     </span>
     <span class='ocr_line' id='line_1_33' title="bbox 316 3679 1405 3760; baseline -0.001 -16"><span class='ocrx_word' id='word_1_239' title='bbox 316 3681 364 3744; x_wconf 89' lang='lat' dir='ltr'><strong>de</strong></span> <span class='ocrx_word' id='word_1_240' title='bbox 379 3680 491 3744; x_wconf 89' lang='lat' dir='ltr'><strong>Witte</strong></span> <span class='ocrx_word' id='word_1_241' title='bbox 506 3682 696 3746; x_wconf 82' lang='lat' dir='ltr'><strong>santonicum</strong></span> <span class='ocrx_word' id='word_1_242' title='bbox 713 3679 936 3757; x_wconf 76' lang='lat' dir='ltr'><strong>leodiensem,</strong></span> <span class='ocrx_word' id='word_1_243' title='bbox 952 3683 1162 3746; x_wconf 81' lang='lat' dir='ltr'><strong>iohannem</strong></span> <span class='ocrx_word' id='word_1_244' title='bbox 1178 3681 1288 3760; x_wconf 77' lang='lat' dir='ltr'><strong>Creyl</strong></span> <span class='ocrx_word' id='word_1_245' title='bbox 1309 3681 1405 3744; x_wconf 89' lang='lat' dir='ltr'><strong>deoa-</strong></span> 
     </span>
     <span class='ocr_line' id='line_1_34' title="bbox 318 3779 1403 3860; baseline -0.002 -18"><span class='ocrx_word' id='word_1_246' title='bbox 318 3795 394 3844; x_wconf 93' lang='lat' dir='ltr'><strong>num</strong></span> <span class='ocrx_word' id='word_1_247' title='bbox 424 3780 671 3860; x_wconf 73' lang='lat' dir='ltr'><strong>Apouriettsem,</strong></span> <span class='ocrx_word' id='word_1_248' title='bbox 702 3782 908 3845; x_wconf 85' lang='lat' dir='ltr'><strong>loltaunem</strong></span> <span class='ocrx_word' id='word_1_249' title='bbox 938 3783 983 3845; x_wconf 87' lang='lat' dir='ltr'><strong>de</strong></span> <span class='ocrx_word' id='word_1_250' title='bbox 1012 3781 1177 3846; x_wconf 83' lang='lat' dir='ltr'><strong>Louentio</strong></span> <span class='ocrx_word' id='word_1_251' title='bbox 1212 3779 1403 3844; x_wconf 86' lang='lat' dir='ltr'><strong>nanottieum</strong></span> 
     </span>
     <span class='ocr_line' id='line_1_35' title="bbox 317 3877 1401 3959; baseline -0.004 -17"><span class='ocrx_word' id='word_1_252' title='bbox 317 3879 419 3943; x_wconf 87' lang='lat' dir='ltr'><strong>saneti</strong></span> <span class='ocrx_word' id='word_1_253' title='bbox 446 3878 580 3959; x_wconf 81' lang='lat' dir='ltr'><strong>Seruetij</strong></span> <span class='ocrx_word' id='word_1_254' title='bbox 608 3879 841 3954; x_wconf 73' lang='lat' dir='ltr'><strong>immolensis,</strong></span> <span class='ocrx_word' id='word_1_255' title='bbox 870 3879 1058 3944; x_wconf 77' lang='lat' dir='ltr'><strong>leodiensis</strong></span> <span class='ocrx_word' id='word_1_256' title='bbox 1084 3878 1238 3952; x_wconf 80' lang='lat' dir='ltr'><strong>diocesis,</strong></span> <span class='ocrx_word' id='word_1_257' title='bbox 1262 3877 1401 3940; x_wconf 83' lang='lat' dir='ltr'><strong>lohan-</strong></span> 
     </span>
     <span class='ocr_line' id='line_1_36' title="bbox 319 3976 1404 4059; baseline -0.002 -19"><span class='ocrx_word' id='word_1_258' title='bbox 319 3993 400 4042; x_wconf 88' lang='lat' dir='ltr'><strong>nem</strong></span> <span class='ocrx_word' id='word_1_259' title='bbox 438 3977 587 4042; x_wconf 84' lang='lat' dir='ltr'><strong>llellinu</strong></span> <span class='ocrx_word' id='word_1_260' title='bbox 623 3979 781 4044; x_wconf 89' lang='lat' dir='ltr'><strong>deonnuut</strong></span> <span class='ocrx_word' id='word_1_261' title='bbox 818 3976 1117 4059; x_wconf 81' lang='lat' dir='ltr'><strong>Osttalturgensem,</strong></span> <span class='ocrx_word' id='word_1_262' title='bbox 1151 3977 1404 4040; x_wconf 86' lang='lat' dir='ltr'><strong>ilermannum</strong></span> 
     </span>
     <span class='ocr_line' id='line_1_37' title="bbox 318 4075 1404 4158; baseline -0.002 -20"><span class='ocrx_word' id='word_1_263' title='bbox 318 4075 530 4142; x_wconf 88' lang='lat' dir='ltr'><strong>Widelerse</strong></span> <span class='ocrx_word' id='word_1_264' title='bbox 555 4079 744 4142; x_wconf 80' lang='lat' dir='ltr'><strong>senonicum</strong></span> <span class='ocrx_word' id='word_1_265' title='bbox 770 4087 958 4143; x_wconf 62' lang='lat' dir='ltr'><strong>sanctorum,</strong></span> <span class='ocrx_word' id='word_1_266' title='bbox 979 4075 1207 4158; x_wconf 80' lang='lat' dir='ltr'><strong>Apostolorum</strong></span> <span class='ocrx_word' id='word_1_267' title='bbox 1234 4075 1404 4140; x_wconf 85' lang='lat' dir='ltr'><strong>Colonien-</strong></span> 
     </span>
     <span class='ocr_line' id='line_1_38' title="bbox 318 4171 1402 4257; baseline -0.005 -18"><span class='ocrx_word' id='word_1_268' title='bbox 318 4171 1402 4257; x_wconf 84' lang='lat' dir='ltr'><strong>sium,WilltelmumNepotissoolastioumeoelesiesanotiPetri</strong></span> 
     </span>
    </p>
   </div>
   <div class='ocr_carea' id='block_1_3' title="bbox 0 0 1569 4932">
    <p class='ocr_par' dir='ltr' id='par_1_3' title="bbox 0 0 1569 4932">
     <span class='ocr_line' id='line_1_39' title="bbox 0 0 1569 4932; baseline 0 0"><span class='ocrx_word' id='word_1_269' title='bbox 0 0 1569 4932; x_wconf 95' lang='lat' dir='ltr'><strong> </strong></span> 
     </span>
    </p>
   </div>
  </div>
 </body>
</html>
