3100 4942
593 525 636 548 -.
656 492 719 556 titi·
738 528 782 550 -..

133 669 195 736 uei
217 669 284 736 duo
307 679 361 736 aut
386 686 468 736 xnus
495 687 608 737 eorum
633 689 690 754 per
714 690 750 742 se
774 674 825 742 uel
848 673 944 740 alium
968 688 1026 740 seu
1050 669 1132 736 aiios
1151 669 1179 738 si
1202 677 1235 736 et

138 777 314 850 postquam
341 769 426 835 diota
451 769 570 836 vicaria
595 771 741 838 instituta
768 774 849 840 toret
875 773 962 838 iiiam
988 771 1081 838 euius
1112 769 1235 836 tructus

137 867 295 934 redditus
308 877 340 934 et
355 878 533 950 prouentus
548 870 659 953 viginti
675 881 812 953 quatuor
827 871 980 938 librarum
995 867 1234 936 Turonensium

140 983 322 1047 parcorum
338 968 515 1032 seeundum
535 985 737 1036 communem
759 970 999 1036 extimationem
1014 967 1156 1034 valorem
1180 981 1237 1032 an·

141 1081 247 1130 nuum
270 1074 304 1130 ut
324 1065 431 1132 dictus
451 1066 614 1134 iohannes
633 1069 799 1135 asserebat
813 1068 970 1134 excedere
987 1083 1050 1132 non
1065 1065 1234 1132 existeme-

140 1163 266 1228 baotur
280 1163 454 1230 dummodo
469 1165 553 1232 dicta
569 1167 621 1233 die
637 1185 700 1234 non
716 1179 805 1234 esset
821 1170 852 1232 in
876 1185 912 1232 ea
933 1166 1029 1232 alicui
1050 1163 1236 1248 specialiter

132 1261 197 1343 jrrs
221 1263 384 1344 quesitum
406 1281 477 1330 cnm
500 1266 650 1331 omnibus
673 1267 799 1332 iuribus
815 1277 847 1333 et
863 1263 1074 1349 pertinenciis
1087 1261 1157 1330 suis
1172 1259 1235 1342 ipsi

141 1361 286 1426 iohanni
313 1363 503 1428 anctoritate
528 1366 705 1444 apostolica
731 1366 880 1432 conterre
902 1375 935 1432 et
954 1365 1123 1446 assignare
1143 1377 1236 1428 cura·

142 1470 237 1536 reot;
264 1478 328 1526 non
357 1461 559 1528 obstantibus
589 1464 617 1530 si
645 1464 743 1546 aliqui
771 1481 870 1546 super
900 1461 1142 1542 prouisionibus
1172 1457 1235 1524 sibi

143 1559 307 1626 faciendis
328 1561 368 1626 de
389 1561 573 1628 huiusmodi
598 1564 647 1628 uei
670 1563 743 1645 alijs
762 1562 928 1644 beneflciis
950 1557 1184 1628 ecclesiasticis
1204 1556 1237 1622 iu

144 1659 215 1726 iilis
240 1660 385 1741 partibus
408 1661 566 1742 speciales
593 1663 642 1730 uel
670 1662 839 1744 generales
864 1661 1043 1742 apostolice
1069 1656 1159 1726 sedis
1186 1654 1237 1722 uei

141 1759 328 1842 legatorum
345 1759 416 1824 eius
432 1761 555 1828 litteras
570 1763 798 1839 impetrassent
813 1761 915 1827 eciam
927 1761 955 1824 si
968 1775 1026 1841 per
1036 1774 1091 1824 eas
1102 1756 1142 1822 ad
1155 1753 1238 1820 iobi-

145 1857 313 1924 bicionem
330 1862 587 1926 reseruacionem
604 1873 635 1926 et
650 1861 815 1928 decretum
833 1861 882 1926 uel
899 1860 978 1924 alies
994 1853 1239 1940 quomodolibet

145 1958 191 2021 sit
208 1975 400 2039 processum
417 1959 584 2032 existeret:
602 1961 720 2042 quibus
735 1960 886 2026 omnibus
903 1959 971 2039 ipse
989 1954 1152 2036 [ingenius
1169 1968 1239 2033 pre·

141 2057 310 2122 decessor
332 2057 487 2137 psalmum
513 2057 690 2124 iohannem
717 2059 749 2124 in
776 2057 988 2124 assecucione
1013 2055 1099 2120 dicte
1121 2049 1240 2116 vicarie

148 2156 256 2220 voluit
269 2156 434 2232 anteferri,
447 2158 503 2222 sed
522 2159 643 2224 nullum
661 2175 717 2239 per
729 2159 791 2224 boo
806 2157 854 2222 eis
867 2173 930 2238 quo
943 2155 981 2220 ad
996 2151 1239 2218 assecucionem

147 2253 384 2319 beneficiorum
408 2256 543 2320 aliorum
568 2257 778 2338 preludioium
801 2254 969 2336 genereth
988 2269 1044 2318 seu
1062 2251 1089 2316 si
1107 2261 1239 2313 venera·

149 2353 206 2417 biii
225 2353 316 2417 fratri
340 2363 450 2418 nostro
475 2355 632 2436 Episcopo
654 2354 877 2420 Cameracensi
902 2353 951 2419 uei
976 2349 1146 2432 quibusuis
1168 2344 1240 2426 alijs

142 2453 367 2518 communiter
380 2453 429 2518 uei
446 2454 574 2518 diuisim
591 2454 704 2520 edicta
721 2455 799 2518 sede
814 2453 971 2517 indultum
987 2449 1140 2515 existeret
1152 2443 1237 2525 uuod

149 2553 189 2616 ad
215 2553 440 2631 reeepcionem
464 2553 514 2617 nei
539 2553 759 2634 prouisionem
782 2553 919 2618 alieuius
942 2550 1072 2614 minime
1094 2557 1241 2611 teneren-

145 2659 203 2715 tur
215 2661 248 2715 et
261 2651 300 2714 ad
314 2651 344 2714 id
361 2653 590 2732 compedient
605 2653 689 2734 quod
707 2651 854 2717 interdici
872 2647 1027 2730 suspendi
1046 2645 1097 2710 uel
1113 2659 1242 2709 excom·

152 2749 310 2814 municari
341 2767 405 2814 non
437 2762 590 2830 possent,
620 2751 771 2833 quodque
800 2751 841 2815 de
871 2745 1056 2814 huiusmodi
1089 2743 1139 2808 uel
1170 2739 1243 2822 alijs

152 2849 323 2930 beneflciis
345 2849 575 2916 ecclesiasticis
597 2851 635 2916 ad
659 2867 771 2916 eorum
794 2849 1005 2914 collusionem
1023 2841 1242 2924 prouisionem

154 2947 435 3027 presentacionem
457 2965 514 3014 seu
538 2949 685 3030 quamuis
705 2949 800 3014 aliem
820 2945 1072 3026 disposicionem
1088 2939 1243 3006 coniunc-

154 3047 211 3108 tim
240 3045 291 3110 uel
314 3047 485 3126 separatim
508 3048 729 3128 spectantibus
754 3046 831 3110 nulii
857 3045 977 3108 unieret
999 3036 1164 3122 prouideri
1187 3051 1245 3116 per

150 3144 279 3210 litteras
295 3147 491 3227 apostolicas
508 3163 569 3211 non
587 3147 743 3212 iacientes
758 3146 885 3226 plenam
903 3153 934 3206 et
950 3153 1137 3220 expressam
1152 3151 1189 3198 ac
1204 3132 1245 3198 de

152 3244 256 3308 uerbo
278 3245 465 3310 adverbum
488 3247 529 3310 de
553 3247 675 3311 indulto
698 3243 883 3309 huiusmodi
902 3240 1102 3306 mencionem
1118 3241 1150 3298 ei
1165 3247 1244 3313 qua·

157 3343 237 3409 libel
257 3345 319 3408 alia
339 3345 424 3410 dicte
439 3346 526 3410 sedis
541 3346 744 3428 indulgencia
760 3343 901 3418 generali
919 3341 970 3405 uei
986 3335 1119 3418 speciali
1135 3331 1245 3396 cuius·

154 3459 297 3523 cumque
320 3445 441 3508 tenoris
463 3445 615 3509 existeret
638 3462 694 3520 per
715 3459 808 3524 quam
831 3440 907 3504 dicti
926 3434 1055 3519 Eugenij
1074 3432 1245 3512 predeces-

157 3543 246 3606 soris
263 3543 376 3606 litteris
393 3543 420 3606 si
440 3561 538 3624 super
560 3543 622 3623 biis
644 3545 790 3606 cont'ecte
813 3541 951 3604 luissent
974 3551 1038 3600 oon
1061 3541 1247 3634 expressam

159 3641 212 3705 uel
229 3641 370 3705 totaliter
386 3657 448 3706 non
465 3642 618 3706 insertam
635 3641 770 3706 effeetus
787 3635 971 3704 huiusmodi
985 3631 1086 3715 gretie
1101 3624 1249 3707 impediri

158 3743 283 3805 ualeret
305 3741 547 3821 quomodolibet
570 3741 620 3808 uei
644 3739 766 3804 differri
790 3752 822 3802 er
850 3737 890 3801 ne
911 3750 973 3816 oua
999 3731 1157 3808 cuiusque
1182 3731 1249 3788 toto

163 3850 276 3904 tenore
303 3840 447 3904 habenda
474 3851 562 3906 esset
589 3842 619 3903 in
644 3839 766 3903 nostris
790 3836 906 3901 litteris
933 3831 1058 3897 mencio
1084 3822 1249 3906 specialis.

157 3948 216 4003 aaut
240 3940 325 4020 quod
351 3939 456 4004 dietus
479 3941 642 4006 iohannes
667 3949 699 4003 ut
722 3939 823 4003 eciam
840 3931 1006 4000 asserebat
1021 3923 1249 3991 Canooioetum

158 4049 194 4103 et
219 4037 414 4118 prebendam
443 4040 474 4103 in
497 4041 600 4104 sancti
625 4037 773 4102 Rumoidi
798 4037 918 4116 prelata
944 4043 1069 4094 necnon
1092 4019 1252 4128 quandam

164 4147 350 4217 perpetuam
382 4139 452 4204 sine
481 4155 558 4202 cura
588 4136 819 4218 cappellanism
847 4133 886 4196 ad
913 4131 1013 4194 altere
1040 4127 1132 4190 beate
1156 4119 1254 4182 Matre

160 4235 261 4301 situm
284 4236 315 4298 iu
342 4236 533 4316 parrochiali
557 4245 742 4301 sanctorum
759 4231 913 4296 lobannis
930 4225 1072 4308 baptiste
1088 4230 1119 4287 et
1136 4219 1253 4283 Eman-
