3246 4944
746 427 928 491 -oot-
1037 482 1039 490 .

773 641 905 707 cxtllt.

339 774 618 840 Promovebuntur
649 783 753 841 autem
785 791 849 840 non
878 775 1080 856 singulorum
1111 774 1380 855 paedagogiorum

299 873 497 939 baccalaurei
521 875 659 940 seorsim
682 875 729 956 (ut
751 874 841 958 alibi)
856 874 912 940 sed
929 873 1091 940 communi
1107 873 1249 938 omniurn
1266 873 1381 953 paeda·

297 973 465 1054 gogiorum
478 989 637 1038 concursu
652 991 764 1040 omnes
776 975 883 1051 simul,
895 974 1031 1055 ideoque
1046 972 1155 1054 (idque
1166 974 1191 1054 l)
1203 989 1242 1038 eo
1253 971 1379 1048 ordine,

299 1071 352 1153 qui
382 1088 420 1136 ert
445 1070 528 1136 votis
562 1073 781 1153 prolessorum
810 1073 840 1136 in
868 1071 1009 1139 scedulis
1035 1071 1118 1136 datis
1145 1087 1201 1153 per
1234 1079 1382 1152 regentes

298 1170 478 1254 colligetur.

776 1318 904 1384 oxtlv.

342 1467 510 1534 lneadom
532 1485 661 1550 quoque
685 1468 833 1534 facultate
855 1466 983 1541 artium,
1004 1466 1078 1549 quia
1102 1468 1286 1548 frequentes
1307 1475 1383 1532 sunt

300 1575 392 1632 actus
418 1568 603 1632 doctoratus
627 1585 683 1632 seu
708 1566 918 1632 biredationis
941 1567 989 1648 (ut
1010 1565 1149 1648 vocant),
1171 1565 1384 1647 relinquimus

301 1666 435 1741 decano,
457 1666 642 1747 regentibus
668 1676 699 1732 ct
726 1666 966 1748 professoribus
992 1665 1135 1747 eJusdem
1162 1665 1331 1742 facultatis,
1351 1675 1385 1729 ut

302 1764 458 1829 hactenus
474 1765 674 1830 observatam
698 1765 962 1831 consuetudinem
987 1765 1018 1829 in
1041 1780 1078 1830 ea
1101 1781 1135 1829 re
1156 1764 1328 1830 observent
1351 1771 1384 1828 et

301 1863 498 1930 continuent.

785 1958 900 2062 cxcv.

340 2130 494 2196 volumus
524 2140 628 2196 autem
659 2141 690 2196 et
719 2131 863 2198 districte
894 2131 1082 2195 mandamus
1113 2138 1147 2195 ut
1172 2143 1284 2193 omnes
1310 2145 1386 2208 pro-

299 2230 442 2295 lessores
471 2248 565 2312 quarn
596 2231 843 2312 diligentissime
873 2230 1013 2297 cilicium
1043 2245 1137 2295 suum
1171 2227 1201 2292 in
1238 2227 1387 2293 docendo

297 2330 558 2412 iuventutemque
602 2347 658 2410 per
695 2347 730 2396 se
771 2331 860 2412 ipsos
897 2330 985 2412 juxta
1026 2328 1175 2410 superius
1215 2341 1387 2406 expressas

302 2439 431 2493 nostras
447 2429 692 2495 constitutiones
711 2430 892 2496 exercendo
908 2439 940 2494 et
956 2427 1153 2493 instituendo
1168 2434 1383 2507 exequantur;

303 2545 362 2593 nec
388 2528 480 2592 laoile
505 2544 522 2591 a
549 2528 695 2593 docendo
721 2527 938 2604 abstinebunt,
964 2526 1023 2591 nisi
1051 2526 1092 2592 ob
1120 2533 1330 2608 praegnantes
1353 2535 1386 2590 et

300 2625 506 2690 rationabiles
536 2643 663 2702 causas,
690 2639 721 2692 et
751 2634 827 2692 tunc
856 2626 985 2691 doctum
1019 2626 1158 2707 aliquem
1196 2621 1382 2705 magistrum

299 2723 504 2800 substituent,
522 2725 575 2806 qui
599 2742 709 2790 eorum
734 2726 882 2807 suppleat
904 2726 1004 2801 vices,
1023 2741 1062 2790 ne
1081 2725 1233 2805 juventus
1253 2721 1381 2802 aliquod

299 2823 525 2890 detrimentum
543 2825 691 2906 patiatur.

776 2957 904 3022 CXLVI.

341 3104 526 3171 blandamus
551 3123 627 3172 vero
654 3107 851 3188 regentibus,
875 3115 908 3173 ut
930 3115 1089 3190 tamquam
1113 3102 1382 3188 paedagogiorum

299 3207 403 3284 capita
419 3205 569 3270 omnibus
584 3206 754 3289 diligenter
773 3207 1050 3288 superintendant,
1073 3212 1231 3288 aguntque
1255 3213 1288 3268 ut
1311 3219 1383 3284 pro·

300 3303 441 3369 sessores
467 3304 573 3370 debite
598 3305 746 3381 doceant,
769 3315 801 3371 ut
825 3305 977 3388 juventus
1004 3315 1066 3369 tam
1091 3304 1122 3368 in
1146 3301 1329 3368 christianis
1352 3307 1384 3364 et

300 3403 446 3467 boneslis
469 3404 611 3470 moribus
627 3421 721 3486 quam
738 3406 769 3468 in
786 3405 929 3470 doctrina
946 3414 977 3469 et
992 3403 1123 3470 scientia
1141 3403 1201 3467 rite
1215 3402 1381 3474 formetur,

302 3510 336 3564 ut
351 3501 456 3564 omnia
476 3501 507 3565 in
532 3503 737 3586 paedagogiis
760 3505 867 3569 debito
890 3504 1004 3569 ordine
1026 3512 1057 3568 ct
1079 3510 1189 3567 exacta
1211 3499 1382 3581 disciplina

303 3609 505 3679 peragantur,
535 3611 566 3667 et
604 3603 871 3685 paedagogiorum
908 3612 1025 3668 statuta
1056 3618 1150 3683 quam
1181 3597 1383 3666 exactissime

302 3696 525 3765 observentur.

769 3835 913 3900 dxtvlt.

343 3977 484 4059 lienique
514 3981 672 4048 lacultatis
701 3992 816 4048 statuta
847 3994 910 4048 tam
941 3983 1043 4064 ipsam
1075 3973 1255 4046 facultatem
1287 3992 1383 4058 quarn

302 4075 419 4139 bonum
441 4077 619 4158 juventutis
642 4083 783 4164 regimen
807 4084 988 4164 bonamque
1010 4079 1231 4147 educationem
1255 4076 1384 4139 institu-

304 4173 486 4258 tionemque
500 4183 741 4258 concernentia,
752 4193 910 4263 quatenus
926 4182 975 4246 bis
993 4179 1111 4244 nostris
1126 4174 1383 4242 ordinationibus

306 4289 369 4338 non
386 4290 576 4360 repugnant,
592 4279 741 4347 volumus
765 4291 797 4347 ut
819 4297 912 4364 quam
929 4279 1133 4346 strictissime
1154 4276 1382 4343 observentur.
1433 4354 1436 4363 Ι
