3222 4944
703 443 885 512 -tt‘tl-

250 642 361 703 nostre
382 634 471 700 curie
495 633 682 714 parlamenti
705 631 944 697 mechliniensis
962 631 1096 710 primum
1116 631 1332 711 presidentem

250 734 413 800 dominum
435 733 612 798 lobaunem
630 730 843 806 (larendelcti,
865 730 1028 794 dominum
1054 730 1094 794 dc
1110 729 1333 802 Gbanvanues,

248 833 341 914 jussu
369 841 480 896 nostro
506 848 578 896 cum
607 830 769 894 nonnullis
796 829 993 902 doctoribus,
1015 830 1175 908 magistris
1205 846 1242 892 ac
1268 829 1340 893 aliis

253 932 452 1013 singularum
469 927 652 995 tacnttatnm
669 929 754 993 dicte
769 928 994 993 Universitatis
1010 927 1170 1007 deputatis
1193 944 1337 992 commu·

253 1030 374 1094 nicetas
397 1037 428 1094 et
450 1029 616 1094 discussas
641 1037 761 1092 maturo
785 1027 1033 1100 deliberacione,
1052 1027 1158 1092 edicto
1183 1036 1337 1107 perpetuo

253 1129 451 1194 instituimus
489 1129 651 1208 perpetuis
686 1127 896 1213 temporibus,
929 1127 1123 1192 uostra‘aut
1152 1137 1337 1190 nostrorum

253 1243 481 1294 successorum
509 1228 746 1302 moderacione,
768 1225 979 1306 ampliacione
1004 1243 1042 1289 ac
1068 1226 1338 1306 interpretacione

253 1327 352 1402 salva,
371 1325 504 1392 firmiter
519 1343 557 1390 ac
573 1325 799 1390 inviolabiliter
813 1325 1045 1390 observandas.

297 1475 329 1538 ln
354 1475 475 1556 primis,
493 1475 567 1556 quia
591 1493 629 1539 cx
653 1483 716 1538 tam
740 1473 896 1554 frequenti
920 1473 1078 1538 electione
1101 1473 1261 1548 Rectcris,
1279 1491 1341 1555 que

255 1573 287 1637 in
305 1573 445 1655 predicta
461 1573 674 1638 Universitate
689 1583 802 1654 quater
817 1574 848 1636 in
866 1589 949 1637 atrito
967 1572 1034 1637 lieri
1052 1573 1145 1637 debet
1161 1574 1338 1638 secundum

256 1681 372 1737 statuta
390 1673 530 1754 antiqua,
545 1672 668 1754 jactura
687 1673 798 1752 pocius
814 1689 908 1752 quam
927 1671 1048 1736 utilitas
1070 1672 1199 1736 evenire
1217 1683 1339 1752 potest;

255 1773 462 1853 quamobrem
489 1771 588 1836 eciam
615 1771 653 1834 ad
681 1771 961 1835 continuacionem
989 1771 1081 1850 primi
1107 1771 1280 1836 trimestris
1308 1772 1339 1835 iu

259 1872 436 1936 secundum
460 1871 621 1936 trimestre
637 1880 667 1935 et
690 1871 780 1935 tercii
796 1871 834 1934 ad
852 1881 999 1951 quartum
1018 1888 1075 1935 usu
1092 1871 1262 1935 deventum
1280 1881 1340 1946 est,

258 1969 429 2036 statuimus
445 1970 528 2048 quod
549 1969 694 2033 Rectoris
721 1969 793 2034 novi
819 1971 918 2048 prima
943 1969 1058 2033 electio
1084 1967 1136 2032 stat
1158 1969 1199 2033 de
1221 1979 1342 2043 cetero,

259 2068 380 2148 absque
398 2083 478 2132 nora
492 2067 647 2131 electione
659 2067 708 2140 vei
723 2067 980 2140 continuacione,
992 2067 1044 2130 dic
1058 2067 1166 2130 ultima
1180 2069 1342 2140 februarii,

258 2177 289 2229 et
313 2167 365 2230 dic
391 2167 497 2230 ultima
521 2166 647 2247 augusti
670 2165 812 2230 secunda
835 2165 961 2241 electio,
980 2165 1080 2230 eciam
1103 2165 1224 2248 absque
1239 2170 1342 2232 conti·

259 2263 416 2328 nuacionc
442 2265 490 2329 vel
517 2264 676 2330 electione
703 2263 818 2337 fienda,
841 2265 1002 2346 usquead
1027 2263 1168 2328 ultimam
1192 2265 1341 2330 februarii

259 2363 424 2444 sequentis
439 2363 495 2444 (1).

301 2512 340 2576 Ut
362 2511 497 2576 vestium
520 2528 558 2576 ac
580 2511 727 2576 incessus
750 2511 921 2576 scolarium
944 2511 1141 2593 singularum
1159 2513 1343 2576 lacultatum

259 2611 413 2675 honestas
435 2627 492 2674 seu
515 2610 668 2675 decencia
692 2627 748 2691 per
770 2619 886 2674 statuta
910 2610 1038 2691 antiqua
1055 2619 1085 2674 cl
1102 2627 1181 2675 nora
1201 2611 1344 2690 predicte

258 2708 480 2774 Universitatis
497 2710 678 2774 introducta
695 2709 836 2773 strictius
852 2710 1054 2786 observetur,
1073 2718 1105 2773 et
1121 2710 1263 2774 scolares
1280 2710 1341 2790 ipsi

259 2825 315 2888 per
332 2807 435 2888 ipsum
452 2806 581 2887 opidum
601 2817 744 2871 nostrum
761 2807 947 2872 incedentes
969 2808 1008 2870 ab
1025 2809 1095 2872 aliis
1113 2808 1286 2872 mecanicis
1310 2819 1340 2874 et

258 2907 420 2986 laycaliter
455 2905 636 2970 viventibus
673 2907 703 2968 in
741 2906 846 2987 longis
882 2906 1024 2971 vestibus
1061 2915 1092 2971 et
1131 2906 1238 2970 babitu
1276 2925 1339 2988 quo

259 3003 401 3067 scolares
428 3013 521 3068 antea
545 3004 593 3068 usi
618 3014 692 3068 sunt
713 3003 874 3068 communi
897 3021 1008 3069 errore
1032 3021 1094 3069 nou
1117 3003 1341 3070 differentibus

260 3102 307 3188 ad,
325 3103 470 3182 ipsorum
497 3103 668 3167 scolarium
696 3105 850 3168 bonorem
877 3104 1117 3178 discernantur;
1149 3103 1229 3168 adeo
1255 3104 1340 3184 quod

260 3199 375 3279 injurie
401 3209 454 3264 aut
481 3199 626 3264 molestie
652 3199 712 3263 sibi
742 3218 757 3261 a
786 3201 948 3280 laycaliter
970 3200 1151 3264 virentibus
1175 3200 1341 3266 inscrenda

260 3297 345 3362 nulla
362 3298 547 3378 ignorancie
564 3297 612 3363 rel
623 3298 750 3362 erroris
768 3315 904 3378 persone
920 3299 1117 3380 allegacione
1132 3309 1340 3376 excusentur,

259 3397 425 3462 bortamnr
448 3407 478 3462 ct
500 3413 743 3462 commonemus
765 3398 850 3478 quod
874 3413 890 3460 a
915 3397 1014 3480 prima
1031 3398 1083 3463 die
1099 3400 1342 3480 quadragesime

260 3497 403 3576 proxime
441 3497 545 3560 tutore
582 3497 735 3577 deinceps
766 3497 797 3559 in
829 3506 1017 3577 perpetuum
1054 3513 1167 3562 omnes
1199 3498 1343 3562 scolares

260 3595 444 3659 lacultatum
472 3595 643 3675 theologie,
674 3595 839 3676 utriusque
866 3594 949 3675 juris
979 3605 1009 3660 et
1039 3596 1207 3672 medicine,
1237 3597 1343 3677 cujus·

258 3710 395 3775 cumque
418 3694 511 3758 etatis
532 3694 667 3768 luerint,
690 3705 722 3757 et
747 3696 868 3758 arcium
897 3703 1065 3776 postquam
1092 3696 1341 3760 determinantes

295 3924 331 3993 (1)
351 3925 427 3979 Colle
440 3924 620 3995 proscriptioni
632 3923 773 3980 relativae
785 3922 921 3979 t’etection
933 3925 1065 3979 rectoralc
1077 3941 1110 3978 ne
1122 3925 1161 3978 iul
1178 3943 1225 3996 pas
1239 3925 1343 3980 admitte

258 4031 306 4085 par
321 4015 511 4084 l'Univcrsite;
528 4033 563 4070 ott
574 4017 704 4071 continua
718 4022 735 4070 a
749 4017 816 4071 seire
830 4033 883 4070 une
900 4015 1017 4071 electior
1038 4023 1101 4072 tous
1121 4016 1160 4072 las
1181 4017 1344 4082 trimestres,

258 4104 327 4159 mais
349 4105 388 4160 ies
409 4106 543 4161 Recicurs
565 4107 625 4160 eius
648 4123 682 4161 en
706 4107 805 4162 idvrier
822 4125 857 4162 ou
872 4123 905 4160 eu
919 4113 986 4160 uoirt
999 4107 1103 4162 e'teicrtt
1118 4107 1343 4161 invariablemenl

260 4195 348 4251 radius
362 4213 397 4251 en
412 4197 465 4252 mai
479 4203 506 4252 et
519 4214 553 4252 en
569 4199 726 4253 novembre.
