3222 4944
661 469 846 536 ..679-

730 653 780 719 30.

251 790 326 854 item
343 788 416 870 quia
433 787 630 870 magistratui
643 788 796 869 competit
808 788 936 853 collatio
953 787 1089 869 plurium
1106 788 1293 864 lectionum,

209 883 354 952 visitabo
377 886 487 952 statuit
509 893 551 962 ut,
569 889 650 951 omni
673 889 776 968 sonore
798 905 835 951 uc
855 889 971 970 priuato
993 895 1131 968 respectu
1154 887 1295 961 seclusis,

209 989 249 1052 od
270 989 365 1051 dictos
386 987 528 1051 lectiones
549 988 684 1050 muci-mc
707 988 833 1050 idoneos
855 993 1000 1070 aptusque
1017 995 1206 1069 promouent,
1234 1005 1296 1050 trun

209 1091 271 1150 lom
286 1087 426 1168 personis
442 1103 533 1168 quum
548 1085 669 1150 subolae
684 1091 712 1150 el
726 1086 912 1167 reipublicae
927 1085 999 1149 bene
1011 1086 1207 1168 procidendo.

251 1231 441 1298 constanter
463 1231 581 1297 dicitur
606 1232 690 1296 istud
721 1231 885 1297 decretum
913 1250 976 1299 non
1002 1232 1179 1308 observari,
1203 1240 1235 1298 et
1256 1249 1295 1296 ex

211 1335 356 1412 neglectu
378 1331 466 1396 illius
484 1330 730 1396 Universitatem
755 1332 975 1411 pessurndari;
993 1333 1224 1412 magistratum,
1242 1343 1296 1397 aut

210 1432 381 1512 plerusque
411 1430 876 1507 exiliis,sollicitationibus.
906 1431 1093 1496 muneribus
1122 1430 1294 1495 staminis

210 1530 316 1594 locum
331 1529 424 1603 dare;
450 1536 480 1602 et
497 1529 582 1604 hinc,
608 1529 764 1610 neglectis
787 1529 1022 1609 capacioribus,
1047 1529 1201 1594 lectiones
1225 1530 1292 1593 dari

211 1629 283 1709 plus
299 1627 524 1703 offerentibus,
540 1638 612 1693 esto
629 1627 734 1692 minus
750 1627 940 1709 uualiilcatis
962 1635 993 1692 et
1009 1627 1146 1692 subinde
1162 1627 1292 1708 ineptis,

210 1727 247 1792 lit
261 1726 348 1806 bino,
364 1727 438 1810 quia
456 1727 644 1808 plerumque
659 1726 795 1791 studiosi
811 1726 843 1789 iu
861 1726 1073 1792 Universitate
1089 1737 1293 1792 remanentes

208 1837 284 1892 sunt
300 1825 481 1907 patrimonii
500 1825 671 1891 mediocris
695 1834 726 1890 et
748 1825 844 1907 aliqui
870 1826 955 1890 omni
974 1826 1165 1906 patrimonio
1181 1842 1293 1890 caren-

210 1935 269 1998 tes,
287 1925 340 2006 qui
365 1926 569 1990 stimulantur
592 1941 650 2004 spe
675 1924 887 2005 praemiorum
910 1933 941 1989 ot
965 1924 1157 2006 optinendae
1178 1925 1210 1988 in
1233 1943 1293 1989 suo

209 2033 352 2104 tempore
369 2023 594 2104 promotionis,
612 2023 756 2088 videntes
773 2021 958 2104 capaciores
975 2041 1036 2089 non
1055 2023 1246 2104 promoveri,
1261 2032 1293 2088 et

208 2139 272 2187 non
289 2121 444 2188 babentes
461 2121 563 2187 media
580 2121 617 2185 ad
635 2121 880 2186 demulcendum
899 2123 1127 2204 magistratum,
1141 2123 1292 2188 decidunt

208 2221 326 2298 animo,
344 2230 374 2288 et
391 2221 509 2303 optima
526 2221 651 2302 ingenia
668 2221 839 2302 desperant
855 2239 891 2286 se
906 2221 938 2284 in
954 2221 1167 2287 Universitate
1188 2221 1291 2287 media

207 2322 350 2402 reperire
367 2337 463 2401 posse
479 2321 516 2384 ad
534 2322 670 2384 ltoneste
685 2319 939 2385 subsistendum.
960 2320 1049 2386 Unde
1070 2338 1142 2386 cum
1165 2337 1290 2386 summo

206 2420 403 2502 praejudicio
427 2420 544 2500 publici
567 2421 721 2484 deserunt
742 2419 1000 2498 Universitatem,
1024 2431 1192 2503 sperantes
1216 2420 1290 2484 alibi

205 2537 241 2584 se
258 2519 423 2585 meliorem
442 2519 601 2584 fortunam
618 2527 815 2601 reperturos.

248 2668 309 2732 Pro
338 2667 479 2734 remedio
510 2668 657 2750 rigorose
685 2667 930 2733 ordonnandum
959 2669 1019 2734 erit
1047 2677 1079 2733 ut
1110 2668 1291 2750 aspirantes

208 2766 246 2830 nd
264 2766 434 2832 lectionem
452 2767 655 2836 solummodo
671 2767 814 2832 libellum
838 2784 931 2832 suum
954 2768 1080 2832 eorrsuli
1104 2767 1240 2833 offerant
1263 2779 1295 2833 et

210 2865 392 2932 nullatenus
417 2865 593 2931 sollicitare
621 2863 843 2946 permittantur
869 2868 952 2946 apud
982 2867 1210 2948 magistratum,
1235 2885 1295 2938 nec

211 2981 267 3044 per
289 2981 325 3028 se
349 2980 408 3028 nec
433 2981 489 3045 per
511 2965 603 3030 alios.
621 2964 658 3028 Et
673 2967 726 3046 oui
743 2975 892 3046 repertus
908 2966 1022 3030 luisset
1038 2966 1155 3032 ibidem
1171 2967 1293 3031 solliei-

210 3071 309 3140 tasse,
327 3063 421 3129 lectio
439 3081 496 3144 pro
513 3065 572 3128 ista
588 3064 657 3130 vice
673 3065 719 3127 illi
741 3065 880 3130 conferri
904 3083 967 3129 nnn
992 3074 1117 3146 posset;
1143 3073 1174 3130 et
1197 3067 1237 3140 si,
1255 3084 1293 3131 eo

209 3178 271 3226 non
309 3171 469 3242 opstante,
501 3162 545 3225 illi
576 3163 771 3238 conseratur,
803 3179 820 3226 a
850 3163 912 3228 Sua
942 3163 1135 3228 Excellentia
1164 3165 1292 3230 collatio

129 3321 130 3330 ,
207 3260 399 3336 cassabitur,
413 3269 444 3327 et
459 3261 551 3326 alteri
567 3261 761 3327 conteretur.
777 3262 856 3327 item
873 3262 1079 3326 inhibendum
1096 3264 1294 3344 magistratui

206 3375 246 3422 ne
275 3359 329 3424 ille
359 3367 432 3426 ante
461 3369 627 3440 acceptum
663 3361 917 3425 advisamentum
947 3378 964 3424 a
997 3363 1109 3426 stricta
1144 3362 1294 3428 facultate

207 3467 314 3524 votum
332 3475 425 3524 suum
441 3460 536 3523 alicui
555 3459 718 3539 promittat
734 3469 788 3524 aut
803 3461 990 3540 adstringat,
1008 3461 1068 3524 sub
1089 3478 1190 3542 poena
1206 3464 1291 3543 quod

207 3574 265 3638 pro
282 3557 342 3621 ista
356 3557 426 3622 vice
443 3556 630 3638 suffragium
647 3558 723 3622 dare
741 3575 802 3623 non
822 3559 949 3639 poterit.

247 3655 323 3721 item
344 3656 461 3721 ceteris
485 3655 616 3736 paribus
639 3656 753 3722 doctor
777 3657 1008 3738 praeferendus
1031 3658 1092 3723 urit
1108 3658 1288 3738 licentiato;

205 3753 261 3820 ssd
292 3755 320 3818 si
350 3755 425 3820 huic
458 3756 653 3828 conteratur,
685 3756 765 3819 intra
803 3773 920 3820 annum
958 3757 1086 3822 debebit
1122 3760 1290 3841 suscipere

204 3853 336 3934 gradum
360 3855 576 3929 doctoralem;
601 3855 680 3918 alias
697 3856 782 3920 enim
799 3856 985 3920 doctoratus
1003 3858 1205 3938 negliguntur
1219 3877 1290 3924 cunr

204 3951 415 4017 diminutione
431 3953 558 4018 decoris
575 3953 809 4018 Universitatis.

248 4117 385 4182 Promoti
414 4118 452 4182 ad
481 4118 665 4192 lectionem,
686 4119 779 4184 sicuti
808 4127 840 4185 et
867 4121 1004 4201 promoti
1032 4122 1064 4184 in
1092 4124 1290 4204 magistratu,

203 4214 312 4295 iurare
335 4215 453 4282 debent
478 4218 561 4298 quod
588 4234 646 4299 pro
668 4235 726 4282 sua
750 4219 951 4299 promotione
974 4219 1051 4282 nillil
1076 4220 1234 4302 dederint,
1259 4233 1292 4290 et
