3246 4944
742 467 928 533 -aat-

292 648 355 714 buc
378 665 597 725 evocaveram,
614 655 681 714 tres
704 648 843 715 bovanio
868 648 1002 723 abesse;
1030 647 1070 712 de
1096 663 1131 711 re
1156 643 1240 710 enim
1269 641 1375 724 magni
1403 653 1411 666 ·

291 747 444 828 ponderis
466 764 539 812 cum
563 748 626 813 illis
649 757 780 816 acturus
803 766 886 814 sum.
904 747 1041 813 durabis
1061 745 1156 827 igitur
1176 751 1208 809 ut
1223 743 1383 808 dominus

289 848 427 928 Sylvius,
452 847 507 928 qui
533 848 623 912 solus
650 848 745 912 isthic
776 847 940 925 remansit,
965 847 1002 910 111
1034 863 1084 910 mo
1114 844 1217 925 primo
1245 857 1374 923 quoque

288 943 389 1029 [diet]
412 955 569 1024 excurrat,
587 955 618 1011 et
643 957 674 1012 ut
699 946 781 1010 idem
808 963 881 1012 mox
903 945 1019 1010 iaciant
1035 944 1141 1009 statim
1158 951 1252 1023 atque
1268 941 1375 1004 istbuo

290 1043 412 1109 reversi
429 1045 568 1119 luerint3
595 1045 711 1126 quibus
734 1045 765 1110 id
790 1061 860 1110 meo
884 1043 1013 1110 nomine
1035 1041 1217 1124 significare
1240 1038 1371 1120 poteris.

290 1143 328 1208 lit
348 1153 454 1208 servet
468 1152 500 1207 te
516 1143 601 1208 lleus
617 1161 745 1225 semper
762 1143 966 1208 incolumem.
992 1141 1163 1214 bruxellis,
1189 1141 1220 1201 l·
1233 1147 1372 1218 septem-

291 1240 358 1305 bris
383 1242 473 1305 llil'l.
490 1241 703 1324 subscriptum
726 1249 790 1306 erut
815 1261 825 1306 .·
850 1241 1081 1307 bominationis
1100 1239 1185 1304 Tuae
1207 1236 1374 1303 studiosus

291 1341 400 1404 Luctus
417 1340 678 1423 archiepiscopus
696 1341 917 1416 llidruntinus,
929 1340 1082 1406 Nuneius.

333 1490 468 1570 nSuper
504 1488 620 1571 quibus
657 1489 773 1554 litteris
809 1489 968 1555 conclusit
1005 1487 1193 1570 magnificus
1222 1485 1373 1550 dominus

291 1589 409 1653 lleotor
431 1587 637 1654 scribendum
661 1605 735 1654 esse
757 1588 978 1654 illustrissimo
1002 1587 1132 1653 domino
1155 1586 1273 1651 Nuntio
1300 1584 1374 1648 Uni-

290 1687 472 1752 versitalem
495 1705 569 1754 esse
592 1687 778 1754 effecturam
805 1698 839 1754 ut
867 1688 972 1753 eximii
1000 1697 1031 1753 et
1056 1686 1227 1752 clarissimi
1254 1684 1374 1748 domini

293 1803 350 1866 per
373 1785 495 1852 litteras
519 1786 599 1852 Suae
625 1785 863 1852 illustrissimae
890 1788 1013 1852 Gratiae
1040 1802 1125 1851 nunc
1146 1785 1246 1850 lectas
1269 1783 1375 1850 denuo

293 1886 415 1950 evocati
429 1885 480 1950 die
497 1886 607 1950 martis
624 1885 769 1966 proximo
785 1895 859 1952 ante
875 1885 1040 1951 meridiem
1056 1884 1214 1948 bruxellis
1230 1882 1376 1946 inlallibi-

294 1985 366 2049 liter
381 1984 499 2061 adsint,
518 2001 643 2066 utraque
659 1986 831 2064 rogandam
845 1984 1093 2050 illustrissimam
1110 1983 1205 2048 Suam
1222 1981 1373 2058 Gratiam,

294 2091 452 2164 quatenus
472 2083 616 2164 exiguam
640 2099 761 2149 moram
785 2085 867 2150 banc
889 2083 920 2147 in
945 2083 1109 2150 meliorem
1133 2089 1255 2165 partem
1279 2081 1376 2148 inter·

294 2181 412 2263 pretari
428 2181 588 2264 dignetur.

336 2379 429 2458 «Die
456 2380 562 2455 lunae,
587 2390 698 2462 quarta
728 2381 920 2461 septembris
950 2381 1023 2445 anni
1051 2381 1142 2456 1611,
1166 2387 1291 2446 servata
1319 2345 1407 2446 tuit·

293 2478 456 2558 deputatio
473 2477 709 2545 Universitatis.
727 2480 761 2543 ln
779 2497 839 2561 qua
855 2480 955 2545 lectae
971 2490 1046 2544 sunt
1062 2481 1185 2544 litterae
1208 2479 1375 2545 reverendi

293 2577 414 2641 domini
430 2577 555 2642 abbatis
573 2578 741 2644 lercensis
759 2595 831 2643 cum
850 2579 965 2644 litteris
981 2581 1114 2644 Suarum
1131 2577 1375 2655 Celsitudinum‚

295 2693 376 2756 quae
398 2677 513 2741 iisdem
537 2677 653 2742 litteris
676 2677 797 2742 domiui
822 2677 945 2742 abbatis
972 2677 1114 2742 inclusae
1139 2686 1240 2752 erant.
1258 2677 1380 2743 tenoris

296 2775 483 2855 sequentis.
525 2775 630 2841 Tenor
670 2776 848 2842 litterarum
889 2775 1056 2842 reverendi
1097 2776 1216 2842 domini
1256 2775 1380 2841 abbatis

296 2873 489 2938 Parcensis:
1111 2893 1113 2896 ·

338 3019 535 3102 «Magnifice
560 3022 701 3088 domine.
725 3024 883 3089 Mandavit
910 3025 1003 3092 nobis
1029 3025 1261 3091 serenissimus
1289 3025 1376 3090 Prin-

250 3157 253 3168 .
293 3133 383 3198 ceps,
403 3129 436 3182 ut
459 3135 553 3200 quam
577 3121 714 3200 primum
737 3121 931 3187 visitationis
947 3122 1192 3204 publicationem
1210 3123 1375 3188 iaciamus.

295 3217 339 3280 nd
353 3234 446 3300 quem
461 3217 557 3283 tinem
574 3218 724 3285 besterna
740 3219 792 3285 die
808 3222 934 3302 vesperi
951 3221 1043 3286 etiam
1060 3220 1145 3286 venit
1159 3221 1378 3301 amplissimus

292 3315 442 3381 dominus
455 3316 679 3382 Cracsbeltius.
691 3321 795 3392 Quare
811 3336 961 3400 rogamus
976 3328 1007 3384 ut
1022 3319 1254 3400 llagniticentia
1266 3321 1378 3386 Vestra

266 3414 441 3496 dignetur
469 3415 565 3482 bodie
596 3417 739 3484 indicere
776 3417 1056 3500 congregationem
1094 3417 1314 3484 Universitatis
1346 3419 1376 3482 in

294 3513 403 3578 boram
428 3514 584 3579 decimam
606 3516 909 3592 antemeridianam
928 3524 958 3581 et
973 3516 1111 3597 placebit
1128 3517 1220 3582 trobis
1236 3517 1377 3584 indicare

292 3611 409 3687 locum,
429 3612 539 3678 ubisit
558 3614 755 3679 Universitas
772 3616 1006 3697 congreganda,
1026 3625 1058 3680 ut
1073 3617 1191 3681 ibidem
1215 3617 1377 3698 possimus

292 3710 482 3790 tempestive
511 3713 632 3777 verrire.
656 3713 782 3778 Erimus
809 3713 842 3776 in
868 3714 963 3778 domo
991 3723 1099 3778 nostra
1126 3715 1211 3779 circa
1238 3715 1376 3780 medium

292 3809 448 3874 decimae.
461 3808 516 3873 llis
526 3809 656 3891 iunctae
668 3819 743 3876 sunt
756 3811 879 3878 litterae
892 3813 1047 3894 Principis
1060 3813 1097 3877 ad
1112 3812 1377 3895 llagnilicentiam

293 3907 458 3984 Vestram;
487 3926 524 3973 ex
551 3909 667 3990 quibus
695 3912 774 3975 satis
801 3910 966 3992 intelliget,
988 3919 1021 3976 ut
1048 3921 1135 3992 puto,
1153 3929 1246 3994 quam
1274 3913 1381 3993 cupiat

291 4004 398 4068 statim
428 4005 510 4071 banc
542 4007 791 4088 publicationem
823 4008 904 4073 steri.
935 4009 1009 4075 ldeo
1044 4027 1136 4092 rogo,
1164 4007 1210 4076 ut¹
1234 4011 1381 4078 adhibeat

292 4117 433 4180 manum,
452 4113 485 4168 ut
509 4105 573 4186 jam
601 4115 674 4171 ante
700 4107 866 4173 meridiem
894 4108 958 4182 irat,
975 4108 1100 4174 etiamsi
1128 4110 1217 4192 prius
1243 4127 1379 4193 congre·

292 4199 395 4281 ganda
409 4211 495 4267 esset
508 4204 587 4268 lmra
603 4207 785 4282 undecima;
801 4223 860 4271 una
874 4207 952 4272 bora
963 4208 1047 4273 enim
1061 4208 1376 4276 lacileabsolvemus.
