3100 4942
632 431 817 497 -tcs-

179 613 306 678 Arbore
328 621 359 680 et
380 611 421 678 de
443 613 525 695 urps
542 613 761 695 parrochiales
778 612 965 679 leodiensis
981 622 1013 680 et
1029 614 1272 682 Cameracensis

179 711 361 778 diocesium
374 711 530 778 ecclesias
542 729 614 778 cum
629 713 778 778 omnibus
794 711 917 776 iuribus
933 722 965 777 et
982 711 1186 796 pertinentiis
1202 716 1272 781 suis

179 811 352 893 collegiata
374 811 512 876 ecclesie
528 813 631 876 sancti
651 811 732 877 Petri
750 810 842 891 Opidi
861 809 1073 876 Louaniensis
1090 811 1174 878 dicte
1190 798 1271 880 Leo-

180 909 308 976 diensis
330 909 472 976 diocesis
498 925 555 990 pro
581 909 765 992 quindecim
791 909 841 974 uel
858 919 906 975 tot
928 909 1012 975 sicut
1037 911 1084 976 eis
1108 912 1272 980 uideretur

179 1007 262 1074 inibi
275 1009 315 1075 de
327 1025 412 1075 nouo
426 1009 576 1075 creandis
595 1009 600 1087 1
620 1018 652 1075 et
666 1009 874 1074 instituendis
886 1007 1135 1076 canonicalibus
1153 1027 1189 1076 ac
1203 1031 1274 1095 pre·

179 1107 299 1174 beodis
314 1108 367 1190 qui
384 1125 441 1190 per
453 1109 534 1174 alios
550 1125 645 1190 quam
662 1109 693 1172 in
709 1108 851 1190 generali
865 1107 973 1174 studio
989 1109 1108 1176 ibidem
1128 1111 1273 1192 legentes

181 1217 216 1274 et
242 1217 392 1288 regentes
418 1207 554 1274 obtineri
582 1224 641 1288 pro
668 1216 813 1288 tempore
839 1207 1010 1288 nequirent
1036 1208 1270 1290 imperpetuum

182 1306 314 1371 unirent
336 1315 543 1371 annecterent
565 1315 596 1370 et
622 1305 879 1387 incorporarent,
904 1307 946 1370 ita
973 1307 1057 1389 quod
1082 1308 1272 1376 cedentibus

181 1403 235 1470 uel
252 1401 482 1470 decedentibus
498 1403 656 1469 dictarum
674 1403 923 1485 parrochialium
942 1403 949 1485 l
968 1405 1176 1470 ecclesiarum
1191 1407 1272 1472 Rec-

180 1502 308 1568 toribus
337 1510 390 1566 aut
416 1501 488 1566 illas
516 1502 597 1566 allas
627 1501 868 1584 quomodolibet
897 1501 1131 1568 dimittentibus
1161 1505 1273 1572 liceret

179 1601 312 1666 dilectis
335 1597 409 1682 ntljs
431 1599 632 1664 uniuersitati
657 1599 734 1665 dicti
758 1599 855 1682 studlj
880 1615 938 1680 per
960 1617 996 1666 se
1021 1603 1070 1666 uel
1094 1603 1190 1666 alium
1214 1621 1272 1669 seu

180 1699 267 1766 allos
292 1699 493 1782 corporalem
521 1700 764 1782 possessionem
789 1699 1037 1780 parrochialium
1060 1701 1272 1767 ecclesiarum

179 1797 279 1865 etiarn
302 1800 330 1862 si
352 1815 391 1864 ex
411 1798 524 1880 queuis
546 1814 643 1862 causa
659 1798 864 1878 dispositioni
889 1798 1067 1878 apostolice
1089 1799 1274 1882 specialiter

183 1898 236 1963 uel
259 1897 454 1980 generaliter
476 1915 524 1962 re·
543 1897 548 1979 Ι
567 1907 695 1962 seruate
718 1897 823 1962 lorent
852 1895 1033 1980 iuriumque
1057 1907 1087 1962 et
1111 1901 1273 1980 pertinen-

182 1995 301 2061 tiarum
328 1993 522 2078 prefatorum
546 1996 736 2061 auctoritate
761 1995 890 2077 propria
907 1995 1008 2061 libere
1031 1997 1274 2078 apprehendere

185 2111 312 2160 necnon
342 2095 469 2159 illarum
498 2095 621 2159 lruclus
650 2094 796 2160 redditus
823 2106 854 2160 et
881 2107 1069 2176 prouentus,
1098 2097 1273 2162 reseruatis

185 2194 277 2275 prius
303 2195 343 2260 de
359 2193 423 2258 illis
446 2210 504 2274 pro
521 2192 658 2274 singulis
682 2195 845 2274 perpetuis
861 2191 990 2275 vicariis
1015 2193 1045 2257 in
1063 2195 1143 2277 ipsis
1160 2213 1274 2276 parro-

182 2293 345 2359 chialibus
367 2291 514 2374 ecclesiis
538 2309 595 2372 per
617 2292 762 2358 locorum
786 2290 973 2358 Ordinarlos
992 2293 998 2375 Ι
1016 2293 1056 2357 ad
1082 2293 1270 2360 exercitium

183 2409 265 2458 cure
303 2391 479 2456 animarum
521 2390 804 2472 parrochianorum
841 2393 1022 2456 earumdem
1065 2393 1273 2458 instituendis

182 2489 324 2574 singuiis
339 2489 492 2571 congruis
508 2489 721 2572 portionibus,
731 2489 771 2554 de
787 2490 905 2572 quibus
920 2491 997 2555 dicti
1013 2489 1122 2572 vicarij
1140 2501 1271 2558 susten·

184 2591 247 2656 tari
271 2589 466 2670 episcopalia
488 2589 557 2652 iura
574 2587 703 2654 soluere
726 2598 758 2653 et
775 2589 837 2652 alia
861 2589 909 2654 eis
932 2588 1149 2655 incumbentia
1173 2605 1273 2655 onera

185 2697 380 2770 supportare
395 2685 563 2764 commode
580 2697 725 2767 possent,
742 2685 774 2750 in
792 2704 870 2752 usus
887 2697 917 2752 et
934 2687 1099 2752 utilitatem
1123 2688 1272 2754 obtinen-

184 2789 268 2854 tium
296 2803 356 2869 pro
375 2785 381 2870 Ι
401 2796 544 2868 tempore
573 2785 787 2851 canonicatus
817 2795 849 2850 et
878 2785 1058 2868 prebendas
1088 2785 1274 2853 huiusmodi

185 2887 355 2970 percipere
389 2887 498 2951 leuare
527 2896 720 2951 conuertere
755 2903 792 2949 ac
822 2893 977 2966 perpetuo
1013 2885 1154 2952 retinere
1184 2898 1215 2954 et
1244 2887 1274 2952 si

186 2987 339 3052 unionem
369 2985 582 3050 annexionem
614 2999 739 3049 necnon
767 2983 1060 3065 incorporationem
1087 2985 1272 3052 huiusmodi

184 3085 256 3151 lieri
280 3083 481 3164 contingeret
504 3083 535 3146 in
563 3083 632 3164 ipsa
657 3083 794 3148 ecclesia
818 3079 920 3148 sancti
946 3082 1030 3148 Petri
1054 3083 1093 3149 de
1117 3085 1274 3152 fructibus

184 3183 366 3252 redditibus
389 3193 421 3248 et
443 3183 654 3264 prouentibus
678 3181 847 3264 premissis
865 3181 872 3266 Ι
890 3183 943 3265 qui
959 3183 1126 3248 delalcatis
1150 3185 1271 3266 portio-

185 3285 282 3348 nibus
296 3281 481 3348 huiusmodi
504 3281 711 3358 resultarent,
727 3277 942 3346 Canonicatus
966 3291 998 3346 et
1014 3281 1194 3362 prebendas
1215 3297 1273 3365 pro

185 3381 331 3448 formatis
354 3379 386 3444 in
406 3377 580 3462 Theologia
604 3377 789 3461 Bacallarijs
816 3379 865 3444 uel
888 3378 921 3442 in
943 3379 997 3442 illa
1022 3379 1093 3445 siue
1115 3377 1272 3446 Medicina

186 3489 240 3546 aut
263 3479 316 3562 qul
334 3495 392 3560 per
416 3477 587 3543 triennium
610 3477 764 3559 legissent
789 3493 846 3542 seu
864 3475 1022 3542 rexissent
1045 3488 1117 3560 post
1141 3495 1275 3562 suscep·

187 3579 308 3645 tionem
346 3575 518 3658 Megisten]
554 3577 674 3658 gradus
714 3575 745 3638 in
782 3575 914 3641 Artibus
951 3575 1208 3662 blagistrislaut
1243 3577 1274 3642 in

188 3687 326 3759 utroque
342 3675 392 3742 uel
408 3675 510 3741 altero
526 3677 595 3740 iure
611 3674 799 3740 doctoribus
823 3691 880 3741 seu
898 3689 971 3740 cum
988 3675 1094 3758 rigore
1120 3677 1275 3743 examinis

186 3775 361 3842 licentiatis
376 3775 409 3838 in
425 3773 512 3840 dicto
528 3775 635 3840 studio
651 3773 833 3856 legentibus
853 3776 902 3840 uel
920 3775 1107 3856 regentibus
1131 3776 1169 3840 ad
1186 3775 1276 3858 ipsos

186 3875 400 3940 canonicatus
429 3881 461 3938 et
488 3871 666 3954 prebendas
698 3889 755 3954 per
783 3873 1051 3956 Burgimagistros
1078 3875 1154 3940 dicti
1182 3875 1275 3958 Opidi

189 3972 415 4056 presentandis
438 3983 470 4038 et
491 3971 569 4036 inibi
592 3987 650 4054 per
673 3971 828 4037 Abbatem
854 3971 1066 4038 Parclrensem
1091 3973 1140 4038 uel
1159 3973 1258 4058 pre-l

188 4073 330 4154 positum
354 4081 465 4138 sancte
487 4071 656 4137 Gertrudis
682 4089 740 4154 per
763 4071 964 4152 Prepositum
990 4071 1076 4138 soliti
1103 4073 1274 4156 gubernari

188 4170 456 4237 llonasteriorum
473 4169 663 4236 leodiensis
685 4169 827 4236 diocesis
844 4181 875 4236 et
891 4167 982 4250 Opidi
1007 4171 1201 4261 prelatorum
1216 4189 1274 4237 seu
