3246 4944
749 391 871 464 -638
893 435 933 449 -

298 596 372 648 uum
399 582 623 658 abstineatur
650 582 687 646 ad
716 582 882 649 Rectorem
911 583 1061 656 remittat,
1088 583 1146 648 nisi
1175 600 1213 649 ex
1239 585 1380 667 graviori

296 700 393 748 causa
410 691 439 748 et
455 681 614 764 superiori
631 681 888 746 eorrsideratioue
906 681 1043 745 tribunal
1056 682 1178 764 regium
1194 701 1268 750 sese
1285 685 1381 752 inter·

296 781 433 847 miseere
448 781 574 848 debeat.

336 880 374 945 Et
395 881 522 962 qnando
538 879 761 962 depurationes
777 886 865 944 extra
882 879 1042 946 civitatem
1058 880 1287 958 decernuntur,
1305 883 1379 949 loco

293 997 350 1045 sex
367 979 562 1045 florenorum
580 997 636 1060 per
651 979 747 1055 diem,
762 996 800 1044 ne
812 979 1036 1060 depurationes
1052 979 1242 1056 ambiantur,
1255 991 1377 1047 tantum

292 1080 495 1145 solverentur
514 1088 650 1162 quatuor
674 1078 799 1144 lloreni.
824 1078 873 1153 Et,
891 1079 1037 1143 absoluta
1061 1079 1279 1160 deputatione,
1298 1082 1378 1146 intra

292 1188 366 1244 ocro
389 1177 458 1243 dies
481 1178 574 1243 detur
597 1178 794 1259 specificatio
819 1177 1053 1258 praetensionis
1077 1179 1247 1259 receptori,
1268 1189 1301 1244 ur
1323 1181 1378 1244 illa

291 1277 464 1343 examinari
482 1275 584 1358 possit
599 1293 639 1339 an
655 1276 697 1342 sir
714 1275 868 1357 legitima.

336 1377 396 1441 Pro
426 1376 661 1458 augmentando
693 1375 874 1458 aliqualiter
910 1375 1014 1440 erario
1052 1383 1158 1456 preter
1194 1379 1377 1443 communia

291 1477 520 1542 actuandorum
554 1475 626 1556 jura
662 1476 756 1540 etiam
788 1475 832 1538 illi
863 1475 1070 1556 applicandae
1099 1485 1209 1542 essent
1239 1478 1377 1544 mulctae

292 1574 527 1648 Universitatis,
547 1582 580 1639 er
606 1574 646 1639 de
672 1574 735 1638 illis
762 1573 936 1655 exigendus
963 1582 1152 1654 computus;
1181 1592 1263 1656 quae
1291 1593 1376 1642 nunc

291 1683 442 1756 putantur
457 1673 597 1738 indebite
612 1673 760 1739 consumi
776 1673 859 1738 inter
875 1673 1040 1738 ministros
1054 1673 1207 1754 iustitiae.

332 1775 409 1840 ltem
425 1773 602 1855 exigendus
618 1781 790 1854 computus
809 1789 907 1852 snper
930 1771 1020 1838 lucro
1044 1773 1267 1838 Universitatis
1290 1774 1376 1855 quod

291 1872 426 1954 percipit
448 1889 486 1937 ex
508 1872 669 1936 communi
693 1887 751 1936 soa
774 1887 887 1946 eavea;
909 1872 950 1936 de
971 1889 1035 1953 quo
1057 1871 1154 1953 aliqui
1177 1878 1287 1954 putant
1310 1890 1374 1938 non

290 1972 400 2037 baberi
416 1972 496 2036 satis
511 1979 654 2036 exactam
672 1971 840 2036 rationem.

330 2072 407 2137 ltsm
444 2088 482 2136 ex
518 2069 673 2135 conviviis
710 2069 945 2146 doctoralibus;
984 2088 1065 2151 quae
1095 2079 1246 2153 putantur
1275 2071 1371 2138 nimis

290 2179 489 2251 sumptuosa.
527 2169 616 2234 Unus
653 2168 772 2233 missus
810 2180 1030 2234 artocreorum
1066 2170 1134 2235 sive
1171 2169 1371 2250 pastillorum

291 2278 401 2350 posset
416 2267 573 2343 subtrahi,
591 2276 622 2332 et
639 2267 775 2348 prelium
790 2267 877 2332 illius
894 2267 1047 2350 applicari
1063 2267 1180 2334 erario.

332 2369 422 2444 llam,
440 2367 586 2447 exigente
602 2366 785 2442 occasione,
805 2376 915 2445 posset
933 2367 1070 2446 permitti
1089 2377 1120 2431 ut
1145 2367 1252 2448 ploras
1275 2367 1372 2434 simol

289 2477 393 2532 aetum
421 2465 616 2531 doctoralem
640 2465 797 2538 lacerent;
823 2465 870 2528 sic
894 2475 997 2530 tamen
1022 2473 1055 2530 ut
1077 2465 1269 2546 sumptnbus
1293 2466 1371 2530 nibil

288 2567 445 2640 dematur,
464 2581 503 2629 ne
520 2580 673 2628 numerus
689 2563 857 2628 doctorum
875 2563 1006 2627 nimium
1023 2573 1193 2646 augentem
1211 2565 1268 2630 sed
1285 2565 1370 2647 quod

287 2663 432 2730 concivio
449 2680 512 2729 non
530 2662 724 2742 impenditur
740 2661 896 2727 tribuatur
911 2663 1027 2727 erario.

329 2837 416 2904 lnter
438 2835 685 2902 Universitatem
704 2845 735 2900 et
750 2835 910 2900 civitatem
928 2835 968 2900 ob
986 2837 1168 2918 trequentes
1185 2835 1256 2902 lires
1274 2854 1368 2918 parva

287 2948 341 3003 aur
364 2937 449 3002 nulla
472 2946 521 3000 est
547 2934 738 3008 eoncordia;
766 2943 798 3000 et
824 2935 931 3012 simul,
953 2943 1013 3000 tam
1040 2936 1164 3000 ratione
1189 2935 1370 3002 obsidionis

286 3038 359 3103 anni
385 3037 464 3100 teau
486 3051 580 3117 quarn
603 3033 838 3098 fortificationis
861 3034 935 3097 antri
960 3033 1051 3109 luta,
1073 3034 1223 3100 bberatae
1240 3035 1369 3100 suntad

285 3138 346 3202 260
362 3137 459 3200 millia
478 3135 685 3199 llorenorum.
704 3132 782 3196 lude
804 3133 911 3197 totalis
934 3133 1024 3198 ruina
1049 3133 1273 3199 Universitatis
1297 3145 1370 3198 nata

286 3245 373 3302 esset
389 3235 527 3309 causari,
545 3233 571 3297 si
588 3232 751 3312 contingat
766 3231 930 3296 studiosos
946 3231 1119 3313 aliquando
1135 3232 1285 3298 delicere.

328 3361 389 3425 l'ro
412 3357 601 3423 stabilienda
621 3355 704 3419 inter
720 3354 794 3419 illos
809 3355 982 3419 corrcordia
997 3363 1029 3420 et
1045 3356 1290 3422 conservatione
1305 3364 1368 3420 ram

285 3456 508 3524 Universitatis
531 3470 624 3536 quam
643 3451 793 3524 civitatis,
812 3453 939 3516 unicum
957 3463 1085 3532 putatur
1100 3470 1175 3518 esse
1191 3453 1368 3519 remedium

287 3568 319 3624 ut
349 3557 553 3622 civitatenses
583 3552 695 3618 sedulo
732 3551 904 3615 observent
941 3552 1193 3632 regulamentum
1230 3552 1291 3618 sibi
1328 3551 1369 3618 ab

285 3659 406 3739 aliquot
441 3655 533 3720 armis
562 3671 579 3718 a
616 3653 677 3716 Sua
708 3651 873 3732 llajestate
903 3651 1154 3732 praescriptum;
1187 3659 1218 3717 er
1248 3652 1280 3714 in
1310 3668 1370 3716 sua

285 3755 452 3822 coenomia
478 3761 604 3820 teneant
630 3752 748 3816 bonum
776 3749 929 3832 regimen,
950 3750 1131 3831 soperlluas
1157 3765 1315 3830 expensas
1338 3760 1371 3814 et

285 3855 507 3936 depurationes
523 3853 653 3925 evitent,
671 3862 703 3916 et
718 3849 838 3914 eisdem
856 3848 1056 3913 ordonnetur
1073 3865 1112 3914 ne
1128 3849 1188 3913 snb
1206 3857 1368 3929 praetextu

285 3971 362 4018 snae
379 3953 573 4034 paupertatis
589 3967 687 4015 onera
705 3965 762 4014 sua
780 3947 952 4014 obtrudant
968 3947 1181 4014 Universitati.

326 4053 414 4129 Quod
433 4062 466 4116 ut
482 4051 644 4117 efficacius
662 4049 728 4122 lint,
744 4047 919 4127 judicarem
941 4048 1009 4112 lore
1031 4045 1227 4112 conveniens
1250 4045 1371 4111 ordon-

287 4153 354 4217 nari
388 4161 418 4218 ut
448 4151 543 4233 aliqui
576 4165 612 4214 ex
643 4146 854 4212 Universitate
884 4147 1025 4228 deputari
1058 4146 1151 4212 simul
1183 4153 1371 4228 praeessent
