3260 4944
719 379 904 444 -eto-

308 557 356 620 18.
380 557 520 623 loannes
550 559 587 624 de
614 561 711 624 Ponte
738 561 790 626 die
818 561 853 624 rt
883 560 1035 626 februarii
1062 559 1142 624 1482
1168 559 1358 640 adjungitur

264 654 407 720 waltero
426 656 596 724 iiauweeis
616 661 657 725 de
679 659 919 740 Rupeimunda;
943 659 1125 740 placuitque
1145 657 1352 723 Universitati

264 753 441 835 ajanuarii
465 756 556 833 1493,
576 768 609 822 ut
630 759 785 840 deinceps
806 759 873 824 bini
896 768 1006 824 essent
1023 767 1238 840 promotores,
1257 766 1357 838 prout

264 862 297 918 et
312 854 449 920 antehae
466 855 604 920 iuerant.

238 1053 241 1064 ι
308 969 357 1034 te.
382 969 583 1050 Gbysbertus
604 973 784 1047 Wadutnct,
808 991 847 1039 ex
863 973 956 1048 bald,
979 971 1137 1037 sufficitur
1152 971 1295 1037 Waltero
1310 970 1354 1036 de

266 1067 486 1149 Rupeimunda
502 1070 555 1134 die
571 1070 610 1134 28
627 1070 778 1136 februarii
796 1071 886 1136 1⁴95.

308 1187 322 1225 u
339 1167 457 1234 Deinde
474 1170 643 1250 proposuit
658 1170 809 1236 dominus
827 1171 943 1237 Reotor
959 1170 1110 1251 antiquus
1129 1169 1266 1251 qualiter
1282 1167 1355 1248 ipse

270 1287 284 1326 u
301 1267 730 1348 eoramdominisdeputatis
740 1271 960 1336 uniuersitatis
970 1269 1138 1352 proposuit
1149 1266 1357 1348 demugistro

269 1385 283 1426 s
306 1365 443 1430 Woltero
458 1368 496 1429 de
509 1368 721 1448 Rupeirnundo
738 1378 922 1448 promotore
934 1369 999 1450 iam
1015 1367 1107 1432 senio
1119 1367 1204 1430 tauto
1220 1374 1250 1430 et
1266 1365 1351 1446 quod

270 1486 283 1524 n
300 1464 384 1528 idem
402 1467 554 1546 magister
572 1467 734 1532 walterus
760 1485 1000 1550 recognoscens
1015 1466 1236 1548 impotentiam
1259 1481 1355 1529 suam

268 1563 378 1628 »dixit
393 1565 455 1628 sibi
478 1567 563 1646 quod
579 1577 754 1632 enittentus
775 1578 862 1633 esset
877 1568 1043 1650 resignare
1065 1565 1199 1630 offitium
1223 1581 1352 1645 promo·

267 1685 280 1722 n
301 1664 382 1728 torie
397 1665 488 1730 saluo
503 1667 588 1745 quod
607 1667 801 1732 uniuersitas
817 1669 1004 1748 dignaretur
1016 1666 1077 1730 sibi
1094 1666 1199 1729 iacere
1215 1663 1350 1728 eandem

268 1762 433 1842 agrariam
456 1780 550 1844 quam
576 1765 698 1844 pridem
723 1765 797 1831 ieeit
821 1767 974 1848 magistro
991 1767 1082 1829 Petro
1099 1763 1183 1828 Rode
1206 1773 1352 1844 ternpore

268 1884 280 1920 n
298 1861 499 1926 dimissionis
514 1862 604 1926 offitii
622 1865 818 1946 promotorie
834 1875 929 1946 prout
945 1864 1039 1928 etiam
1057 1865 1118 1928 troo
1137 1863 1177 1926 de
1194 1873 1267 1942 post
1283 1860 1350 1940 pla·

268 1960 364 2022 uouit
380 1961 522 2025 dominis
544 1962 715 2042 deputatis.
734 1964 853 2044 ouibus
879 1963 1043 2045 prediatus
1065 1961 1216 2026 dominus
1232 1959 1351 2025 Reotor

267 2078 281 2115 s
301 2056 329 2120 id
348 2072 571 2138 proposuerat,
586 2061 691 2126 dando
704 2062 764 2126 sibi
781 2061 911 2127 domino
925 2061 1053 2126 Rectori
1070 2077 1152 2124 onus
1165 2057 1350 2140 inquirendi

268 2177 281 2214 n
300 2156 339 2220 de
355 2157 417 2220 atio
438 2171 622 2238 promotore
637 2162 764 2242 ydoneo
789 2173 820 2227 et
836 2161 921 2242 quod
938 2163 1078 2240 desuper
1101 2157 1185 2222 idem
1200 2156 1350 2221 dominus

268 2253 417 2318 »Reotor
440 2256 571 2321 uerbum
595 2259 703 2323 babuit
718 2277 790 2323 oum
816 2261 967 2340 magistro
986 2257 1149 2338 Gbpsberto
1171 2252 1352 2328 Wnddinri‚

266 2375 279 2411 tt
298 2353 351 2433 qui
370 2355 533 2432 prehabito
557 2357 789 2424 deliberatione
807 2359 974 2439 respondit
996 2359 1057 2422 sibi
1073 2356 1205 2420 domino
1224 2353 1350 2418 Rectori

266 2475 278 2511 n
297 2455 381 2534 quod
399 2465 572 2521 coutentus
588 2469 676 2522 esset
690 2459 873 2524 huiusmodi
891 2457 1027 2524 offitium
1041 2465 1209 2536 acceptare
1225 2469 1353 2532 ponens

264 2576 277 2610 n
295 2564 466 2633 eapropter
479 2554 566 2635 jdem
590 2557 740 2622 dominus
758 2557 875 2622 Rector
892 2557 927 2638 jn
944 2556 1177 2621 deliberatione
1200 2552 1349 2618 domino·

264 2673 277 2708 u
296 2667 364 2714 rum
382 2669 421 2715 an
439 2655 562 2734 placeat
579 2657 723 2736 predicto
740 2659 891 2738 magistro
907 2656 1047 2721 Waltero
1059 2654 1113 2736 qui
1131 2649 1349 2717 nortmannis

262 2749 494 2816 »uniuersitati
522 2755 666 2834 legaiiter
689 2767 720 2818 et
747 2755 886 2820 irdeiiter
912 2755 1047 2819 seruiuit
1075 2770 1132 2834 pro
1159 2749 1349 2815 dimissione

263 2869 276 2906 e
295 2849 429 2927 predicti
446 2850 535 2914 offitii
559 2869 702 2919 annuere
720 2857 854 2919 eandem
872 2855 1005 2936 gratiam
1030 2869 1125 2934 quam
1144 2850 1254 2914 babuit
1276 2865 1348 2930 pre·

264 2966 276 3003 n
295 2945 400 3012 dietus
422 2951 575 3030 magister
589 2953 701 3016 Petrus
717 2955 802 3017 Bude
818 2964 963 3034 tempore
985 2949 1186 3015 dimissionis
1202 2948 1347 3013 eiusdem

263 3065 276 3106 s
295 3045 385 3109 offitii
402 3058 433 3111 et
445 3050 530 3129 quod
549 3051 700 3131 magister
715 3053 900 3132 Gbpabertus
922 3050 1099 3122 Waddinei,
1113 3051 1167 3130 qui
1185 3047 1350 3129 praetieus

263 3145 380 3208 »utitis
406 3158 437 3211 et
463 3150 608 3228 ydoneus
631 3161 680 3214 est
707 3153 746 3214 ad
775 3152 958 3217 huiusmodi
985 3149 1120 3215 offitium
1147 3153 1344 3225 acceptetur.

262 3265 275 3301 u
293 3243 397 3324 super
408 3263 472 3325 quo
484 3249 637 3312 dominus
648 3251 762 3313 iteetor
776 3267 880 3313 nouus
892 3249 1053 3314 eonoiusit
1064 3265 1102 3312 ex
1114 3243 1346 3310 deliberatione

262 3341 491 3423 »singularum
523 3345 707 3411 facultatum
737 3349 882 3428 predicto
918 3349 1072 3428 magistro
1108 3342 1243 3410 Wuitero
1273 3341 1348 3404 iooo

263 3441 493 3506 »dimissionis
517 3444 701 3510 huiusmodi
725 3445 815 3511 offitii
842 3447 976 3510 eandem
1005 3445 1139 3526 gratiam
1167 3438 1343 3504 taciendam

263 3561 275 3596 u
295 3555 380 3614 esse,
399 3545 666 3620 quemadmodum
685 3547 764 3609 taeta
782 3555 831 3609 est
848 3546 992 3626 predicto
1012 3544 1173 3625 quondam
1191 3537 1346 3618 magistro

263 3657 276 3694 ι
296 3637 384 3702 Petro
395 3640 525 3716 Badeet
537 3645 620 3722 quod
634 3644 741 3709 dietus
755 3643 1102 3725 magisterdbysbertus
1113 3642 1151 3704 ad
1167 3647 1345 3719 pretaetum

261 3735 432 3802 »officium
457 3743 654 3820 promotorie
677 3753 862 3824 aceeptetur
884 3753 915 3808 et
937 3745 1022 3824 quod
1047 3748 1167 3821 prestet
1180 3737 1345 3819 juramen-

260 3856 273 3892 u
292 3843 370 3898 tum.
387 3860 400 3898 n
418 3841 495 3902 Aeta
512 3839 735 3906 Universitatis
751 3841 789 3905 ad
806 3842 891 3906 diem
908 3841 947 3905 23
964 3839 1114 3906 februarii
1133 3835 1223 3901 rtet.

299 3933 454 4002 ubeinde
484 3940 654 4018 proposuit
688 3941 840 4006 dominus
871 3941 988 4007 Raptor
1020 3939 1157 4018 ouaiiter
1190 3933 1344 4015 magister

258 4031 477 4113 uGbuadertus
519 4037 688 4102 Wuddinci
721 4049 887 4120 promotor
917 4037 1139 4105 uniuersitatis
1170 4034 1345 4114 deputatus

261 4149 274 4190 u
292 4134 454 4198 recusauit
469 4134 636 4217 bucusque
656 4144 802 4218 prestare
814 4135 1030 4218 juramentum
1052 4153 1109 4218 per
1125 4141 1344 4216 promotorem

261 4227 390 4296 »buius
404 4230 622 4300 uniuersitatis
638 4235 763 4301 ratione
777 4225 833 4300 sui
843 4235 933 4318 oditij
952 4245 1097 4319 prestare
1108 4235 1242 4300 solitum
1256 4229 1292 4311 jn
1303 4243 1342 4294 eu
