3246 4944
725 444 906 514 -651-

394 661 397 668 “
437 667 637 748 «biagnilrcc
655 667 799 742 lietuino,

313 837 326 874 u
345 815 423 890 Quid
444 816 519 878 milri
537 833 552 877 a
571 819 632 879 Sua
650 815 842 881 Excelleulin
860 816 989 880 domino
1011 816 1232 880 Gubernatorc
1257 815 1354 896 lielgii

269 912 492 978 demarrdalum
509 913 567 987 sit,
579 916 689 1000 iuncte
706 913 810 998 littere
822 915 994 978 docebunt.
1008 914 1145 978 Placebit
1162 915 1356 978 reverendae

273 1012 484 1076 nominationi
503 1013 633 1077 Vestrae
650 1014 722 1078 illas
741 1015 903 1093 publicare
920 1014 970 1078 ubi
993 1023 1023 1077 et
1045 1012 1139 1078 sicuti
1160 1012 1354 1092 oppmtebil,

269 1123 301 1176 ct
322 1110 397 1172 mibi
421 1110 670 1176 subministrare
693 1112 894 1176 necessarias
917 1111 1159 1184 instructiones,
1175 1111 1354 1180 cumedcsi·

269 1209 418 1291 guatione
456 1213 611 1291 temporis
642 1212 769 1292 quarrdo
800 1213 837 1274 ad
869 1208 1089 1276 executionem
1120 1209 1357 1276 commissionis

272 1318 380 1397 nostre
397 1310 571 1392 procedere
588 1319 702 1391 nmero
718 1321 745 1376 et
766 1311 903 1375 debebo.
923 1301 1139 1374 interimere

881 1409 1047 1491 Magnifice
1063 1408 1192 1474 domiue

315 1530 327 1567 t
350 1508 553 1574 Reverendac
568 1508 802 1574 llominationis
815 1511 947 1574 Vestrae
962 1509 1000 1573 ad
1014 1508 1118 1573 cilicia
1136 1508 1356 1590 paratissimus

814 1608 976 1683 binemus,
992 1607 1092 1672 abbas
1110 1607 1312 1672 Parclrensis.

356 1707 479 1776 Parclro
497 1709 535 1770 18
550 1707 743 1790 septcrrrbris
762 1709 851 1772 ¹673.

315 1903 469 1978 uQuibus
493 1904 596 1979 lectis,
620 1904 710 1982 pactili
732 1905 920 1986 magnilicns
943 1905 1104 1979 domiuus,
1122 1905 1197 1986 qrrid
1223 1924 1356 1988 respon·

272 2003 413 2067 dendum
443 2003 574 2068 dontiuo
603 2003 722 2076 abbati,
746 2017 777 2067 ct
807 2005 880 2084 qnid
914 2005 944 2066 in
974 2005 1034 2068 boc
1064 2005 1191 2085 negotio
1222 2005 1357 2069 ulterius

272 2103 442 2181 egelidum.
457 2102 491 2164 Et
505 2121 541 2166 er
556 2104 738 2166 facultatum
752 2103 983 2167 deliberatione
996 2105 1154 2168 conclusit
1168 2104 1357 2184 magnilious

272 2200 424 2264 dominus
448 2202 620 2265 mittendos
642 2203 767 2281 aliquos
785 2202 935 2266 dominos
951 2203 988 2264 ad
1006 2203 1237 2283 eruptus-simum
1254 2202 1356 2265 ‹lurni-

277 2315 351 2362 nnm
381 2299 625 2380 prolatumqui
654 2300 798 2379 perucius
825 2301 985 2380 irnpiiraut
1011 2321 1076 2381 uun
1107 2301 1167 2364 boc
1197 2300 1356 2381 negotium

276 2408 397 2478 vergat,
418 2408 461 2472 ct,
484 2398 588 2462 babila
613 2399 777 2472 relatione,
796 2409 872 2463 tuuc
895 2401 1029 2464 ulterius
1051 2401 1302 2464 deliberandum.
1322 2397 1359 2463 Et

275 2497 363 2560 missi
403 2498 531 2562 luerunt
567 2497 702 2562 eximius
739 2499 890 2563 dominus
920 2499 1065 2572 vincent,
1096 2496 1358 2563 consultissimus

272 2596 424 2660 dominus
440 2597 586 2670 cloccas,
607 2598 803 2662 reuerendus
819 2599 970 2662 dominus
988 2598 1072 2674 Crits
1095 2609 1123 2662 el
1149 2595 1356 2662 secretarius.

316 2777 405 2840 ubic
427 2777 480 2840 ll·
507 2778 700 2858 septembris
724 2777 950 2853 lli‘13‚indicta
975 2778 1030 2840 luit
1053 2777 1258 2858 congregatio
1283 2777 1355 2840 Uni·

275 2877 435 2940 versitatis
461 2879 521 2942 sub
545 2879 741 2958 juramento.
764 2878 796 2940 ln
824 2897 884 2959 apua
913 2878 1019 2942 retulit
1044 2878 1180 2942 exiruius
1206 2877 1356 2941 dominus

276 2975 483 3062 vincuntque
505 2987 573 3040 acta
598 2979 728 3042 luerunt
751 2995 823 3041 cum
847 2977 1045 3058 amplissimo
1067 2976 1198 3040 domino
1222 2977 1356 3063 prelato,

276 3083 370 3152 prout
385 3075 531 3154 sequitur
548 3094 555 3138 :

317 3203 493 3269 «Diximus
518 3206 718 3286 amplissimo
745 3206 876 3271 domino
904 3206 1003 3270 lectas
1030 3207 1130 3269 luisse
1154 3205 1275 3268 litteras
1297 3204 1360 3290 b'up

275 3303 449 3385 ilajestatis
467 3303 496 3366 ln
514 3305 763 3387 congregatione
779 3304 1087 3392 urrive1·sitatls.tlup
1103 3321 1175 3368 cum
1191 3302 1359 3384 generales

275 3403 378 3466 lbreut
402 3403 604 3484 nesciretque
620 3402 818 3468 Universitas
841 3404 916 3486 quid
935 3404 1078 3483 praecise
1095 3403 1212 3467 uellent
1229 3401 1357 3482 reique

277 3501 447 3582 praecipuo
464 3503 643 3579 tenderent,
661 3514 714 3568 aut
736 3506 822 3568 circa
843 3521 925 3584 quos
947 3503 1109 3575 delectus;
1129 3510 1217 3582 rogat
1240 3498 1357 3578 ilmpli·

277 3601 417 3664 tudinem
445 3602 589 3666 Vestram
617 3612 650 3667 ut
675 3603 760 3666 cirea
785 3601 856 3667 illas
879 3601 996 3682 aliquid
1021 3599 1151 3664 luminis
1172 3599 1359 3679 dignaretur

276 3701 422 3788 prebere.
448 3701 507 3774 Qui
537 3701 629 3766 nobis
659 3701 826 3781 respondit
854 3717 890 3765 se
920 3702 1039 3781 pariter
1070 3699 1145 3761 nillil
1176 3715 1272 3762 scire.
1301 3696 1358 3760 Cui

273 3798 389 3863 lterum
406 3799 541 3864 eximius
557 3800 707 3865 dominus
730 3802 887 3880 [Vincunt]
909 3823 916 3862 ι
940 3800 1184 3864 Universitatem
1207 3813 1359 3876 sperasse

273 3898 358 3976 quod
382 3897 499 3978 aliquid
525 3917 563 3963 ex
586 3897 656 3979 ejus
671 3917 729 3964 ore
746 3900 906 3980 potuisset
921 3899 1074 3963 didicisse
1091 3907 1123 3961 ut
1140 3906 1227 3960 tanto
1245 3895 1359 3959 melius

275 4005 307 4058 et
330 3996 454 4060 lucilius
478 3997 517 4061 iis
541 4008 650 4078 posset
672 3999 870 4064 salisliacerc.
891 3998 1006 4062 lterum
1030 3996 1197 4076 respondit
1220 4013 1255 4058 sc
1282 3993 1359 4056 nibil

277 4093 496 4175 sciremque
522 4095 623 4162 inscio
650 4096 743 4161 istam
770 4096 1031 4164 commissionem
1060 4097 1160 4159 luisse
1178 4091 1359 4173 expeditam

278 4201 310 4262 el
325 4191 525 4280 inexpectato
541 4211 576 4260 se
592 4195 766 4282 accepisse.
785 4196 841 4262 Cui
856 4212 929 4263 uum
945 4195 1028 4260 inter
1042 4195 1212 4263 discursus
1234 4191 1359 4257 dicere·
