3246 4944
721 411 905 476 —6lt-

269 587 422 652 habeatur
451 606 539 662 cura,
569 598 602 654 ul
630 589 828 655 baccalaurei
861 611 917 670 per
943 611 979 656 su
1007 593 1036 654 in
1066 591 1202 670 puhlicis
1229 593 1353 660 scholis

266 697 542 768 argumententur,
565 705 623 753 nec
646 689 737 753 laeile
762 692 906 769 pecuniis
931 693 992 756 hoc
1015 709 1097 756 orius
1123 691 1280 754 redimere
1303 692 1351 756 rel

265 786 358 850 aliter
379 802 453 850 sese
478 803 631 852 excusare
657 787 732 866 (nisi
761 807 942 870 praegnans
969 789 1073 853 subsit
1102 790 1194 870 ratio)
1221 790 1351 870 permit-

267 894 390 953 tantur:
408 895 439 949 et
454 885 481 948 si
498 885 572 949 huic
589 895 700 952 nostro
716 897 835 952 statuto
855 889 1125 964 contravenerint,
1144 890 1181 951 ah
1208 889 1350 954 ulteriori

263 983 468 1063 promotione
484 993 664 1048 arceantur.

741 1117 877 1182 txxltt.

306 1246 383 1309 Cum
406 1255 510 1312 autern
535 1247 729 1327 reipublicae
754 1250 949 1315 christianae
973 1249 1143 1329 plurimum
1161 1250 1297 1324 intersit,
1315 1266 1352 1314 ac

267 1345 399 1409 multum
427 1346 581 1425 pertineat
607 1347 645 1410 ad
674 1349 834 1412 honitatis
863 1349 1061 1429 theologicae
1088 1349 1293 1429 splendorem
1321 1359 1352 1413 et

265 1443 463 1522 gravitatem,
491 1453 532 1518 ut,
557 1445 610 1526 qui
637 1447 791 1510 doctorali
821 1449 928 1511 laurea
956 1457 1029 1510 sunt
1056 1448 1263 1526 insigniendi,
1287 1447 1351 1511 sint

267 1543 324 1604 viri
367 1543 627 1621 praeclarissimi,
660 1546 773 1608 aetatis
816 1547 996 1610 mmm-itate
1036 1563 1161 1626 graves,
1194 1547 1350 1610 acerrimo

266 1640 394 1721 ingenio
412 1642 544 1720 praediti
561 1660 598 1705 ac
615 1643 645 1705 in
663 1645 764 1706 satoris
788 1645 915 1707 Litteris
940 1645 1137 1724 reliquisque
1161 1643 1351 1724 theologicis

265 1740 409 1804 scientiis
424 1739 692 1814 exercitatissimi,
711 1754 742 1806 ut
760 1744 785 1805 si
804 1747 931 1822 quarmo
948 1760 1019 1807 eum
1035 1743 1203 1807 haereticis
1216 1743 1351 1824 aliisque

265 1838 296 1900 in
331 1839 521 1918 palaestram
550 1840 732 1920 disputandi
765 1843 866 1922 gratia
897 1852 946 1904 est
976 1841 1249 1915 descendendum,
1277 1857 1350 1904 cunr

265 1939 383 2018 gradus
406 1939 455 2002 sui
480 1939 602 2003 honore
626 1941 850 2020 facultatisque
874 1957 951 2005 suae
975 1941 1090 2020 gloria,
1114 1957 1195 2020 quae
1221 1957 1350 2004 suarum

265 2047 339 2100 suut
356 2037 503 2116 partiunt,
521 2037 628 2103 debite
646 2041 791 2119 perlongi
809 2041 952 2118 possint;
974 2041 1120 2104 volumus
1137 2051 1170 2103 ut
1194 2057 1286 2102 nemo
1310 2041 1347 2101 ad

265 2137 461 2201 doctoralem
491 2137 623 2218 gradum
654 2138 847 2201 admittatur.
876 2139 935 2202 nisi
963 2140 1055 2202 dotes
1082 2139 1194 2202 haheat
1220 2155 1347 2216 compe·

265 2243 380 2310 tentes,
412 2237 557 2300 eximiam
600 2238 779 2316 theologiae
820 2238 986 2301 seientiam
1028 2248 1059 2302 et
1099 2240 1192 2301 etiarn
1234 2237 1347 2300 artatis

266 2338 489 2410 maturitatem,
507 2336 545 2398 ad
563 2337 669 2400 minus
687 2337 883 2415 trigesimum
907 2353 1024 2401 artuum
1048 2337 1268 2418 attingentem,
1288 2336 1349 2397 nisi

265 2444 394 2511 propter
430 2434 625 2516 singularem
663 2435 819 2499 scientiae
858 2435 1114 2515 praecellentiam
1154 2435 1288 2498 lacultas
1318 2433 1348 2495 in

263 2541 364 2596 aetate
380 2543 529 2598 censeret
545 2535 811 2614 dispensandum.

741 2683 874 2746 LXXIV.

306 2797 483 2862 (ineramus
500 2808 604 2864 autem
621 2800 766 2864 districte
783 2801 939 2864 l'acultatis
956 2799 1198 2875 eorrseienliam,
1217 2809 1249 2862 ut
1266 2799 1349 2862 sicut

265 2897 302 2956 ad
328 2895 461 2972 nullum,
479 2896 521 2961 ita
545 2899 745 2978 potissimum
773 2899 810 2962 ad
838 2916 1022 2979 supremum
1050 2899 1195 2978 gradum,
1213 2899 1281 2960 sire
1308 2899 1346 2958 ad

264 2992 403 3056 lauream
429 2995 638 3072 doctoralem,
665 2997 821 3061 neminem
851 2999 1008 3068 admittat,
1034 2997 1107 3070 nisi,
1131 2997 1214 3060 sicut
1241 3014 1345 3075 pram·

262 3093 397 3170 criptum
435 3104 496 3168 est,
530 3096 659 3174 egregie
696 3105 802 3173 aptum
842 3097 1068 3176 idoneumque,
1100 3106 1131 3158 et
1168 3096 1344 3157 secundnm

263 3191 394 3254 l'ormant
412 3200 521 3271 postea
541 3194 832 3272 praescrihendam.

562 3375 607 3438 lle
627 3373 775 3454 lectitare
791 3377 873 3454 juris
896 3375 1045 3438 certatrici.

744 3523 862 3586 LXXV.

299 3653 587 3736 lurisprudcntiarn
616 3673 763 3736 magnum
786 3674 912 3736 quoque
936 3673 1008 3720 esse
1033 3655 1226 3735 reipublicae
1249 3673 1344 3718 ornn-

260 3763 399 3817 mentum
418 3755 686 3833 praedecessores
705 3758 803 3818 nostri
822 3757 925 3835 reipsa
945 3765 1019 3819 sunt
1043 3755 1183 3834 errrer1i3
1211 3757 1346 3834 ideoque

258 3861 289 3914 ct
317 3851 400 3916 eirca
432 3871 500 3917 eam
532 3872 724 3934 magnopere
753 3855 975 3926 lahorandnm,
1003 3865 1035 3918 ut
1062 3873 1078 3916 a
1108 3855 1346 3934 prolessorihus

258 3949 424 4030 utriusque
450 3951 533 4031 juris
563 3969 686 4016 summa
718 3971 788 4015 cam
827 3953 991 4031 diligentia
1029 3955 1166 4024 colatur,
1199 3962 1229 4015 et
1264 3951 1346 4032 juris

257 4049 393 4114 studiosi
430 4052 599 4132 diligenter
633 4051 784 4132 justoque
821 4053 934 4115 ordine
964 4070 1000 4116 ac
1036 4052 1186 4116 inethodo
1218 4063 1281 4115 turn
1313 4052 1343 4114 in

256 4146 402 4214 docendo
420 4157 485 4216 ium
502 4151 532 4214 in
549 4151 742 4234 disputando
759 4162 978 4218 exerceantur.
1002 4151 1109 4234 idque,
1129 4161 1162 4216 ut
1179 4151 1232 4216 llat
1252 4168 1258 4214 :
