<?xml version="1.0" encoding="UTF-8"?>
<!DOCTYPE html PUBLIC "-//W3C//DTD XHTML 1.0 Transitional//EN"
    "http://www.w3.org/TR/xhtml1/DTD/xhtml1-transitional.dtd">
<html xmlns="http://www.w3.org/1999/xhtml" xml:lang="en" lang="en">
 <head>
  <title>
</title>
<meta http-equiv="Content-Type" content="text/html;charset=utf-8" />
  <meta name='ocr-system' content='tesseract 3.04.00' />
  <meta name='ocr-capabilities' content='ocr_page ocr_carea ocr_par ocr_line ocrx_word'/>
</head>
<body>
  <div class='ocr_page' id='page_1' title='image "./documentsrelati00reusgoog_0020.png"; bbox 0 0 3112 4942; ppageno 0'>
   <div class='ocr_carea' id='block_1_1' title="bbox 753 503 893 568">
    <p class='ocr_par' dir='ltr' id='par_1_1' title="bbox 753 503 893 568">
     <span class='ocr_line' id='line_1_1' title="bbox 753 503 893 568; baseline 0 -18"><span class='ocrx_word' id='word_1_1' title='bbox 753 503 893 568; x_wconf 83' lang='lat' dir='ltr'><strong>..g..</strong></span> 
     </span>
    </p>
   </div>
   <div class='ocr_carea' id='block_1_2' title="bbox 276 683 1369 1162">
    <p class='ocr_par' dir='ltr' id='par_1_2' title="bbox 276 683 1369 1162">
     <span class='ocr_line' id='line_1_2' title="bbox 276 683 1369 767; baseline 0.003 -20"><span class='ocrx_word' id='word_1_2' title='bbox 276 683 403 758; x_wconf 86' lang='lat' dir='ltr'><strong>lastico,</strong></span> <span class='ocrx_word' id='word_1_3' title='bbox 424 683 588 764; x_wconf 82' lang='lat' dir='ltr'><strong>capitulo.</strong></span> <span class='ocrx_word' id='word_1_4' title='bbox 613 683 899 767; x_wconf 68' lang='lat' dir='ltr'><strong>burgimagislris,</strong></span> <span class='ocrx_word' id='word_1_5' title='bbox 916 685 1059 750; x_wconf 84' lang='lat' dir='ltr'><strong>scabinis</strong></span> <span class='ocrx_word' id='word_1_6' title='bbox 1084 693 1118 751; x_wconf 93' lang='lat' dir='ltr'><strong>et</strong></span> <span class='ocrx_word' id='word_1_7' title='bbox 1138 683 1369 750; x_wconf 84' lang='lat' dir='ltr'><strong>communitate</strong></span> 
     </span>
     <span class='ocr_line' id='line_1_3' title="bbox 277 783 1369 864; baseline 0 -17"><span class='ocrx_word' id='word_1_8' title='bbox 277 792 309 848; x_wconf 90' lang='lat' dir='ltr'><strong>ot</strong></span> <span class='ocrx_word' id='word_1_9' title='bbox 335 783 408 863; x_wconf 75' lang='lat' dir='ltr'><strong>aliis</strong></span> <span class='ocrx_word' id='word_1_10' title='bbox 435 783 547 862; x_wconf 86' lang='lat' dir='ltr'><strong>ipsius</strong></span> <span class='ocrx_word' id='word_1_11' title='bbox 566 783 658 848; x_wconf 88' lang='lat' dir='ltr'><strong>ducis</strong></span> <span class='ocrx_word' id='word_1_12' title='bbox 688 784 954 857; x_wconf 84' lang='lat' dir='ltr'><strong>subditisfucrit,</strong></span> <span class='ocrx_word' id='word_1_13' title='bbox 981 785 1141 864; x_wconf 79' lang='lat' dir='ltr'>gaudeant</span> <span class='ocrx_word' id='word_1_14' title='bbox 1168 795 1199 849; x_wconf 89' lang='lat' dir='ltr'><strong>et</strong></span> <span class='ocrx_word' id='word_1_15' title='bbox 1224 793 1369 858; x_wconf 73' lang='lat' dir='ltr'><strong>utantur,</strong></span> 
     </span>
     <span class='ocr_line' id='line_1_4' title="bbox 278 880 1367 963; baseline 0.001 -19"><span class='ocrx_word' id='word_1_16' title='bbox 278 880 372 945; x_wconf 92' lang='lat' dir='ltr'><strong>nobis</strong></span> <span class='ocrx_word' id='word_1_17' title='bbox 393 882 630 946; x_wconf 85' lang='lat' dir='ltr'><strong>fnitlrumiliter</strong></span> <span class='ocrx_word' id='word_1_18' title='bbox 645 881 870 962; x_wconf 66' lang='lat' dir='ltr'>supplicatum,</span> <span class='ocrx_word' id='word_1_19' title='bbox 888 891 921 946; x_wconf 90' lang='lat' dir='ltr'><strong>rt</strong></span> <span class='ocrx_word' id='word_1_20' title='bbox 942 882 1078 947; x_wconf 88' lang='lat' dir='ltr'><strong>indicto</strong></span> <span class='ocrx_word' id='word_1_21' title='bbox 1101 881 1198 962; x_wconf 90' lang='lat' dir='ltr'><strong>opido</strong></span> <span class='ocrx_word' id='word_1_22' title='bbox 1212 881 1367 963; x_wconf 87' lang='lat' dir='ltr'><strong>gencrale</strong></span> 
     </span>
     <span class='ocr_line' id='line_1_5' title="bbox 277 979 1367 1063; baseline 0.002 -21"><span class='ocrx_word' id='word_1_23' title='bbox 277 979 455 1044; x_wconf 87' lang='lat' dir='ltr'><strong>litterarum</strong></span> <span class='ocrx_word' id='word_1_24' title='bbox 486 980 628 1044; x_wconf 91' lang='lat' dir='ltr'><strong>studium</strong></span> <span class='ocrx_word' id='word_1_25' title='bbox 659 980 689 1044; x_wconf 93' lang='lat' dir='ltr'><strong>in</strong></span> <span class='ocrx_word' id='word_1_26' title='bbox 716 981 857 1062; x_wconf 89' lang='lat' dir='ltr'><strong>qualibet</strong></span> <span class='ocrx_word' id='word_1_27' title='bbox 884 980 968 1046; x_wconf 90' lang='lat' dir='ltr'><strong>licita</strong></span> <span class='ocrx_word' id='word_1_28' title='bbox 1000 981 1150 1046; x_wconf 72' lang='lat' dir='ltr'><strong>facultate</strong></span> <span class='ocrx_word' id='word_1_29' title='bbox 1181 981 1305 1063; x_wconf 86' lang='lat' dir='ltr'><strong>erigere</strong></span> <span class='ocrx_word' id='word_1_30' title='bbox 1334 988 1367 1044; x_wconf 91' lang='lat' dir='ltr'><strong>et</strong></span> 
     </span>
     <span class='ocr_line' id='line_1_6' title="bbox 277 1079 1122 1162; baseline 0.001 -19"><span class='ocrx_word' id='word_1_31' title='bbox 277 1079 428 1144; x_wconf 90' lang='lat' dir='ltr'><strong>ordinare</strong></span> <span class='ocrx_word' id='word_1_32' title='bbox 443 1080 483 1143; x_wconf 92' lang='lat' dir='ltr'><strong>de</strong></span> <span class='ocrx_word' id='word_1_33' title='bbox 498 1079 693 1162; x_wconf 79' lang='lat' dir='ltr'><strong>benignitate</strong></span> <span class='ocrx_word' id='word_1_34' title='bbox 708 1080 886 1160; x_wconf 90' lang='lat' dir='ltr'><strong>apostolica</strong></span> <span class='ocrx_word' id='word_1_35' title='bbox 901 1079 1122 1161; x_wconf 90' lang='lat' dir='ltr'><strong>dignaremur.</strong></span> 
     </span>
    </p>
   </div>
   <div class='ocr_carea' id='block_1_3' title="bbox 448 1248 1180 1314">
    <p class='ocr_par' dir='ltr' id='par_1_3' title="bbox 448 1248 1180 1314">
     <span class='ocr_line' id='line_1_7' title="bbox 448 1248 1180 1314; baseline -0.001 -13"><span class='ocrx_word' id='word_1_36' title='bbox 448 1248 624 1302; x_wconf 44' lang='lat' dir='ltr'><strong>,Concessfcrt</strong></span> <span class='ocrx_word' id='word_1_37' title='bbox 642 1264 679 1302; x_wconf 84' lang='lat' dir='ltr'><strong>ou</strong></span> <span class='ocrx_word' id='word_1_38' title='bbox 698 1253 785 1302; x_wconf 83' lang='lat' dir='ltr'><strong>oclrot&#39;</strong></span> <span class='ocrx_word' id='word_1_39' title='bbox 803 1251 836 1301; x_wconf 81' lang='lat' dir='ltr'><strong>de</strong></span> <span class='ocrx_word' id='word_1_40' title='bbox 856 1252 885 1302; x_wconf 83' lang='lat' dir='ltr'><strong>lo</strong></span> <span class='ocrx_word' id='word_1_41' title='bbox 903 1255 1005 1314; x_wconf 78' lang='lat' dir='ltr'><strong>saecul·</strong></span> <span class='ocrx_word' id='word_1_42' title='bbox 1023 1249 1180 1302; x_wconf 64' lang='lat' dir='ltr'><strong>demandae.</strong></span> 
     </span>
    </p>
   </div>
   <div class='ocr_carea' id='block_1_4' title="bbox 272 1367 1368 3226">
    <p class='ocr_par' dir='ltr' id='par_1_4' title="bbox 272 1367 1368 3226">
     <span class='ocr_line' id='line_1_8' title="bbox 321 1367 1365 1451; baseline 0.004 -20"><span class='ocrx_word' id='word_1_43' title='bbox 321 1369 387 1433; x_wconf 89' lang='lat' dir='ltr'><strong>Nos</strong></span> <span class='ocrx_word' id='word_1_44' title='bbox 400 1368 559 1451; x_wconf 91' lang='lat' dir='ltr'><strong>igiturqui</strong></span> <span class='ocrx_word' id='word_1_45' title='bbox 573 1369 727 1434; x_wconf 76' lang='lat' dir='ltr'><strong>relatione</strong></span> <span class='ocrx_word' id='word_1_46' title='bbox 746 1369 807 1433; x_wconf 87' lang='lat' dir='ltr'><strong>lida</strong></span> <span class='ocrx_word' id='word_1_47' title='bbox 821 1379 894 1450; x_wconf 91' lang='lat' dir='ltr'><strong>post</strong></span> <span class='ocrx_word' id='word_1_48' title='bbox 906 1370 1163 1434; x_wconf 75' lang='lat' dir='ltr'><strong>informationem</strong></span> <span class='ocrx_word' id='word_1_49' title='bbox 1179 1367 1365 1449; x_wconf 79' lang='lat' dir='ltr'><strong>diligentem</strong></span> 
     </span>
     <span class='ocr_line' id='line_1_9' title="bbox 280 1467 1368 1549; baseline 0.003 -19"><span class='ocrx_word' id='word_1_50' title='bbox 280 1481 379 1547; x_wconf 87' lang='lat' dir='ltr'><strong>super</strong></span> <span class='ocrx_word' id='word_1_51' title='bbox 391 1467 554 1532; x_wconf 86' lang='lat' dir='ltr'><strong>habilitate</strong></span> <span class='ocrx_word' id='word_1_52' title='bbox 569 1468 631 1532; x_wconf 90' lang='lat' dir='ltr'><strong>loci</strong></span> <span class='ocrx_word' id='word_1_53' title='bbox 645 1475 676 1532; x_wconf 90' lang='lat' dir='ltr'><strong>et</strong></span> <span class='ocrx_word' id='word_1_54' title='bbox 691 1467 763 1548; x_wconf 78' lang='lat' dir='ltr'><strong>aliis</strong></span> <span class='ocrx_word' id='word_1_55' title='bbox 775 1467 1026 1549; x_wconf 75' lang='lat' dir='ltr'><strong>circumstantiis</strong></span> <span class='ocrx_word' id='word_1_56' title='bbox 1042 1468 1208 1549; x_wconf 87' lang='lat' dir='ltr'><strong>premissis</strong></span> <span class='ocrx_word' id='word_1_57' title='bbox 1224 1468 1264 1532; x_wconf 93' lang='lat' dir='ltr'><strong>de</strong></span> <span class='ocrx_word' id='word_1_58' title='bbox 1277 1483 1368 1533; x_wconf 80' lang='lat' dir='ltr'><strong>maa-</strong></span> 
     </span>
     <span class='ocr_line' id='line_1_10' title="bbox 279 1565 1366 1648; baseline -0.002 -18"><span class='ocrx_word' id='word_1_59' title='bbox 279 1567 354 1631; x_wconf 89' lang='lat' dir='ltr'><strong>dato</strong></span> <span class='ocrx_word' id='word_1_60' title='bbox 370 1575 482 1632; x_wconf 87' lang='lat' dir='ltr'><strong>nostro</strong></span> <span class='ocrx_word' id='word_1_61' title='bbox 497 1575 671 1647; x_wconf 90' lang='lat' dir='ltr'><strong>receptam,</strong></span> <span class='ocrx_word' id='word_1_62' title='bbox 689 1567 820 1646; x_wconf 92' lang='lat' dir='ltr'><strong>opidum</strong></span> <span class='ocrx_word' id='word_1_63' title='bbox 837 1567 941 1648; x_wconf 92' lang='lat' dir='ltr'><strong>ipsum</strong></span> <span class='ocrx_word' id='word_1_64' title='bbox 958 1569 1042 1633; x_wconf 88' lang='lat' dir='ltr'><strong>aeris</strong></span> <span class='ocrx_word' id='word_1_65' title='bbox 1062 1567 1217 1648; x_wconf 87' lang='lat' dir='ltr'><strong>temperie</strong></span> <span class='ocrx_word' id='word_1_66' title='bbox 1232 1565 1366 1645; x_wconf 87' lang='lat' dir='ltr'><strong>politum</strong></span> 
     </span>
     <span class='ocr_line' id='line_1_11' title="bbox 279 1664 1367 1748; baseline -0.001 -19"><span class='ocrx_word' id='word_1_67' title='bbox 279 1664 541 1746; x_wconf 87' lang='lat' dir='ltr'><strong>singularumque</strong></span> <span class='ocrx_word' id='word_1_68' title='bbox 563 1683 669 1730; x_wconf 90' lang='lat' dir='ltr'><strong>rerum</strong></span> <span class='ocrx_word' id='word_1_69' title='bbox 694 1667 834 1732; x_wconf 88' lang='lat' dir='ltr'><strong>humano</strong></span> <span class='ocrx_word' id='word_1_70' title='bbox 850 1666 919 1748; x_wconf 85' lang='lat' dir='ltr'><strong>vsuj</strong></span> <span class='ocrx_word' id='word_1_71' title='bbox 943 1666 1196 1732; x_wconf 82' lang='lat' dir='ltr'><strong>necessariarum</strong></span> <span class='ocrx_word' id='word_1_72' title='bbox 1220 1665 1367 1730; x_wconf 79' lang='lat' dir='ltr'><strong>abertate</strong></span> 
     </span>
     <span class='ocr_line' id='line_1_12' title="bbox 279 1761 1367 1846; baseline -0.002 -20"><span class='ocrx_word' id='word_1_73' title='bbox 279 1764 431 1829; x_wconf 89' lang='lat' dir='ltr'><strong>refertum</strong></span> <span class='ocrx_word' id='word_1_74' title='bbox 455 1774 485 1830; x_wconf 93' lang='lat' dir='ltr'><strong>et</strong></span> <span class='ocrx_word' id='word_1_75' title='bbox 508 1765 587 1830; x_wconf 89' lang='lat' dir='ltr'><strong>alias</strong></span> <span class='ocrx_word' id='word_1_76' title='bbox 611 1781 668 1846; x_wconf 89' lang='lat' dir='ltr'><strong>pro</strong></span> <span class='ocrx_word' id='word_1_77' title='bbox 691 1765 874 1830; x_wconf 86' lang='lat' dir='ltr'><strong>huiusmodi</strong></span> <span class='ocrx_word' id='word_1_78' title='bbox 892 1765 999 1830; x_wconf 87' lang='lat' dir='ltr'><strong>studio</strong></span> <span class='ocrx_word' id='word_1_79' title='bbox 1023 1766 1128 1830; x_wconf 91' lang='lat' dir='ltr'><strong>locum</strong></span> <span class='ocrx_word' id='word_1_80' title='bbox 1152 1773 1260 1844; x_wconf 85' lang='lat' dir='ltr'><strong>aptum</strong></span> <span class='ocrx_word' id='word_1_81' title='bbox 1283 1761 1367 1826; x_wconf 92' lang='lat' dir='ltr'><strong>didi·</strong></span> 
     </span>
     <span class='ocr_line' id='line_1_13' title="bbox 279 1859 1366 1945; baseline -0.001 -21"><span class='ocrx_word' id='word_1_82' title='bbox 279 1861 395 1936; x_wconf 90' lang='lat' dir='ltr'><strong>cimus,</strong></span> <span class='ocrx_word' id='word_1_83' title='bbox 424 1864 509 1943; x_wconf 90' lang='lat' dir='ltr'><strong>pium</strong></span> <span class='ocrx_word' id='word_1_84' title='bbox 541 1864 803 1945; x_wconf 72' lang='lat' dir='ltr'><strong>meritoriumque</strong></span> <span class='ocrx_word' id='word_1_85' title='bbox 834 1865 1020 1930; x_wconf 91' lang='lat' dir='ltr'><strong>eorumdem</strong></span> <span class='ocrx_word' id='word_1_86' title='bbox 1056 1865 1161 1937; x_wconf 89' lang='lat' dir='ltr'><strong>ducis,</strong></span> <span class='ocrx_word' id='word_1_87' title='bbox 1198 1859 1366 1941; x_wconf 88' lang='lat' dir='ltr'><strong>prepositi,</strong></span> 
     </span>
     <span class='ocr_line' id='line_1_14' title="bbox 279 1962 1368 2045; baseline -0.003 -17"><span class='ocrx_word' id='word_1_88' title='bbox 279 1962 402 2035; x_wconf 88' lang='lat' dir='ltr'><strong>decani,</strong></span> <span class='ocrx_word' id='word_1_89' title='bbox 417 1963 591 2036; x_wconf 77' lang='lat' dir='ltr'><strong>scolastici,</strong></span> <span class='ocrx_word' id='word_1_90' title='bbox 605 1963 749 2042; x_wconf 90' lang='lat' dir='ltr'><strong>capituli,</strong></span> <span class='ocrx_word' id='word_1_91' title='bbox 763 1964 1100 2045; x_wconf 87' lang='lat' dir='ltr'><strong>burgimagisttorum,</strong></span> <span class='ocrx_word' id='word_1_92' title='bbox 1115 1963 1318 2026; x_wconf 88' lang='lat' dir='ltr'><strong>scabinorum</strong></span> <span class='ocrx_word' id='word_1_93' title='bbox 1334 1968 1368 2026; x_wconf 83' lang='lat' dir='ltr'><strong>et</strong></span> 
     </span>
     <span class='ocr_line' id='line_1_15' title="bbox 278 2059 1366 2142; baseline -0.004 -16"><span class='ocrx_word' id='word_1_94' title='bbox 278 2059 516 2128; x_wconf 82' lang='lat' dir='ltr'><strong>communitatis</strong></span> <span class='ocrx_word' id='word_1_95' title='bbox 531 2060 740 2134; x_wconf 87' lang='lat' dir='ltr'><strong>desiderium,</strong></span> <span class='ocrx_word' id='word_1_96' title='bbox 756 2079 812 2142; x_wconf 91' lang='lat' dir='ltr'><strong>per</strong></span> <span class='ocrx_word' id='word_1_97' title='bbox 823 2064 906 2142; x_wconf 92' lang='lat' dir='ltr'><strong>quod</strong></span> <span class='ocrx_word' id='word_1_98' title='bbox 922 2061 1136 2127; x_wconf 85' lang='lat' dir='ltr'><strong>scienciarum</strong></span> <span class='ocrx_word' id='word_1_99' title='bbox 1150 2061 1234 2135; x_wconf 88' lang='lat' dir='ltr'><strong>fons,</strong></span> <span class='ocrx_word' id='word_1_100' title='bbox 1248 2076 1287 2124; x_wconf 85' lang='lat' dir='ltr'><strong>ea</strong></span> <span class='ocrx_word' id='word_1_101' title='bbox 1300 2075 1366 2139; x_wconf 92' lang='lat' dir='ltr'><strong>quo</strong></span> 
     </span>
     <span class='ocr_line' id='line_1_16' title="bbox 277 2156 1365 2241; baseline -0.005 -17"><span class='ocrx_word' id='word_1_102' title='bbox 277 2160 316 2224; x_wconf 90' lang='lat' dir='ltr'><strong>ad</strong></span> <span class='ocrx_word' id='word_1_103' title='bbox 332 2159 383 2223; x_wconf 91' lang='lat' dir='ltr'><strong>dci</strong></span> <span class='ocrx_word' id='word_1_104' title='bbox 400 2159 524 2223; x_wconf 91' lang='lat' dir='ltr'><strong>laudem</strong></span> <span class='ocrx_word' id='word_1_105' title='bbox 541 2168 573 2224; x_wconf 89' lang='lat' dir='ltr'><strong>et</strong></span> <span class='ocrx_word' id='word_1_106' title='bbox 588 2160 722 2239; x_wconf 79' lang='lat' dir='ltr'><strong>gloriam</strong></span> <span class='ocrx_word' id='word_1_107' title='bbox 740 2160 868 2224; x_wconf 81' lang='lat' dir='ltr'><strong>bannire</strong></span> <span class='ocrx_word' id='word_1_108' title='bbox 883 2160 1008 2241; x_wconf 84' lang='lat' dir='ltr'><strong>possint</strong></span> <span class='ocrx_word' id='word_1_109' title='bbox 1024 2159 1142 2241; x_wconf 90' lang='lat' dir='ltr'><strong>singuli</strong></span> <span class='ocrx_word' id='word_1_110' title='bbox 1159 2158 1218 2224; x_wconf 88' lang='lat' dir='ltr'><strong>uiri</strong></span> <span class='ocrx_word' id='word_1_111' title='bbox 1235 2156 1365 2237; x_wconf 77' lang='lat' dir='ltr'><strong>consilii</strong></span> 
     </span>
     <span class='ocr_line' id='line_1_17' title="bbox 279 2256 1365 2339; baseline -0.001 -19"><span class='ocrx_word' id='word_1_112' title='bbox 279 2258 460 2322; x_wconf 90' lang='lat' dir='ltr'><strong>maturitate</strong></span> <span class='ocrx_word' id='word_1_113' title='bbox 476 2258 651 2339; x_wconf 88' lang='lat' dir='ltr'><strong>perspicui,</strong></span> <span class='ocrx_word' id='word_1_114' title='bbox 669 2259 819 2324; x_wconf 88' lang='lat' dir='ltr'><strong>virtutum</strong></span> <span class='ocrx_word' id='word_1_115' title='bbox 836 2268 868 2322; x_wconf 91' lang='lat' dir='ltr'><strong>et</strong></span> <span class='ocrx_word' id='word_1_116' title='bbox 889 2259 1073 2339; x_wconf 88' lang='lat' dir='ltr'><strong>dogmatum</strong></span> <span class='ocrx_word' id='word_1_117' title='bbox 1091 2256 1365 2326; x_wconf 71' lang='lat' dir='ltr'><strong>ornatibus-redi-¹</strong></span> 
     </span>
     <span class='ocr_line' id='line_1_18' title="bbox 277 2355 1363 2437; baseline -0.002 -15"><span class='ocrx_word' id='word_1_118' title='bbox 277 2356 344 2422; x_wconf 88' lang='lat' dir='ltr'><strong>miti</strong></span> <span class='ocrx_word' id='word_1_119' title='bbox 370 2357 557 2430; x_wconf 88' lang='lat' dir='ltr'><strong>succedant,</strong></span> <span class='ocrx_word' id='word_1_120' title='bbox 584 2357 755 2437; x_wconf 89' lang='lat' dir='ltr'><strong>plurimum</strong></span> <span class='ocrx_word' id='word_1_121' title='bbox 778 2359 1055 2432; x_wconf 86' lang='lat' dir='ltr'><strong>commendantes,</strong></span> <span class='ocrx_word' id='word_1_122' title='bbox 1074 2355 1259 2422; x_wconf 84' lang='lat' dir='ltr'><strong>huiusmodi</strong></span> <span class='ocrx_word' id='word_1_123' title='bbox 1288 2373 1363 2434; x_wconf 90' lang='lat' dir='ltr'><strong>sup·</strong></span> 
     </span>
     <span class='ocr_line' id='line_1_19' title="bbox 277 2455 1365 2538; baseline 0 -19"><span class='ocrx_word' id='word_1_124' title='bbox 277 2455 503 2537; x_wconf 88' lang='lat' dir='ltr'><strong>plicationibus</strong></span> <span class='ocrx_word' id='word_1_125' title='bbox 517 2456 659 2520; x_wconf 89' lang='lat' dir='ltr'><strong>inclinati</strong></span> <span class='ocrx_word' id='word_1_126' title='bbox 672 2457 862 2521; x_wconf 88' lang='lat' dir='ltr'><strong>auctoritate</strong></span> <span class='ocrx_word' id='word_1_127' title='bbox 874 2457 1050 2538; x_wconf 89' lang='lat' dir='ltr'><strong>apostolica</strong></span> <span class='ocrx_word' id='word_1_128' title='bbox 1065 2455 1263 2536; x_wconf 89' lang='lat' dir='ltr'><strong>presentium</strong></span> <span class='ocrx_word' id='word_1_129' title='bbox 1278 2455 1365 2520; x_wconf 88' lang='lat' dir='ltr'><strong>serie</strong></span> 
     </span>
     <span class='ocr_line' id='line_1_20' title="bbox 274 2552 1366 2637; baseline 0 -19"><span class='ocrx_word' id='word_1_130' title='bbox 274 2555 445 2618; x_wconf 85' lang='lat' dir='ltr'><strong>statuimus</strong></span> <span class='ocrx_word' id='word_1_131' title='bbox 460 2563 490 2618; x_wconf 93' lang='lat' dir='ltr'><strong>et</strong></span> <span class='ocrx_word' id='word_1_132' title='bbox 511 2555 611 2618; x_wconf 92' lang='lat' dir='ltr'><strong>eciam</strong></span> <span class='ocrx_word' id='word_1_133' title='bbox 635 2556 834 2630; x_wconf 85' lang='lat' dir='ltr'><strong>ordinamus,</strong></span> <span class='ocrx_word' id='word_1_134' title='bbox 852 2556 937 2637; x_wconf 92' lang='lat' dir='ltr'><strong>quod</strong></span> <span class='ocrx_word' id='word_1_135' title='bbox 962 2555 1087 2620; x_wconf 89' lang='lat' dir='ltr'><strong>amodo·</strong></span> <span class='ocrx_word' id='word_1_136' title='bbox 1102 2553 1133 2618; x_wconf 93' lang='lat' dir='ltr'><strong>in</strong></span> <span class='ocrx_word' id='word_1_137' title='bbox 1156 2553 1243 2618; x_wconf 89' lang='lat' dir='ltr'><strong>dicto</strong></span> <span class='ocrx_word' id='word_1_138' title='bbox 1267 2552 1366 2633; x_wconf 89' lang='lat' dir='ltr'><strong>opido</strong></span> 
     </span>
     <span class='ocr_line' id='line_1_21' title="bbox 273 2651 1365 2734; baseline -0.003 -17"><span class='ocrx_word' id='word_1_139' title='bbox 273 2653 423 2733; x_wconf 87' lang='lat' dir='ltr'><strong>generale</strong></span> <span class='ocrx_word' id='word_1_140' title='bbox 446 2653 478 2714; x_wconf 96' lang='lat' dir='ltr'><strong>in</strong></span> <span class='ocrx_word' id='word_1_141' title='bbox 496 2653 648 2718; x_wconf 81' lang='lat' dir='ltr'><strong>facultate</strong></span> <span class='ocrx_word' id='word_1_142' title='bbox 670 2654 823 2732; x_wconf 87' lang='lat' dir='ltr'><strong>qualibet,</strong></span> <span class='ocrx_word' id='word_1_143' title='bbox 843 2664 1046 2734; x_wconf 78' lang='lat' dir='ltr'><strong>preterquam</strong></span> <span class='ocrx_word' id='word_1_144' title='bbox 1071 2653 1103 2716; x_wconf 94' lang='lat' dir='ltr'><strong>in</strong></span> <span class='ocrx_word' id='word_1_145' title='bbox 1119 2651 1303 2732; x_wconf 84' lang='lat' dir='ltr'><strong>Tlteologia,</strong></span> <span class='ocrx_word' id='word_1_146' title='bbox 1321 2651 1365 2714; x_wconf 90' lang='lat' dir='ltr'><strong>sit</strong></span> 
     </span>
     <span class='ocr_line' id='line_1_22' title="bbox 273 2750 1367 2833; baseline 0.004 -19"><span class='ocrx_word' id='word_1_147' title='bbox 273 2750 428 2826; x_wconf 87' lang='lat' dir='ltr'><strong>studium,</strong></span> <span class='ocrx_word' id='word_1_148' title='bbox 440 2751 586 2833; x_wconf 76' lang='lat' dir='ltr'><strong>illudque</strong></span> <span class='ocrx_word' id='word_1_149' title='bbox 603 2752 767 2832; x_wconf 89' lang='lat' dir='ltr'><strong>perpetuis</strong></span> <span class='ocrx_word' id='word_1_150' title='bbox 783 2752 901 2817; x_wconf 88' lang='lat' dir='ltr'><strong>futuris</strong></span> <span class='ocrx_word' id='word_1_151' title='bbox 918 2752 1117 2832; x_wconf 83' lang='lat' dir='ltr'><strong>temporibus</strong></span> <span class='ocrx_word' id='word_1_152' title='bbox 1129 2751 1247 2816; x_wconf 86' lang='lat' dir='ltr'><strong>ibidem</strong></span> <span class='ocrx_word' id='word_1_153' title='bbox 1261 2752 1367 2831; x_wconf 84' lang='lat' dir='ltr'><strong>vigeat</strong></span> 
     </span>
     <span class='ocr_line' id='line_1_23' title="bbox 272 2849 1362 2932; baseline 0.002 -18"><span class='ocrx_word' id='word_1_154' title='bbox 272 2859 304 2914; x_wconf 90' lang='lat' dir='ltr'><strong>et</strong></span> <span class='ocrx_word' id='word_1_155' title='bbox 319 2849 529 2923; x_wconf 72' lang='lat' dir='ltr'><strong>obseruatum</strong></span> <span class='ocrx_word' id='word_1_156' title='bbox 543 2852 699 2932; x_wconf 89' lang='lat' dir='ltr'><strong>quodque</strong></span> <span class='ocrx_word' id='word_1_157' title='bbox 715 2867 829 2916; x_wconf 89' lang='lat' dir='ltr'><strong>omnes</strong></span> <span class='ocrx_word' id='word_1_158' title='bbox 851 2861 883 2916; x_wconf 93' lang='lat' dir='ltr'><strong>et</strong></span> <span class='ocrx_word' id='word_1_159' title='bbox 900 2851 1018 2932; x_wconf 86' lang='lat' dir='ltr'><strong>singuli</strong></span> <span class='ocrx_word' id='word_1_160' title='bbox 1034 2851 1200 2924; x_wconf 89' lang='lat' dir='ltr'><strong>doctores,</strong></span> <span class='ocrx_word' id='word_1_161' title='bbox 1217 2851 1362 2930; x_wconf 82' lang='lat' dir='ltr'><strong>magistri</strong></span> 
     </span>
     <span class='ocr_line' id='line_1_24' title="bbox 274 2947 1366 3030; baseline 0.004 -18"><span class='ocrx_word' id='word_1_162' title='bbox 274 2955 306 3012; x_wconf 93' lang='lat' dir='ltr'><strong>et</strong></span> <span class='ocrx_word' id='word_1_163' title='bbox 321 2948 464 3013; x_wconf 88' lang='lat' dir='ltr'><strong>scolares</strong></span> <span class='ocrx_word' id='word_1_164' title='bbox 481 2949 558 3012; x_wconf 91' lang='lat' dir='ltr'><strong>inibi</strong></span> <span class='ocrx_word' id='word_1_165' title='bbox 575 2949 725 3013; x_wconf 92' lang='lat' dir='ltr'><strong>omnibus</strong></span> <span class='ocrx_word' id='word_1_166' title='bbox 748 2960 779 3014; x_wconf 93' lang='lat' dir='ltr'><strong>et</strong></span> <span class='ocrx_word' id='word_1_167' title='bbox 795 2949 930 3030; x_wconf 88' lang='lat' dir='ltr'><strong>singulis</strong></span> <span class='ocrx_word' id='word_1_168' title='bbox 952 2948 1165 3025; x_wconf 86' lang='lat' dir='ltr'><strong>libertatibus,</strong></span> <span class='ocrx_word' id='word_1_169' title='bbox 1184 2947 1366 3016; x_wconf 75' lang='lat' dir='ltr'><strong>immuniter</strong></span> 
     </span>
     <span class='ocr_line' id='line_1_25' title="bbox 275 3047 1367 3128; baseline 0.001 -16"><span class='ocrx_word' id='word_1_170' title='bbox 275 3047 362 3112; x_wconf 88' lang='lat' dir='ltr'><strong>tibus</strong></span> <span class='ocrx_word' id='word_1_171' title='bbox 376 3057 409 3112; x_wconf 88' lang='lat' dir='ltr'><strong>et</strong></span> <span class='ocrx_word' id='word_1_172' title='bbox 424 3047 638 3128; x_wconf 85' lang='lat' dir='ltr'><strong>indulgenoijs</strong></span> <span class='ocrx_word' id='word_1_173' title='bbox 654 3047 823 3128; x_wconf 84' lang='lat' dir='ltr'><strong>quibusvis</strong></span> <span class='ocrx_word' id='word_1_174' title='bbox 839 3047 1040 3123; x_wconf 68' lang='lat' dir='ltr'><strong>doctoribus</strong></span> <span class='ocrx_word' id='word_1_175' title='bbox 1060 3047 1222 3128; x_wconf 86' lang='lat' dir='ltr'><strong>magistris</strong></span> <span class='ocrx_word' id='word_1_176' title='bbox 1242 3056 1278 3118; x_wconf 83' lang='lat' dir='ltr'><strong>¹et</strong></span> <span class='ocrx_word' id='word_1_177' title='bbox 1293 3061 1367 3114; x_wconf 64' lang='lat' dir='ltr'><strong>scor</strong></span> 
     </span>
     <span class='ocr_line' id='line_1_26' title="bbox 277 3144 1368 3226; baseline 0 -17"><span class='ocrx_word' id='word_1_178' title='bbox 277 3145 400 3210; x_wconf 91' lang='lat' dir='ltr'><strong>laribus</strong></span> <span class='ocrx_word' id='word_1_179' title='bbox 416 3146 561 3219; x_wconf 72' lang='lat' dir='ltr'><strong>colonie,</strong></span> <span class='ocrx_word' id='word_1_180' title='bbox 579 3145 714 3210; x_wconf 87' lang='lat' dir='ltr'><strong>Wienne</strong></span> <span class='ocrx_word' id='word_1_181' title='bbox 733 3162 772 3210; x_wconf 87' lang='lat' dir='ltr'><strong>ac</strong></span> <span class='ocrx_word' id='word_1_182' title='bbox 788 3145 965 3226; x_wconf 70' lang='lat' dir='ltr'><strong>Lipzensis</strong></span> <span class='ocrx_word' id='word_1_183' title='bbox 985 3145 1185 3210; x_wconf 84' lang='lat' dir='ltr'><strong>Patauiensis</strong></span> <span class='ocrx_word' id='word_1_184' title='bbox 1201 3155 1233 3211; x_wconf 88' lang='lat' dir='ltr'><strong>ct</strong></span> <span class='ocrx_word' id='word_1_185' title='bbox 1250 3144 1368 3210; x_wconf 87' lang='lat' dir='ltr'><strong>tlerse·</strong></span> 
     </span>
    </p>
   </div>
   <div class='ocr_carea' id='block_1_5' title="bbox 275 3243 1369 3520">
    <p class='ocr_par' dir='ltr' id='par_1_5' title="bbox 275 3243 1369 3520">
     <span class='ocr_line' id='line_1_27' title="bbox 276 3243 1369 3326; baseline 0 -20"><span class='ocrx_word' id='word_1_186' title='bbox 276 3243 450 3324; x_wconf 89' lang='lat' dir='ltr'><strong>burgensis</strong></span> <span class='ocrx_word' id='word_1_187' title='bbox 463 3243 650 3324; x_wconf 83' lang='lat' dir='ltr'><strong>dyocesium</strong></span> <span class='ocrx_word' id='word_1_188' title='bbox 664 3243 783 3324; x_wconf 89' lang='lat' dir='ltr'><strong>opidis,</strong></span> <span class='ocrx_word' id='word_1_189' title='bbox 797 3243 893 3326; x_wconf 90' lang='lat' dir='ltr'><strong>studij</strong></span> <span class='ocrx_word' id='word_1_190' title='bbox 908 3261 1006 3310; x_wconf 89' lang='lat' dir='ltr'><strong>causa</strong></span> <span class='ocrx_word' id='word_1_191' title='bbox 1022 3243 1297 3314; x_wconf 83' lang='lat' dir='ltr'><strong>commorantibus</strong></span> <span class='ocrx_word' id='word_1_192' title='bbox 1310 3258 1369 3321; x_wconf 91' lang='lat' dir='ltr'><strong>per</strong></span> 
     </span>
     <span class='ocr_line' id='line_1_28' title="bbox 275 3341 1368 3424; baseline -0.002 -18"><span class='ocrx_word' id='word_1_193' title='bbox 275 3341 389 3406; x_wconf 88' lang='lat' dir='ltr'><strong>Sedem</strong></span> <span class='ocrx_word' id='word_1_194' title='bbox 406 3342 616 3422; x_wconf 89' lang='lat' dir='ltr'><strong>apostolicam</strong></span> <span class='ocrx_word' id='word_1_195' title='bbox 641 3343 690 3406; x_wconf 88' lang='lat' dir='ltr'><strong>vel</strong></span> <span class='ocrx_word' id='word_1_196' title='bbox 707 3342 788 3406; x_wconf 88' lang='lat' dir='ltr'><strong>alias</strong></span> <span class='ocrx_word' id='word_1_197' title='bbox 804 3343 1083 3424; x_wconf 88' lang='lat' dir='ltr'><strong>qualitercumque</strong></span> <span class='ocrx_word' id='word_1_198' title='bbox 1107 3341 1274 3407; x_wconf 81' lang='lat' dir='ltr'><strong>concessis</strong></span> <span class='ocrx_word' id='word_1_199' title='bbox 1289 3356 1368 3423; x_wconf 88' lang='lat' dir='ltr'><strong>gau·</strong></span> 
     </span>
     <span class='ocr_line' id='line_1_29' title="bbox 277 3439 1360 3520; baseline 0 -15"><span class='ocrx_word' id='word_1_200' title='bbox 277 3439 373 3505; x_wconf 89' lang='lat' dir='ltr'><strong>deant</strong></span> <span class='ocrx_word' id='word_1_201' title='bbox 389 3440 509 3520; x_wconf 90' lang='lat' dir='ltr'><strong>pariter</strong></span> <span class='ocrx_word' id='word_1_202' title='bbox 524 3449 557 3505; x_wconf 92' lang='lat' dir='ltr'><strong>et</strong></span> <span class='ocrx_word' id='word_1_203' title='bbox 571 3450 713 3505; x_wconf 80' lang='lat' dir='ltr'><strong>utantur.</strong></span> <span class='ocrx_word' id='word_1_204' title='bbox 1357 3475 1360 3482; x_wconf 91' lang='lat'>·</span> 
     </span>
    </p>
   </div>
   <div class='ocr_carea' id='block_1_6' title="bbox 487 3606 1158 3671">
    <p class='ocr_par' dir='ltr' id='par_1_6' title="bbox 487 3606 1158 3671">
     <span class='ocr_line' id='line_1_30' title="bbox 487 3606 1158 3671; baseline 0.006 -14"><span class='ocrx_word' id='word_1_205' title='bbox 487 3606 667 3671; x_wconf 76' lang='lat' dir='ltr'><strong>De&#39;sfpnotfon</strong></span> <span class='ocrx_word' id='word_1_206' title='bbox 686 3611 724 3658; x_wconf 84' lang='lat' dir='ltr'><strong>du</strong></span> <span class='ocrx_word' id='word_1_207' title='bbox 743 3609 899 3661; x_wconf 76' lang='lat' dir='ltr'><strong>oaoncetter</strong></span> <span class='ocrx_word' id='word_1_208' title='bbox 917 3613 951 3662; x_wconf 77' lang='lat' dir='ltr'><strong>do</strong></span> <span class='ocrx_word' id='word_1_209' title='bbox 969 3608 1158 3662; x_wconf 84' lang='lat' dir='ltr'><strong>l&#39;Unfcersfte&#39;.</strong></span> 
     </span>
    </p>
   </div>
   <div class='ocr_carea' id='block_1_7' title="bbox 277 3725 1372 4304">
    <p class='ocr_par' dir='ltr' id='par_1_7' title="bbox 277 3725 1372 4304">
     <span class='ocr_line' id='line_1_31' title="bbox 320 3725 1370 3809; baseline -0.001 -18"><span class='ocrx_word' id='word_1_210' title='bbox 320 3725 440 3809; x_wconf 89' lang='lat' dir='ltr'><strong>Singuli</strong></span> <span class='ocrx_word' id='word_1_211' title='bbox 454 3743 532 3792; x_wconf 90' lang='lat' dir='ltr'><strong>vero</strong></span> <span class='ocrx_word' id='word_1_212' title='bbox 547 3727 600 3808; x_wconf 92' lang='lat' dir='ltr'><strong>qui</strong></span> <span class='ocrx_word' id='word_1_213' title='bbox 613 3745 711 3792; x_wconf 88' lang='lat' dir='ltr'><strong>cursu</strong></span> <span class='ocrx_word' id='word_1_214' title='bbox 725 3728 862 3796; x_wconf 85' lang='lat' dir='ltr'><strong>feliciter</strong></span> <span class='ocrx_word' id='word_1_215' title='bbox 876 3738 1101 3794; x_wconf 91' lang='lat' dir='ltr'><strong>consummato</strong></span> <span class='ocrx_word' id='word_1_216' title='bbox 1117 3728 1149 3792; x_wconf 95' lang='lat' dir='ltr'><strong>in</strong></span> <span class='ocrx_word' id='word_1_217' title='bbox 1164 3744 1200 3793; x_wconf 91' lang='lat' dir='ltr'><strong>ea</strong></span> <span class='ocrx_word' id='word_1_218' title='bbox 1220 3727 1370 3792; x_wconf 81' lang='lat' dir='ltr'><strong>facultate</strong></span> 
     </span>
     <span class='ocr_line' id='line_1_32' title="bbox 277 3825 1367 3907; baseline -0.002 -17"><span class='ocrx_word' id='word_1_219' title='bbox 277 3841 339 3907; x_wconf 93' lang='lat' dir='ltr'><strong>qua</strong></span> <span class='ocrx_word' id='word_1_220' title='bbox 355 3825 537 3890; x_wconf 87' lang='lat' dir='ltr'><strong>huiusmodi</strong></span> <span class='ocrx_word' id='word_1_221' title='bbox 556 3827 705 3892; x_wconf 81' lang='lat' dir='ltr'><strong>inuasere</strong></span> <span class='ocrx_word' id='word_1_222' title='bbox 720 3827 829 3892; x_wconf 89' lang='lat' dir='ltr'><strong>studio</strong></span> <span class='ocrx_word' id='word_1_223' title='bbox 846 3828 992 3892; x_wconf 90' lang='lat' dir='ltr'><strong>brauium</strong></span> <span class='ocrx_word' id='word_1_224' title='bbox 1008 3828 1154 3892; x_wconf 91' lang='lat' dir='ltr'><strong>obtinere</strong></span> <span class='ocrx_word' id='word_1_225' title='bbox 1176 3825 1367 3902; x_wconf 86' lang='lat' dir='ltr'><strong>meruerint,</strong></span> 
     </span>
     <span class='ocr_line' id='line_1_33' title="bbox 278 3924 1371 4005; baseline 0 -17"><span class='ocrx_word' id='word_1_226' title='bbox 278 3924 405 4005; x_wconf 89' lang='lat' dir='ltr'><strong>sibique</strong></span> <span class='ocrx_word' id='word_1_227' title='bbox 420 3924 520 3989; x_wconf 88' lang='lat' dir='ltr'><strong>eciam</strong></span> <span class='ocrx_word' id='word_1_228' title='bbox 537 3925 747 4004; x_wconf 83' lang='lat' dir='ltr'><strong>proeliorum</strong></span> <span class='ocrx_word' id='word_1_229' title='bbox 770 3927 973 3993; x_wconf 89' lang='lat' dir='ltr'><strong>erudimentc</strong></span> <span class='ocrx_word' id='word_1_230' title='bbox 989 3926 1127 3992; x_wconf 91' lang='lat' dir='ltr'><strong>docendi</strong></span> <span class='ocrx_word' id='word_1_231' title='bbox 1148 3925 1314 3990; x_wconf 89' lang='lat' dir='ltr'><strong>licenciam</strong></span> <span class='ocrx_word' id='word_1_232' title='bbox 1331 3939 1371 3988; x_wconf 86' lang='lat' dir='ltr'><strong>ac</strong></span> 
     </span>
     <span class='ocr_line' id='line_1_34' title="bbox 279 4023 1372 4108; baseline 0.001 -21"><span class='ocrx_word' id='word_1_233' title='bbox 279 4024 466 4088; x_wconf 89' lang='lat' dir='ltr'><strong>doctoratus</strong></span> <span class='ocrx_word' id='word_1_234' title='bbox 489 4023 560 4088; x_wconf 89' lang='lat' dir='ltr'><strong>siue</strong></span> <span class='ocrx_word' id='word_1_235' title='bbox 586 4024 760 4104; x_wconf 78' lang='lat' dir='ltr'><strong>magisterii</strong></span> <span class='ocrx_word' id='word_1_236' title='bbox 788 4025 943 4090; x_wconf 89' lang='lat' dir='ltr'><strong>bonorem</strong></span> <span class='ocrx_word' id='word_1_237' title='bbox 970 4025 1120 4108; x_wconf 89' lang='lat' dir='ltr'><strong>petierint</strong></span> <span class='ocrx_word' id='word_1_238' title='bbox 1145 4023 1288 4104; x_wconf 89' lang='lat' dir='ltr'><strong>elargiri,</strong></span> <span class='ocrx_word' id='word_1_239' title='bbox 1314 4039 1372 4104; x_wconf 92' lang='lat' dir='ltr'><strong>per</strong></span> 
     </span>
     <span class='ocr_line' id='line_1_35' title="bbox 278 4120 1370 4206; baseline -0.001 -21"><span class='ocrx_word' id='word_1_240' title='bbox 278 4120 425 4202; x_wconf 77' lang='lat' dir='ltr'><strong>ipsorum</strong></span> <span class='ocrx_word' id='word_1_241' title='bbox 442 4121 519 4184; x_wconf 91' lang='lat' dir='ltr'><strong>inibi</strong></span> <span class='ocrx_word' id='word_1_242' title='bbox 534 4123 687 4188; x_wconf 89' lang='lat' dir='ltr'><strong>doctores</strong></span> <span class='ocrx_word' id='word_1_243' title='bbox 706 4125 777 4188; x_wconf 90' lang='lat' dir='ltr'><strong>siue</strong></span> <span class='ocrx_word' id='word_1_244' title='bbox 793 4125 966 4205; x_wconf 90' lang='lat' dir='ltr'><strong>magistros</strong></span> <span class='ocrx_word' id='word_1_245' title='bbox 983 4123 1159 4206; x_wconf 84' lang='lat' dir='ltr'><strong>preposito,</strong></span> <span class='ocrx_word' id='word_1_246' title='bbox 1175 4138 1270 4204; x_wconf 85' lang='lat' dir='ltr'><strong>quern</strong></span> <span class='ocrx_word' id='word_1_247' title='bbox 1287 4121 1370 4186; x_wconf 85' lang='lat' dir='ltr'><strong>Can-</strong></span> 
     </span>
     <span class='ocr_line' id='line_1_36' title="bbox 281 4219 1371 4304; baseline 0.002 -20"><span class='ocrx_word' id='word_1_248' title='bbox 281 4219 447 4304; x_wconf 88' lang='lat' dir='ltr'><strong>cellarium</strong></span> <span class='ocrx_word' id='word_1_249' title='bbox 463 4220 559 4304; x_wconf 72' lang='lat' dir='ltr'><strong>studii</strong></span> <span class='ocrx_word' id='word_1_250' title='bbox 576 4221 608 4284; x_wconf 94' lang='lat' dir='ltr'><strong>in</strong></span> <span class='ocrx_word' id='word_1_251' title='bbox 624 4221 722 4302; x_wconf 93' lang='lat' dir='ltr'><strong>opido</strong></span> <span class='ocrx_word' id='word_1_252' title='bbox 739 4223 923 4290; x_wconf 81' lang='lat' dir='ltr'><strong>liuiusmodi</strong></span> <span class='ocrx_word' id='word_1_253' title='bbox 947 4239 1020 4288; x_wconf 89' lang='lat' dir='ltr'><strong>esse</strong></span> <span class='ocrx_word' id='word_1_254' title='bbox 1042 4232 1196 4304; x_wconf 90' lang='lat' dir='ltr'><strong>perpetuo</strong></span> <span class='ocrx_word' id='word_1_255' title='bbox 1218 4223 1371 4288; x_wconf 88' lang='lat' dir='ltr'><strong>volumus</strong></span> 
     </span>
    </p>
   </div>
   <div class='ocr_carea' id='block_1_8' title="bbox 0 0 1565 4932">
    <p class='ocr_par' dir='ltr' id='par_1_8' title="bbox 0 0 1565 4932">
     <span class='ocr_line' id='line_1_37' title="bbox 0 0 1565 4932; baseline 0 0"><span class='ocrx_word' id='word_1_256' title='bbox 0 0 1565 4932; x_wconf 95' lang='lat' dir='ltr'><strong> </strong></span> 
     </span>
    </p>
   </div>
  </div>
 </body>
</html>
