3246 4944
251 587 341 652 solus
357 587 480 668 recipit,
498 605 579 670 quae
594 588 625 652 in
641 595 779 670 quatuor
794 591 996 671 professores
1008 587 1097 670 juxta
1114 587 1335 654 visitationem

251 687 349 751 dividi
386 696 417 752 et
452 687 599 752 distribui
630 688 795 753 deberent.
828 689 908 752 llinc
937 687 1124 752 aestimatur
1153 689 1238 769 quod
1270 705 1334 753 nou

251 787 379 852 lestinet
404 787 522 852 babere
548 787 774 864 condoctores,
804 797 835 852 ut
862 787 989 852 interim
1020 787 1111 852 solus
1142 787 1243 869 magis
1273 787 1334 852 sibi

252 885 446 951 fructificare
462 885 576 967 possit.

293 1034 353 1100 Pro
379 1036 520 1101 remedio
548 1035 709 1101 communi
732 1035 853 1118 judicio
880 1035 1031 1118 expedire
1060 1045 1197 1117 putatur,
1223 1036 1274 1100 cui
1302 1045 1334 1101 et

250 1134 370 1199 accedo
399 1157 405 1196 :
431 1135 462 1196 Ιο
488 1144 520 1199 ut
545 1135 607 1198 Sua
634 1135 829 1200 Excellentia
851 1135 1000 1216 dignetur
1026 1134 1176 1200 mandare
1202 1134 1334 1200 domino

251 1231 357 1296 bierix
375 1233 442 1314 (l),
471 1233 525 1314 qni
555 1234 679 1314 optinet
710 1231 803 1299 unam
834 1233 1004 1298 lectionem
1036 1233 1232 1314 primariam.
1263 1234 1334 1298 sine

249 1329 400 1396 dilatione
422 1331 588 1413 suscipere
611 1334 744 1413 gradum
768 1333 983 1408 doctoralem;
1012 1333 1044 1395 2⁰
1071 1341 1104 1397 nt
1130 1333 1182 1396 aiii
1211 1333 1334 1414 proles·

249 1446 342 1495 sores
371 1430 523 1496 ordinarii
553 1430 648 1496 etiam
678 1441 835 1514 cogantur
868 1432 907 1495 ad
938 1431 1177 1512 susceptionem
1213 1432 1333 1514 gradus

249 1529 435 1605 doctoralis,
468 1530 528 1596 sub
559 1547 660 1613 poena
690 1531 915 1613 suspensionis
948 1531 1098 1612 stipendii
1137 1531 1198 1602 sui,
1229 1532 1333 1596 donec

249 1627 337 1693 illum
351 1631 566 1711 susceperint.

291 1729 441 1795 Deiectus
467 1730 686 1811 professorum
713 1729 744 1792 in
772 1731 831 1794 bac
861 1730 1010 1796 facultate
1037 1737 1165 1811 putatur
1190 1729 1267 1794 oriri
1295 1746 1334 1794 ex

250 1828 402 1909 parcitate
431 1829 583 1909 stipendii
613 1839 645 1895 el
673 1829 799 1896 deiectu
830 1829 1063 1894 fundationum.
1095 1829 1214 1894 Omnes
1248 1829 1334 1894 enim

248 1937 408 2008 coguntur
429 1929 560 1994 studere
584 1929 723 2009 propriis
746 1927 896 2009 expensis
919 1936 961 2005 et,
981 1936 1075 2009 prout
1091 1927 1241 1994 licentiati
1260 1928 1332 1992 iacti

249 2034 334 2101 sunl,
359 2026 604 2093 Universitatem
632 2027 787 2093 deserunt
813 2034 844 2092 et
870 2027 958 2108 praxi
985 2043 1021 2092 se
1047 2025 1206 2108 applicant
1231 2027 1333 2109 gratia

248 2125 340 2192 lucri.

290 2225 346 2290 list
369 2241 465 2291 unum
488 2225 656 2309 collegium
681 2242 739 2307 pro
757 2225 901 2301 medicis,
918 2224 1002 2307 quod
1020 2233 1154 2290 vocatur
1169 2223 1331 2306 Brugelia-

249 2341 336 2399 num,
362 2325 392 2388 in
417 2342 479 2406 ouo
503 2342 623 2407 paucae
646 2334 721 2390 sunt
743 2325 859 2390 bursae
881 2332 912 2390 ct
935 2341 998 2389 non
1015 2323 1158 2405 integrae
1176 2347 1182 2386 :
1203 2339 1333 2404 praeses

248 2431 353 2503 potest
379 2439 452 2488 esse
478 2425 664 2504 capellanus
691 2424 792 2488 sancti
818 2423 914 2487 Petri.
933 2421 1024 2499 ilinc,
1043 2423 1116 2503 quia
1145 2422 1334 2503 provisores

247 2531 321 2588 sunt
351 2523 492 2588 decanus
522 2523 624 2588 saneti
655 2523 756 2616 Petri3
789 2539 920 2603 praeses
951 2523 1077 2604 collegii
1109 2522 1269 2603 trilinguis
1300 2531 1334 2587 et

247 2623 389 2688 decanus
416 2623 576 2688 facultatis
598 2622 752 2696 medicae,
776 2623 839 2687 duo
863 2622 1046 2702 praevalent
1073 2621 1147 2686 buic
1170 2620 1276 2695 tertio,
1301 2632 1333 2686 et

249 2741 362 2805 nuper,
395 2725 624 2805 praetermisso
661 2724 785 2790 medico
818 2724 962 2805 apprime
992 2724 1120 2800 idoneo,
1153 2733 1331 2804 posuerunt

248 2824 446 2906 capellanum
462 2825 564 2889 sancti
582 2825 685 2900 Petri;
701 2823 825 2888 ratione
847 2822 940 2903 cujus
962 2823 1015 2887 ille
1037 2821 1181 2888 deseruit
1197 2821 1330 2886 Univer-

248 2923 372 2988 sitalem
390 2939 461 2988 cum
479 2922 674 3004 praejudicio
690 2922 808 3004 publici
820 2921 876 3004 (Ι).

290 3071 351 3136 Pro
374 3071 502 3151 aliquali
527 3071 668 3135 remedio
690 3070 913 3136 ordenandum
938 3079 1024 3134 esset
1048 3077 1091 3144 ut,
1118 3069 1245 3151 quando
1273 3085 1331 3150 pro

248 3169 460 3250 praesidentia
476 3169 551 3234 dicti
568 3169 694 3250 collegii
710 3167 805 3234 offert
820 3186 856 3234 sc
873 3169 1016 3233 medicus
1032 3169 1070 3232 ad
1086 3167 1330 3249 praesidentiam

246 3269 394 3344 idoneus,
414 3267 643 3350 praeferendus
659 3268 702 3333 sit
716 3268 882 3350 capellano
899 3267 1000 3332 sancti
1018 3266 1117 3332 Petri.

764 3439 817 3502 el.

289 3597 433 3664 Visilalio
456 3597 566 3663 statuit
582 3605 620 3661 nl
641 3615 750 3662 cernue
768 3614 827 3679 pto
850 3595 1057 3660 baccalaurus
1079 3598 1119 3660 eit
1142 3597 1233 3660 utrius
1256 3598 1331 3660 errati

283 3899 319 3973 (Ι)
338 3900 407 3954 Jean
422 3898 545 3970 Baptiste
560 3898 680 3966 Dionen,
691 3899 724 3952 de
737 3898 892 3964 Bruxelles‚
904 3896 1019 3952 licencia
1032 3913 1066 3950 en
1081 3895 1220 3951 medecina
1234 3896 1332 3968 dapnis

247 3991 273 4044 le
297 3991 326 4044 ll
348 3992 499 4061 septembre
523 3990 603 4058 1648,
619 3992 661 4045 ful
679 3989 778 4053 admis‚
793 3988 820 4042 le
838 3988 874 4044 26
890 3989 952 4057 juin
977 3987 1057 4050 1673,
1073 3988 1171 4043 blaise
1185 4005 1227 4043 ees
1242 3987 1333 4041 theses

246 4079 449 4151 preliminaires
462 4082 497 4134 du
512 4082 645 4136 doctoral.
663 4081 684 4134 ΙΙ
699 4097 733 4133 ne
746 4081 788 4133 fut
801 4079 953 4150 cependanl
963 4078 1065 4149 jamnis
1079 4096 1175 4149 proma
1191 4079 1331 4134 solennel-

246 4170 348 4226 lement
361 4191 394 4227 eu
409 4173 494 4242 grado
508 4173 541 4226 dc
553 4173 668 4227 doeleur
680 4188 714 4226 en
730 4169 877 4226 medecina.

283 4263 319 4334 (2)
338 4264 427 4338 Voyec
440 4279 489 4318 sur
502 4262 527 4319 le
540 4264 647 4334 college
660 4263 694 4318 de
712 4261 841 4331 Bruegel
857 4261 1017 4326 cidessoun,
1034 4261 1082 4330 ΙΙΙ,
1097 4278 1144 4332 pp.
1159 4260 1214 4317 324
1234 4277 1290 4317 arv.
