3100 4942
767 472 953 536 —llt-

315 817 432 884 b'abot
451 817 488 881 dc
511 818 590 882 Puro
611 823 640 880 et
662 817 690 882 le
708 819 815 900 prou
837 819 875 884 dc
896 817 1186 896 santeaco-mide,
1208 821 1229 884 d
1250 821 1414 896 Marma,

356 923 480 982 mattam
500 916 693 980 deadaullon
707 917 738 982 lu
753 917 834 982 bulla
848 917 1005 999 ddupdue
1019 919 1038 983 1
1043 919 1077 995 V,
1093 919 1219 984 relative
1232 919 1252 982 d
1266 919 1298 983 lu
1320 920 1417 984 ortu·

357 1018 420 1080 tion
436 1016 474 1079 de
488 1014 520 1078 lu
532 1013 649 1092 [multi
660 1014 697 1080 de
712 1015 870 1097 theologie.

704 1163 741 1220 30
760 1166 915 1236 septembre
935 1165 1017 1222 14³2.

357 1303 526 1368 Uniuersis
538 1311 705 1383 presentes
720 1303 846 1370 litteras
861 1305 982 1370 visuris
997 1321 1054 1371 seu
1066 1303 1227 1370 audituris
1242 1305 1414 1373 Gerardus

314 1401 365 1468 dei
382 1402 483 1484 gratia
496 1401 601 1466 bbbas
616 1400 657 1467 de
674 1402 795 1468 Perobo
809 1420 908 1484 prope
924 1403 1102 1469 Louanium
1114 1403 1239 1469 ordinis
1255 1422 1410 1486 premon-

311 1501 482 1566 stratensis
505 1509 537 1564 et
553 1499 701 1564 Walerus
723 1501 835 1566 eadem
859 1503 960 1584 gratia
977 1501 1169 1584 Propositus
1192 1511 1305 1569 sancte
1320 1503 1415 1568 Ger·

314 1600 418 1664 trudis
440 1598 650 1674 lucuniensis,
668 1599 845 1666 leodiensis
868 1601 1022 1676 diocesis.
1039 1617 1057 1665 a
1073 1611 1183 1666 sancta
1200 1601 1283 1666 Sede
1297 1603 1405 1682 Apos-

313 1701 409 1766 toliua
435 1698 616 1779 deputatus.
643 1697 783 1764 Salutem
810 1699 841 1764 in
865 1700 1008 1766 domino.
1035 1700 1151 1766 Notum
1179 1700 1315 1765 iacimus
1342 1715 1409 1766 nos

312 1815 397 1863 anno
409 1797 530 1863 domini
545 1797 713 1863 millesimo
729 1799 1046 1882 quadringentesimo
1059 1799 1225 1864 tricesimo
1241 1798 1401 1876 secundo,

311 1897 488 1962 indictione
499 1895 633 1970 decima,
649 1897 771 1962 mensis
783 1897 976 1977 septembris
991 1899 1044 1964 die
1059 1899 1179 1968 ultima.
1191 1897 1406 1963 Pontificatus

313 1994 509 2061 sanctissimi
526 1994 556 2057 in
573 1993 695 2060 cbristo
712 1996 812 2076 patris
826 2005 859 2062 et
872 1997 993 2062 domini
1006 1997 1109 2062 nostri
1124 1995 1246 2062 domini
1265 1995 1407 2076 Eugenij

310 2095 419 2159 diuina
443 2091 643 2174 prouidentia
670 2109 750 2174 pape
772 2095 875 2174 quarti
901 2111 986 2160 anno
1011 2093 1168 2170 secundo,
1193 2093 1325 2168 vidisse.
1355 2103 1407 2160 te·

311 2193 434 2268 unisse,
452 2191 600 2274 palpasse
623 2208 660 2256 ao
682 2191 722 2257 de
745 2193 842 2257 verbo
865 2193 904 2258 ad
928 2193 1060 2258 verbum
1085 2193 1272 2275 perlegisse.
1295 2191 1398 2257 oolla·

312 2293 456 2359 tionasse
479 2291 587 2356 Rullus
610 2290 749 2372 prelatas
772 2291 967 2358 sanctissimi
983 2291 1103 2356 domini
1127 2291 1228 2356 nostri
1253 2290 1404 2356 moderni

310 2391 432 2458 domini
448 2389 579 2471 lingonij
603 2389 714 2454 eadem
732 2391 934 2471 prouidentia
958 2407 1038 2472 pape
1059 2389 1164 2471 quarti
1188 2389 1277 2454 Bulla
1294 2389 1404 2470 plum--

308 2491 366 2556 bea
391 2490 445 2555 illo
460 2489 586 2555 sericeo
610 2488 730 2552 mixtim
755 2489 845 2554 rubei
867 2500 899 2555 et
920 2489 1024 2571 glauci
1048 2488 1169 2555 coloris
1192 2487 1403 2582 impendente

305 2607 379 2655 oum
395 2588 609 2669 impressione
625 2587 696 2652 eius
714 2587 854 2652 nominis
870 2605 960 2653 more
975 2589 1072 2653 solito
1089 2587 1238 2663 bullatas,
1252 2601 1349 2651 sanas
1363 2596 1395 2652 et

306 2689 459 2771 integras,
483 2687 658 2770 signaturis
688 2687 793 2752 solitis
819 2698 851 2752 et
875 2688 1042 2754 consuetis
1068 2687 1099 2750 in
1129 2685 1327 2769 marginibus
1358 2701 1396 2750 ac

307 2786 436 2851 aliunde
452 2785 602 2862 munitas,
620 2802 684 2850 non
698 2783 845 2860 violatas,
864 2803 928 2852 non
943 2785 1149 2858 cancellatas,
1165 2801 1228 2851 non
1244 2784 1397 2862 abrasas,

307 2903 371 2950 non
399 2893 580 2964 corruptas,
604 2899 663 2949 nec
686 2884 718 2948 in
741 2883 846 2963 aliqua
874 2901 983 2949 earum
1011 2893 1100 2966 parte
1126 2892 1308 2965 suspectas,
1337 2883 1393 2948 sed

308 2983 395 3050 omni
418 2999 553 3064 prorsus
574 2981 658 3047 vioio
680 2991 713 3047 et
734 2983 921 3063 suspicione
943 2992 1105 3048 carentes.
1122 2982 1396 3064 Quarumquidom

302 3082 463 3147 bullarum
486 3091 580 3146 tenor
601 3080 748 3161 sequitur
770 3080 811 3146 de
835 3080 934 3146 verbo
956 3080 996 3144 ad
1020 3080 1152 3146 verbum
1178 3087 1210 3145 et
1231 3090 1282 3145 est
1308 3079 1393 3146 talis.

304 3181 466 3261 [ingenius
482 3180 660 3261 Episcopus
676 3195 793 3244 seruus
808 3195 978 3245 seruorum
993 3179 1057 3244 del.
1076 3179 1122 3244 nd
1139 3185 1327 3260 perpetuam
1347 3179 1397 3244 rol

303 3282 502 3348 memoriam.
520 3281 557 3345 lit
572 3280 619 3345 sic
635 3279 716 3344 linit.
730 3280 831 3346 Nonis
845 3279 953 3360 llarcij
968 3278 1178 3345 Pontificatus
1192 3278 1293 3344 nostri
1306 3295 1398 3344 anno

299 3381 415 3461 primo.
432 3378 522 3456 Quod
539 3389 645 3444 autem
661 3379 800 3443 vidimus
822 3379 883 3443 boc
899 3387 1066 3444 testamur.
1084 3377 1120 3442 ln
1136 3377 1230 3444 culus
1252 3376 1387 3442 visionis

293 3477 514 3544 testimoninm
530 3477 635 3558 sigilla
650 3485 761 3542 nostra
784 3476 989 3558 presentibus
1004 3475 1165 3578 duximus
1176 3474 1388 3556 apponenda.

297 3576 411 3642 ilatum
424 3574 716 3655 anno,indiotione,
731 3575 915 3650 mense,die
927 3584 959 3641 et
971 3574 1163 3641 ronttnoatu
1177 3573 1389 3655 supradictis.
