3240 4946
693 447 877 512 -537-

236 631 286 696 vel
312 631 422 703 libelli,
439 645 532 712 uuam
557 629 676 694 rel'usis
699 629 850 710 expensis
874 628 1022 694 retardati
1048 645 1240 708 processus;
1257 643 1319 710 qua

240 731 398 795 mediante
422 730 513 794 liceat
531 747 593 792 nou
612 728 706 794 modo
722 729 977 794 emendationem
993 727 1318 809 declarationemque,

236 831 292 896 sed
321 839 352 895 et
379 829 586 893 mutationem
609 827 641 890 in
665 845 864 910 quacumque
889 835 976 909 parte
1000 827 1064 890 litis
1088 828 1209 902 lacer·e;
1233 828 1318 908 quod

236 928 401 995 brevitatis
416 928 519 1000 litium
536 943 633 992 eausa
649 929 830 993 statuimus.

277 1029 360 1093 xxi.
386 1027 526 1093 Libellus
553 1035 584 1092 et
609 1037 754 1094 caeterae
777 1027 966 1108 scriptume,
991 1035 1054 1092 tam
1077 1026 1201 1120 actoris¹
1222 1033 1317 1108 quam

235 1130 294 1204 rei,
322 1127 480 1203 articulis,
508 1128 684 1192 secundum
714 1128 861 1209 arntiquas
890 1126 1111 1192 ordinationes
1137 1133 1169 1191 et
1196 1143 1315 1191 morem

235 1229 390 1293 hactenus
430 1235 604 1302 servatum,
635 1225 888 1309 distinguantur;
931 1236 962 1290 et
999 1225 1138 1306 singulis
1174 1225 1318 1290 articulis

235 1328 361 1408 singula
378 1327 459 1391 lacta
476 1326 627 1392 distincte
642 1327 877 1404 contineantur,
896 1343 934 1392 ne
950 1343 1032 1407 opus
1049 1325 1090 1388 sit
1105 1325 1221 1391 deinde
1237 1325 1318 1390 lacta

235 1425 266 1490 in
289 1427 444 1492 articulos
466 1425 640 1507 conjicere,
665 1426 721 1490 sed
745 1425 926 1506 scripturae
948 1423 1142 1506 principales
1169 1424 1245 1499 siut,
1274 1425 1317 1489 uti

235 1523 354 1590 dictum
371 1534 432 1602 est,
449 1524 524 1590 loeo
541 1526 736 1607 positionum
753 1535 785 1590 et
800 1525 1021 1590 articulorum.

186 1661 188 1667 ι
276 1623 377 1688 ΧΧΙΙ.
401 1625 516 1688 omnes
540 1641 616 1690 vero
640 1624 819 1704 scripturae
840 1632 872 1690 et
893 1625 1045 1689 scedulae
1067 1623 1235 1706 signentur
1261 1642 1318 1706 per

142 1779 145 1784 Α
233 1723 419 1788 advocatum
446 1725 551 1798 curic;
580 1735 610 1788 et
638 1724 777 1804 scriptae
804 1723 867 1788 siut
894 1723 998 1788 littera
1027 1723 1143 1787 munda
1169 1734 1200 1788 et
1222 1723 1317 1806 digua

233 1821 396 1898 tribunali,
415 1840 476 1887 non
501 1823 668 1898 maculate,
685 1840 748 1886 non
772 1822 947 1886 cancellata
963 1822 1012 1888 vel
1036 1839 1118 1898 resa,
1136 1823 1196 1887 sub
1209 1840 1317 1904 poena

234 1922 419 2002 rejectionis
434 1934 465 1986 et
483 1923 656 1987 rel'usionis
672 1938 884 2002 expensarum
902 1922 987 1986 illius
1005 1922 1130 1986 termini
1147 1939 1203 1986 seu
1222 1931 1319 1986 retar-

233 2021 295 2084 dati
321 2037 507 2102 processus,
534 2038 590 2101 per
613 2028 736 2101 partem
760 2020 963 2086 exhibentem
988 2021 1152 2096 solvende,
1177 2021 1267 2086 salvo
1289 2021 1317 2085 ei

234 2137 383 2200 regressu
415 2137 473 2202 pro
504 2135 564 2184 suo
597 2119 755 2186 interesse
785 2120 941 2184 adversus
971 2119 1158 2185 advocatum
1192 2121 1244 2201 qui
1283 2121 1315 2184 in

233 2220 358 2284 delectu
376 2220 481 2286 luerit.

276 2319 388 2382 lllllll.
413 2319 560 2386 Exhibito
597 2319 718 2396 libello,
749 2329 906 2385 statuatur
943 2337 998 2385 reo
1031 2319 1098 2384 sive
1127 2319 1313 2386 adversario

232 2419 389 2483 terminus
411 2420 450 2484 ad
476 2419 735 2501 respondendum
759 2419 874 2495 eidem,
892 2419 974 2483 intra
997 2436 1091 2500 ouem
1120 2419 1316 2499 respondere

231 2518 269 2581 ad
308 2517 451 2584 libellum
490 2520 672 2596 tenebitur;
710 2519 852 2600 alioquin
894 2535 1027 2600 poenam
1068 2517 1263 2583 exclusionis
1298 2532 1315 2579 a

233 2618 445 2698 responsione
484 2619 636 2694 incurrat,
670 2619 731 2682 nisi
767 2627 872 2684 temen
910 2627 985 2684 tunc
1021 2618 1235 2695 declinatorie,
1266 2616 1317 2682 vel

232 2715 380 2782 dilatoris
404 2735 586 2798 proponere
601 2719 756 2794 uoluerit3
774 2736 855 2801 quae
871 2719 1077 2800 exceptiones
1094 2717 1183 2799 prius
1200 2733 1318 2798 propc-

233 2816 355 2880 nendae
372 2816 633 2898 dirimendaenue
648 2828 733 2882 suut.

273 2912 381 2976 xltlv.
407 2913 444 2978 Et
466 2917 615 2996 quoniam
638 2919 784 2997 quaestio
807 2915 846 2981 de
866 2915 1091 2996 jnrisdictloue
1113 2916 1161 2980 vel
1185 2931 1315 2996 compe-

233 3012 329 3075 tentia
355 3011 473 3092 judicis
502 3024 575 3078 ante
605 3017 710 3078 omnia
741 3015 948 3096 proponenda
977 3023 1008 3079 et
1036 3005 1215 3080 dirimenda
1251 3023 1312 3090 est,

230 3119 472 3191 separatamque
512 3111 625 3176 habeat
667 3114 896 3194 cognitionem,
926 3115 1079 3178 tollantur
1120 3115 1213 3191 primi
1250 3115 1313 3179 duo

229 3209 354 3273 articuli
386 3208 494 3274 libello
521 3211 618 3275 inseri
646 3212 731 3276 soliti
759 3229 766 3275 :
795 3229 935 3276 «coram
962 3211 1093 3276 domino
1119 3212 1257 3277 Rectore
1283 3220 1314 3277 et

228 3307 470 3385 conservatore,
485 3309 525 3374 de
541 3313 729 3376 auctoritate
745 3312 815 3392 eius
835 3333 868 3386 n;
887 3321 918 3376 et
936 3333 948 3369 e
965 3310 1050 3391 quod
1065 3321 1155 3376 actor
1171 3310 1220 3376 rel
1237 3327 1313 3377 reus

227 3407 270 3470 sit
286 3408 488 3488 suppositum
505 3409 730 3473 Universitatis
749 3432 775 3471 a.

267 3504 359 3567 xxv.
384 3505 422 3571 Et
443 3508 572 3587 quidem
596 3507 806 3573 declinatoria
828 3509 975 3590 exceptio
999 3517 1072 3573 ante
1095 3525 1209 3574 ornnes
1232 3507 1311 3573 dila·

226 3604 325 3668 lorias
356 3617 554 3686 proponatur
583 3623 619 3670 ac
648 3607 832 3682 decidatur;
865 3607 927 3689 qui·
948 3618 1054 3672 autem
1084 3607 1231 3672 dilatorie
1261 3609 1310 3673 vel

227 3703 441 3784 peremptorie
454 3707 659 3786 proposuerit
675 3707 723 3771 vel
738 3705 953 3787 responderit,
968 3724 1007 3772 eo
1023 3707 1093 3788 ipso
1104 3707 1311 3773 consensisse

226 3799 258 3864 iu
271 3800 412 3881 judicem
428 3814 609 3870 censeatur.

266 3901 376 3965 xxvi.
403 3903 746 3980 declinatortadecisa
758 3915 810 3970 aut
822 3906 849 3970 si
864 3906 946 3971 lorte
959 3923 1020 3971 non
1035 3907 1075 3971 sit
1089 3907 1309 3988 proponenda,

224 3999 251 4062 si
279 4001 353 4080 quid
380 4002 493 4089 habeat
520 4020 595 4068 reus
621 4005 706 4069 aliud
730 4006 780 4069 rel
807 4017 918 4072 eontra
939 4006 1079 4087 judicem
1104 4008 1151 4072 rel
1177 4017 1309 4088 partem,

223 4099 272 4162 rel
301 4111 555 4180 procuratorem,
573 4103 622 4168 vel
651 4105 806 4178 libellum,
825 4105 1008 4180 dicendam,
1026 4114 1090 4171 tum
1121 4107 1225 4184 dicat;
1256 4108 1309 4189 qui

224 4213 299 4262 vero
315 4201 352 4263 ad
375 4201 517 4265 libellum
541 4205 745 4283 responderit
768 4221 826 4269 seu
850 4207 1065 4287 peremptorie
1089 4208 1306 4287 proposuerit,

222 4306 392 4363 censeatur
408 4299 469 4364 hoo
484 4299 555 4381 ipso
571 4317 589 4364 a
605 4301 763 4368 dilatoriis
779 4302 1022 4384 praemittendis
1038 4301 1201 4370 exclusus.
