3112 4942
697 401 860 466 ..62-

212 595 369 676 quorum
393 579 529 647 interest
549 582 599 647 uel
615 581 773 659 intererit,
790 595 937 663 quosque
959 578 1196 659 infrascriptum
1220 577 1322 660 tangit

232 679 400 760 negocium
430 695 487 746 eeu
518 689 649 762 ungere
677 679 794 762 poterit
828 677 1070 762 quomodolibet
1099 677 1131 742 in
1161 677 1317 744 futuram.

232 775 442 854 walterus,
474 779 689 860 permissione
724 777 831 842 diuina
864 775 1049 859 prepositus
1082 775 1226 842 Ecclesia
1257 789 1317 840 seu

231 875 417 960 blonasterij
454 885 565 944 sancte
593 877 762 942 oerrrnuis
796 875 1031 952 Lemniensis,v
1053 874 1180 941 otdlrris
1212 872 1317 938 sancti

154 987 156 995 ⁸
206 1003 208 1007 ·
229 973 413 1055 Augustini
431 975 619 1040 leodiensis
634 975 790 1052 diocesis·
805 974 965 1039 lixecutor
979 973 1018 1037 ad
1034 971 1317 1054 lidemonium

228 1087 305 1136 cum
331 1071 546 1153 infrascriptis
573 1073 694 1139 nostris
724 1073 755 1136 in
782 1073 843 1137 bac
873 1081 963 1154 parte
991 1071 1139 1153 collegis,
1166 1087 1240 1136 cum
1265 1071 1318 1134 illa

228 1169 375 1234 clausula
393 1219 400 1235 .
418 1179 576 1252 quatenus
599 1189 658 1237 vos
672 1172 723 1236 vel
746 1171 811 1236 duo
833 1180 887 1236 aut
902 1186 985 1235 vnus
1009 1179 1164 1241 vestrum.
1182 1185 1239 1251 per
1259 1185 1319 1236 vos

230 1268 281 1334 rel
310 1269 420 1346 alium,
451 1287 509 1336 seu
538 1271 620 1336 alios
647 1279 725 1345 etc..
757 1286 775 1334 a
803 1269 887 1336 Sede
919 1268 1107 1350 Apostolica
1136 1267 1319 1350 specialiter

227 1367 414 1448 deputatus.
438 1367 577 1433 Salutem
604 1368 636 1432 in
660 1359 792 1434 domino
817 1377 849 1434 et
872 1367 1031 1433 mandatis
1057 1367 1179 1432 nostris
1205 1366 1318 1432 buius·

229 1464 316 1530 modi
345 1482 452 1548 ymmo
481 1466 588 1532 verius
622 1465 812 1548 apostolicis
841 1465 977 1533 tirmiter
1009 1465 1155 1530 obedire.
1183 1464 1318 1532 litterae

225 1563 425 1628 sanctissimi
448 1564 480 1628 in
496 1563 624 1630 cbristo
647 1565 748 1646 patris
770 1573 801 1629 et
826 1563 946 1629 domini
972 1563 1073 1630 nostri
1097 1563 1218 1630 domiui
1236 1563 1317 1628 llar-

227 1661 287 1725 tini
303 1662 400 1726 buius
416 1663 554 1728 nominis
571 1679 651 1744 pape
667 1661 782 1744 quinti,
799 1679 892 1727 vnam
909 1662 1058 1730 videlicet
1078 1679 1227 1745 grossam
1243 1677 1322 1727 cum.

227 1757 293 1823 tilis
308 1759 442 1824 sericeis
457 1759 548 1825 rubei
564 1765 736 1843 croceique
750 1762 884 1840 coloris,
898 1761 991 1826 aliam
1009 1778 1084 1826 uero
1097 1761 1312 1826 executoriam

225 1873 301 1922 oum
328 1858 459 1923 cordula
484 1859 629 1941 canapis,
653 1860 739 1926 veris
764 1860 861 1925 bullis
884 1858 1045 1941 plumbeis
1072 1859 1173 1938 ipsius
1195 1857 1316 1928 domini

227 1955 332 2020 nostri
362 1972 442 2036 pape
472 1973 562 2023 more
588 1957 733 2024 Romane
759 1958 851 2024 curie
876 1956 1136 2040 impendentibus
1165 1955 1313 2032 bullatas,

225 2069 324 2118 sanas
342 2064 374 2118 et
390 2055 543 2136 integras,
560 2073 622 2122 non
634 2056 780 2132 viciatas,
798 2073 862 2122 non
875 2055 1080 2140 cancellatas,
1096 2070 1160 2119 non
1171 2054 1315 2126 abrasas.

228 2167 289 2216 nec
304 2153 335 2214 in
351 2152 456 2234 aliqua
471 2154 522 2218 sui
539 2164 629 2234 parte
644 2163 826 2235 suspectas,
843 2155 901 2220 sed
925 2153 1013 2218 omni
1026 2145 1163 2234 'prorsus
1186 2152 1269 2217 vicio
1283 2161 1316 2217 et

227 2250 409 2330 suspitione
423 2262 571 2318 carentes
583 2252 683 2318 Nobis
699 2269 756 2333 pro
773 2262 862 2332 parte
874 2252 964 2316 lllme
978 2251 1201 2317 Vniuersitatis
1216 2247 1312 2331 studii

228 2348 453 2426 Lemniensis,
470 2350 503 2414 in
525 2351 694 2432 presencia
714 2350 853 2432 plurium
871 2349 1077 2424 Notabilium‚
1098 2350 1268 2415 Doctorum
1284 2355 1317 2414 et

227 2445 451 2529 magistrorum
475 2465 583 2514 coram
599 2449 730 2514 Notario
747 2449 875 2530 publico
897 2459 929 2515 et
946 2449 1083 2514 testibus
1100 2447 1315 2528 infrascriptis

226 2554 422 2623 presentata,
452 2564 511 2612 nos
539 2563 612 2612 cunr
643 2563 682 2611 ea
707 2563 769 2629 qua
797 2547 906 2612 decuit
936 2547 1128 2621 reuerentia,
1157 2544 1315 2610 noueritis

226 2643 404 2724 recepisse.
432 2643 531 2708 cuius
557 2645 685 2726 quidem
711 2645 907 2720 executorie¹
931 2645 964 2708 in
989 2661 1051 2727 qua
1078 2653 1172 2710 tenor
1199 2659 1315 2724 prosse

224 2742 413 2822 supradicte
438 2743 478 2808 de
500 2745 600 2808 verbo
625 2745 664 2807 ad
692 2743 826 2808 uerbum
852 2746 1013 2826 reperitur
1039 2743 1193 2819 insertus,
1221 2751 1315 2810 tenor

224 2840 373 2922 sequitur
389 2841 420 2905 in
437 2842 497 2906 bec
511 2843 609 2908 rerba
626 2865 635 2905 ι
653 2841 807 2908 llartinus
819 2843 994 2924 episcopus
1009 2858 1126 2907 seruus
1142 2855 1312 2906 seruorum

224 2937 277 3004 dei
294 2947 356 3004 etc.
374 2940 455 3017 (Scit
467 2943 507 3004 ici
522 2941 550 3004 lc
564 2947 646 3005 teate
660 2941 713 3004 dea
726 2943 809 3004 decc
823 2941 920 3005 bullar
935 2957 1083 3023 queamus
1097 2957 1192 3004 auom
1206 2955 1312 3020 repro·

222 3037 325 3101 cuites
340 3039 500 3115 ci-dcssuq
519 3057 572 3121 pp.
590 3039 704 3118 tu-tt).

268 3135 346 3202 Post
368 3154 501 3218 quarum
524 3139 653 3220 quidem
678 3137 853 3203 litterarum
874 3136 1125 3219 apostolicarum
1149 3145 1314 3216 presenta-

223 3234 345 3300 tionem
372 3247 404 3302 et
433 3237 652 3317 receptionem
682 3235 775 3300 nobis
803 3245 835 3301 et
861 3253 919 3317 per
948 3251 1020 3313 nos,
1047 3244 1080 3300 vt
1107 3233 1311 3316 premittitur,

224 3331 337 3408 factas,
363 3333 481 3399 luimus
511 3351 573 3414 pro
599 3344 688 3416 parte
716 3334 806 3400 alme
831 3333 1056 3398 Vniuersitatis
1082 3331 1183 3414 studii
1211 3331 1314 3396 boue·

225 3430 349 3496 niensis
371 3431 475 3496 debita
498 3449 571 3497 curn
595 3433 752 3501 instancia
774 3431 933 3514 requisiti,
953 3431 1172 3514 quatennsed
1196 3445 1314 3496 execu-

224 3529 345 3594 tionem
371 3529 527 3594 dictarum
554 3531 733 3596 litterarum
756 3529 1006 3612 apostolicarum
1027 3539 1062 3594 et
1085 3538 1312 3596 contentorum
1335 3541 1336 3544 ’

224 3627 257 3690 iu
279 3626 415 3704 eisdem.
439 3637 546 3709 prout,
567 3629 740 3694 dummodo
763 3640 794 3694 et
818 3629 976 3710 quociens
999 3644 1082 3709 opus
1107 3627 1215 3699 luerit,
1237 3641 1314 3708 pro·

221 3724 342 3790 cedere
374 3726 579 3808 dignaremur
612 3727 700 3808 juxta
729 3729 938 3795 commissam
968 3742 986 3791 a
1015 3725 1098 3792 Sede
1127 3725 1313 3807 Apostolica

225 3822 320 3889 nobit
347 3823 494 3888 termam.
511 3824 578 3890 Nos
600 3825 700 3907 igitur
714 3823 887 3904 walterus,
906 3825 1091 3906 prepositus
1112 3833 1145 3888 et
1160 3831 1314 3888 execumr

224 3921 382 4004 prelrmus,
395 3923 545 3988 volentes
559 3923 743 3988 mandatum
757 3923 974 4005 apostolicum
988 3921 1084 3988 nobis
1100 3922 1131 3985 in
1149 3923 1209 3986 bac
1224 3931 1315 4003 parte

224 4021 380 4088 directum
402 4022 515 4104 exequi
542 4033 741 4100 reuertentem,
765 4033 801 4088 ut
822 4033 979 4095 tenemur,
1002 4021 1193 4086 armoricae
1214 4036 1311 4102 apos·

224 4119 323 4185 tolica
336 4135 399 4202 qua
413 4120 575 4203 fungimur
596 4121 629 4185 iu
644 4121 705 4186 hae
727 4131 817 4204 parte
830 4119 927 4186 uobis
946 4119 1090 4184 dominis
1104 4117 1313 4193 patriarchis,
