3100 4942
729 468 915 532 -126-

283 659 394 728 tntum,
419 649 457 715 ad
481 649 587 716 minus
609 649 758 715 videlicet
784 665 876 715 sacre
899 649 1073 731 theologie,
1097 649 1181 730 juris
1206 649 1367 724 canonici,

282 750 388 816 ciuilis
413 748 463 814 vel
491 748 668 824 medecina,
692 757 746 812 aut
772 747 962 828 magistrum
985 747 1016 811 in
1044 748 1168 812 artibus
1197 748 1229 812 in
1256 749 1367 814 eadem

284 847 433 914 facultate
447 855 609 930 regentem
625 847 708 911 alme
720 845 942 911 uniuersitatis
959 846 1183 924 bononiensis,
1197 863 1255 912 seu
1271 847 1368 912 aliurn

284 947 496 1029 presbiterum
525 945 684 1027 ydoneum
716 943 921 1027 presentandi
951 961 1024 1010 cum
1059 945 1258 1026 plenitudine
1284 945 1369 1027 jnris

283 1043 431 1112 consueti
453 1053 625 1126 ceteraque
639 1043 746 1108 omnia
767 1053 800 1109 et
815 1043 941 1125 singula
959 1042 1097 1108 faciendi
1121 1060 1184 1126 que
1198 1043 1231 1107 in
1255 1045 1367 1109 buius·

285 1144 369 1210 modi
389 1143 462 1225 iore
488 1150 675 1224 patronatus
697 1141 938 1224 quomodolibet
965 1141 1082 1207 luerint
1108 1143 1292 1208 necessaria
1318 1143 1368 1208 vel

282 1252 453 1325 oportuna.
471 1242 508 1306 Et
522 1243 562 1306 ad
579 1241 731 1306 maiorem
747 1240 953 1306 securitatem
970 1239 1201 1322 premissorum
1224 1241 1367 1307 omnium

282 1341 423 1422 prelatus
445 1339 634 1405 domicellus
649 1338 733 1403 iiaso
756 1355 814 1420 pro
829 1355 877 1413 se,
894 1339 963 1403 suis
986 1338 1160 1404 heredibus
1183 1349 1215 1404 et
1235 1357 1367 1406 succes·

283 1440 412 1506 sonibus
435 1437 581 1521 promisit
600 1437 695 1504 micbi
719 1438 844 1503 notario
867 1437 995 1519 publico
1017 1437 1202 1519 subscripto
1226 1437 1289 1504 llde
1309 1455 1366 1504 suo

283 1538 443 1620 corporali
467 1549 598 1620 propter
619 1538 682 1603 ltoo
704 1537 776 1603 loco
796 1535 969 1618 juramenti
994 1535 1027 1600 in
1051 1553 1145 1601 manu
1170 1537 1231 1602 mci
1254 1537 1367 1620 notarii

285 1637 402 1719 publici
428 1637 603 1718 subscripti
630 1637 820 1702 manualiter
844 1635 979 1717 prestita
1002 1646 1113 1701 contra
1138 1635 1296 1717 premissa
1318 1637 1367 1701 rel

283 1753 394 1803 eorum
421 1737 525 1818 aliqua
552 1753 615 1800 non
642 1735 748 1800 lacere
769 1735 818 1800 rel
846 1735 968 1810 venire,
993 1733 1113 1800 ducere
1135 1735 1185 1800 vel
1215 1733 1370 1802 inducere

285 1837 386 1918 palam
412 1835 461 1900 vel
490 1835 626 1916 publice,
652 1834 829 1900 subtilitate
854 1833 960 1915 aliqua
987 1833 1037 1899 vel
1066 1833 1207 1915 ingenio,
1236 1851 1369 1916 perse,

284 1936 379 2000 alium
408 1933 459 1999 vel
488 1933 581 2007 alios,
613 1931 815 2014 aliquatenus
848 1932 880 1995 in
912 1931 1067 2006 laturum,
1098 1931 1250 1998 omnibus
1279 1933 1367 2010 dolo,

286 2033 397 2098 iraudo
425 2041 457 2098 et
486 2031 744 2098 cauillationibus
781 2032 874 2097 malis
902 2031 1044 2096 exclusis
1078 2079 1085 2094 .
1121 2031 1224 2111 Super
1253 2033 1370 2113 quibus

285 2132 435 2198 omnibus
450 2139 482 2197 et
497 2131 632 2213 singulis
655 2130 822 2212 premissis
839 2130 950 2212 prelati
970 2129 1225 2212 Burgimapistri,
1242 2129 1368 2196 Scabini

287 2241 318 2296 et
333 2230 491 2296 Consules
507 2231 636 2296 nomine
654 2239 685 2295 ct
700 2229 738 2294 ad
755 2247 837 2311 opus
852 2245 917 2311 quo
932 2245 1028 2310 supra
1051 2229 1100 2295 eis
1115 2229 1185 2294 lieri
1204 2230 1371 2310 pecierunt

288 2347 304 2394 a
326 2347 375 2395 me
399 2329 523 2395 notario
546 2329 675 2410 publico
697 2329 881 2410 subscripto
903 2343 999 2394 vnum
1020 2328 1070 2393 vel
1094 2327 1184 2409 plura
1207 2328 1371 2410 publicum

288 2447 346 2495 seu
369 2427 497 2510 'publica
520 2428 764 2493 instrumentum
792 2445 849 2493 seu
874 2427 1114 2492 instrumenta.
1139 2429 1216 2490 licta
1243 2428 1374 2493 luerunt

288 2531 347 2593 trec
359 2526 489 2609 bouanij
508 2527 540 2590 in
556 2527 653 2592 domo
669 2527 875 2592 scabinorum
893 2525 1027 2607 predicti
1039 2525 1127 2606 opidi
1145 2526 1367 2597 Louaniensis.

287 2627 318 2688 in
337 2627 475 2707 quodam
497 2641 623 2690 camera
639 2625 700 2690 alta
718 2635 899 2707 nuncupata
915 2611 1139 2706 gritencamer,
1165 2627 1372 2705 presentibus

288 2723 403 2789 ibidem
426 2741 486 2789 vna
509 2741 634 2790 mecum
659 2724 805 2790 honestis
828 2741 866 2790 ae
887 2723 1038 2790 discretis
1060 2723 1139 2788 uiris
1161 2721 1267 2789 Felice
1287 2723 1373 2789 ilont

288 2839 346 2903 pro
376 2839 461 2887 nuno
491 2823 670 2903 Receptore
698 2822 818 2888 domini
848 2823 941 2887 ducis
972 2821 1142 2886 brabantie
1171 2821 1203 2885 ln
1231 2822 1374 2888 Louanio

287 2920 418 2996 clerico,
441 2920 561 2987 lacobo
583 2921 763 2998 Blanckart,
786 2921 932 2988 Jobanno
954 2921 1040 2988 dicto
1067 2919 1177 3002 dieliis
1203 2921 1316 3001 laycis,
1341 2931 1375 2987 et

290 3019 426 3083 ilenrico
451 3019 537 3084 dicto
561 3019 707 3086 Boelaert
732 3019 863 3096 clerico,
891 3019 977 3085 dicte
998 3019 1187 3086 Leodiensis
1209 3031 1241 3084 et
1262 3035 1370 3085 oame-

287 3117 431 3183 racensis
453 3117 653 3198 dyocesium,
670 3119 807 3184 testibus
831 3117 893 3184 lide
911 3118 1017 3200 dignis
1039 3117 1078 3182 ad
1101 3119 1259 3201 premissa
1283 3119 1373 3184 testi·

286 3216 446 3281 tlcandnm
462 3217 583 3282 vocatis
599 3217 783 3298 specialiter
798 3227 829 3283 ct
845 3217 979 3299 rogatis.

326 3314 363 3379 lit
379 3331 440 3396 ego
462 3315 593 3397 Epidius
609 3315 649 3381 de
670 3316 770 3391 Stoct,
787 3317 926 3382 clericus
949 3315 1192 3381 Cameracensis
1208 3315 1373 3398 dyocesis,

286 3413 434 3492 publicus
447 3413 602 3495 imperiali
619 3415 810 3480 auctoritate
821 3425 853 3481 et
867 3415 1064 3481 venerabilis
1079 3414 1169 3480 curie
1181 3413 1373 3481 beodiensis

281 3513 408 3593 iuratus
438 3513 594 3589 notarius,
627 3513 701 3595 quia
731 3512 902 3596 premissis
939 3511 1113 3591 collationi,
1145 3513 1312 3577 donationi
1342 3521 1376 3576 et

286 3610 487 3676 translationi
507 3627 545 3677 ac
561 3611 768 3693 promissioni
791 3623 822 3677 et
836 3611 987 3677 omnibus
1002 3611 1073 3692 alijs
1095 3619 1127 3675 et
1143 3611 1279 3694 singulis
1295 3612 1371 3675 dnm

286 3709 336 3773 sic
352 3717 386 3773 ut
408 3709 602 3789 premittitur
623 3721 796 3792 agerentur
817 3727 955 3776 unacum
970 3709 1213 3792 prenominatus
1236 3709 1374 3776 testibus

288 3823 424 3886 presens
440 3807 581 3886 interlui,
595 3825 697 3892 eaque
713 3809 761 3875 sic
777 3809 847 3875 fleri
863 3819 895 3876 et
910 3809 1019 3874 audiui
1035 3809 1157 3884 standi,
1172 3807 1295 3874 idcirco
1311 3809 1373 3874 boc

287 3919 422 3984 presens
453 3907 615 3987 publicum
647 3909 895 3974 instrumentum
928 3923 1022 3973 manu
1060 3908 1193 3972 alterius
1223 3924 1274 3972 me
1303 3907 1376 3988 alijs

286 4001 396 4067 arduis
411 4015 567 4088 occupato
585 4006 729 4089 negocijs
745 4008 899 4088 scriptum
917 4005 1031 4072 exinde
1054 4007 1178 4072 conieci
1195 4013 1227 4071 ct
1242 4005 1273 4070 in
1290 4007 1377 4069 nanc

286 4099 448 4181 publicam
472 4105 604 4170 sormam
627 4106 749 4188 redegi,
766 4106 924 4188 signoque
948 4101 1020 4171 meo
1046 4105 1142 4170 solito
1165 4113 1197 4171 et
1212 4113 1372 4170 consueto
