3194 4940
689 437 872 500 ,239-

234 618 458 696 scamonium,
487 618 613 702 priores
638 625 873 694 conventuum,
901 618 1068 701 ptebanos,
1093 618 1322 703 prosbyterosr

234 719 452 796 sscboiares,
480 734 518 783 ac
544 717 627 784 atius
651 731 874 800 quoscumque
900 717 1127 799 incorporatos
1154 727 1187 784 et
1214 719 1351 789 eidem

234 843 249 880 ι
267 815 472 884 Unirdrsitati
488 817 675 896 attinentes,
692 824 853 898 quatenus
867 815 920 882 die
935 816 987 889 Ν..
1004 817 1083 882 bora
1099 817 1150 892 tt..
1169 817 1320 884 intersint

236 917 409 1000 »generati
431 917 673 998 congregationi
697 915 838 982 omnium
861 923 894 981 et
916 915 1118 997 singulorum
1134 920 1321 999 supposito-

236 1033 351 1092 urum.
376 1017 416 1079 ad
438 1014 632 1079 audiendum
660 1013 764 1096 atipua
793 1015 927 1096 proponi
955 1015 1084 1081 nomine
1109 1024 1141 1080 et
1166 1033 1205 1082 ert
1233 1027 1322 1098 parto

235 1137 254 1176 ιι
269 1115 413 1180 eiusdem
437 1113 676 1188 Universitutis,
701 1112 929 1178 concernentia
953 1112 1266 1188 bonumbonoretn
1290 1130 1322 1181 et

238 1213 434 1296 »privilegia
461 1211 705 1285 Universitatis;
732 1221 764 1276 et
791 1213 853 1278 boc
875 1213 936 1278 sub
957 1227 1050 1294 poena
1076 1213 1212 1294 prmstiti
1233 1213 1322 1296 jura-

239 1335 254 1373 ι
272 1312 369 1377 menti
391 1322 423 1375 ct
445 1311 646 1391 grartsstmae
662 1310 893 1391 indignationis
909 1327 946 1375 ac
963 1311 1108 1376 taesiouis
1124 1311 1228 1392 ipsius
1244 1313 1322 1378 Uni·

238 1410 446 1478 aversitatis.
466 1409 577 1474 [iatum
598 1420 691 1474 etc.»
716 1409 761 1474 lta
785 1411 903 1476 tactum
924 1426 1009 1475 anno
1031 1428 1253 1487 mmccccctu„
1271 1414 1325 1478 die

235 1530 310 1576 xxm
325 1509 522 1582 decembris,
535 1508 709 1574 occasione
724 1509 1056 1590 controversionis
1071 1517 1148 1573 tunc
1164 1521 1232 1576 erat
1249 1511 1307 1576 Uni

236 1610 381 1676 versitati
404 1625 476 1672 cum
500 1608 597 1687 opido
622 1607 831 1679 Loraniensi,
859 1608 1074 1689 praesentibus
1097 1608 1128 1671 in
1153 1609 1221 1690 ipsa
1245 1627 1323 1675 con-

236 1708 425 1790 gregatione
461 1705 592 1771 domino
629 1715 661 1770 et
698 1707 852 1788 magistro
888 1707 1091 1782 Goswino,
1129 1709 1325 1774 cancellario

239 1808 432 1884 Brabantiae,
449 1813 481 1870 et
503 1805 662 1869 Nicoiao
684 1805 857 1886 droppct,
879 1805 1078 1871 consiliario.
1096 1806 1216 1872 Similis
1230 1823 1323 1888 gene·

239 1907 316 1970 ratis
339 1903 531 1970 convocatio
553 1912 586 1969 et
607 1903 815 1985 congregatio
839 1903 960 1969 indicta
983 1913 1014 1970 ct
1038 1905 1143 1969 babita
1168 1907 1225 1970 tuit
1240 1923 1325 1971 anno

239 2019 517 2077 concretione,
536 2001 657 2066 mensis
672 2000 809 2083 ianuarii
834 2003 887 2068 die
908 2003 1063 2079 secunda,
1081 2003 1119 2068 ad
1143 2003 1345 2070 instantianr

237 2103 423 2169 canceltarii
449 2101 643 2182 Burgundiae
665 2111 697 2166 ct
720 2101 811 2182 primi
834 2101 991 2181 praesides
1008 2103 1206 2183 parlamenti,
1223 2104 1278 2185 qui
1293 2104 1326 2168 itt

240 2203 326 2268 dicta
342 2201 594 2282 congregatione
608 2217 648 2264 ex
670 2211 759 2280 parte
782 2200 938 2280 principis
960 2209 1200 2282 proposuerunt
1221 2213 1328 2267 certas

240 2300 488 2367 reformationes
513 2307 543 2364 et
565 2299 789 2364 ordinationes
813 2307 985 2380 perpetuas
1010 2299 1095 2364 circa
1121 2300 1268 2365 detectus
1294 2301 1326 2364 iu

240 2398 396 2480 regimine
411 2409 444 2462 et
458 2396 621 2461 exercitiis
637 2396 863 2461 Univereitatis
878 2413 954 2462 csse
969 2406 1157 2477 conceptas.
1174 2413 1254 2478 uuas
1270 2399 1325 2463 ibi·

240 2500 312 2564 dem
337 2513 394 2578 per
416 2496 611 2561 Nicolaum
634 2497 679 2559 de
704 2496 866 2560 Grutere
892 2494 1020 2576 publice
1043 2495 1144 2560 lectas
1168 2497 1329 2578 petierunt

240 2613 298 2676 per
311 2593 558 2660 uniuersitatem
574 2593 688 2674 recipi,
702 2593 825 2658 admitti
842 2603 874 2658 ct
891 2592 1055 2674 perpetuis
1072 2593 1188 2660 tuturis
1205 2603 1326 2676 tempo·

243 2694 332 2758 ribus
347 2693 526 2758 observari.

285 2791 415 2858 tPorro
426 2789 604 2856 Concilium
617 2790 809 2856 senatumne
820 2790 1038 2856 academicum
1050 2789 1238 2873 coiretubet
1251 2791 1328 2858 Rec·

242 2901 307 2968 tor,
330 2890 427 2972 idque
445 2889 568 2972 judicio
590 2889 826 2968 deputatorum,
851 2889 879 2951 si
903 2895 992 2953 cxtra
1013 2889 1173 2954 ordinem.
1196 2889 1274 2954 Num
1297 2901 1330 2956 et

241 2989 405 3054 ordinaria
421 2999 496 3052 sunt
511 2986 736 3066 comitinnuae
752 2988 852 3050 certis
867 2985 1025 3068 statisque
1039 2986 1114 3049 anni
1131 2987 1331 3068 temporibus

243 3088 441 3161 indicuntur,
459 3085 576 3168 quibus
592 3085 722 3165 eiigitur
738 3084 866 3158 Rector,
886 3085 1034 3148 nimirum
1052 3084 1190 3166 singuiis
1206 3102 1330 3152 semes-

244 3188 361 3262 ttibus,
379 3185 482 3265 pridie
500 3184 653 3247 kalendas
666 3183 748 3263 Junii
764 3193 796 3248 et
811 3183 1008 3248 decembris.¹

288 3307 300 3344 ι
322 3287 426 3349 Lucus
447 3287 556 3347 certus
582 3283 739 3346 babeudis
763 3283 946 3348 uniusmodi
971 3283 1169 3347 comitiisab
1186 3283 1330 3349 instituta

244 3383 415 3450 Academia
431 3383 604 3461 deputatus
621 3398 684 3445 non
700 3382 770 3454 tuit,
786 3381 847 3444 nisi
860 3383 945 3462 quod
963 3381 1080 3447 eiectio
1097 3381 1244 3447 Rectoris
1261 3383 1330 3448 iteri

244 3485 402 3548 hacteuus
417 3480 587 3546 consuerit
598 3481 681 3560 apud
697 3479 1030 3561 borninicsnos,apud
1043 3497 1126 3562 quos
1138 3491 1171 3546 et
1183 3481 1332 3548 anniver-

244 3582 331 3647 saria
354 3580 464 3644 baberi
487 3579 585 3644 solita
607 3579 871 3645 commemoratio
894 3597 954 3660 pro
976 3579 1158 3646 Academico
1184 3580 1332 3646 tundatu-

247 3678 338 3744 ribus
360 3693 398 3743 ac
420 3674 700 3753 bendactoribus,
726 3675 884 3758 postridie
904 3677 1091 3742 Animarum
1116 3677 1276 3754 bdelium,
1300 3677 1331 3742 id

246 3784 297 3842 est
313 3774 408 3840 tertio
424 3789 527 3838 nonas
544 3773 742 3849 novembris,
758 3783 791 3839 et
804 3773 985 3840 officiorum
1006 3775 1167 3841 abdicatio
1188 3776 1333 3858 resigna·

247 3873 356 3957 tioque
371 3872 403 3938 in
420 3873 590 3939 [tectorem
606 3881 703 3955 atquc
719 3871 965 3939 Universitatem
981 3890 1000 3938 a
1015 3874 1151 3940 notariis
1166 3874 1335 3956 utriusque

242 3971 357 4048 curiae,
381 3970 551 4038 rectoratis
573 3978 606 4037 et
627 3972 932 4048 conservatoriatis,
957 3981 1161 4054 promotore,
1183 3973 1333 4048 bedcttis,

243 4069 526 4155 procuratoribus,
542 4069 726 4152 ceterisque
741 4069 903 4149 officiatis,
918 4071 1075 4153 postridie
1091 4071 1129 4136 b.
1141 4072 1284 4150 Tbcmae,
1303 4071 1333 4136 id

243 4179 297 4240 est
312 4171 483 4240 undecimo
498 4169 652 4237 kalendas
664 4171 816 4252 januarii.
832 4173 975 4256 benique
988 4173 1144 4240 soicmnis
1154 4183 1335 4240 conventus
