3240 4946
743 391 926 456 -tcc-

336 575 423 640 xlll.
447 575 487 640 Ut
503 581 691 655 procurator
706 573 775 638 sive
790 572 920 648 actoris,
939 571 1007 638 sive
1023 569 1081 642 rei,
1100 569 1202 652 primo
1225 567 1277 634 die
1299 585 1382 635 suae

294 673 539 754 comparilionis
567 673 714 738 exhibeat
740 689 833 738 suum
861 672 1061 746 mandatum;
1085 679 1116 734 el
1144 668 1171 734 si
1195 668 1379 735 mandatum

295 772 401 838 minus
430 771 595 838 sufficiens
625 772 783 848 videatur,
812 771 961 853 iubeatur
991 769 1075 834 aliud
1108 767 1258 835 exhibere
1294 768 1379 833 intro

294 878 417 938 certum
433 878 577 953 lempus;
595 871 716 937 interea
733 879 837 937 tamen
857 869 990 935 ulterius
1007 869 1211 950 procedatur,
1229 868 1379 950 praestita

294 969 444 1036 cautione
459 971 499 1036 de
519 978 590 1036 rato
611 987 668 1052 per
684 970 822 1037 eundem
838 977 1080 1051 procuratorem
1097 967 1300 1050 praestanda,
1319 984 1379 1032 neo

293 1069 601 1136 aliteradmittalur.
947 1060 949 1065 ’

336 1170 418 1234 xlv.
442 1169 596 1236 Similiter
611 1177 802 1252 procurator
818 1177 880 1234 lam
897 1168 1016 1234 actoris
1032 1183 1125 1250 quam
1142 1167 1186 1232 rei
1206 1165 1377 1249 primodie

268 1307 270 1312 .
294 1279 326 1334 et
340 1268 435 1334 simul
452 1277 546 1352 atque
560 1275 724 1350 comparet
740 1268 946 1350 exhibuitque
963 1267 1157 1343 mandatum,
1174 1266 1223 1332 vel
1239 1266 1322 1332 cavit
1337 1266 1378 1332 de

294 1376 364 1434 rato
389 1377 422 1434 nt
443 1385 552 1450 supra,
571 1367 657 1450 juret
678 1367 717 1434 de
740 1369 899 1434 calumnia
922 1367 982 1432 sub
1010 1366 1145 1433 formula
1168 1364 1377 1447 iurisiurandi

294 1477 464 1548 concepta;
490 1467 542 1548 qui
567 1468 731 1533 dominum
755 1484 883 1550 quoque
905 1483 998 1532 suum
1020 1466 1182 1547 iurantem
1205 1465 1254 1530 sui
1280 1464 1378 1530 officii

294 1567 461 1631 admoneat
478 1576 509 1632 et
525 1583 542 1630 a
558 1565 717 1632 calumnia
733 1567 907 1642 deterreat,
925 1575 1020 1648 atque
1036 1565 1078 1630 ila
1091 1564 1177 1646 juret
1191 1563 1223 1628 in
1239 1564 1377 1628 animam

294 1682 395 1738 suam,
420 1683 479 1731 neo
505 1683 567 1730 non
592 1665 624 1728 in
648 1665 785 1729 animam
809 1666 930 1730 domini
954 1665 1016 1741 sui,
1042 1664 1104 1728 nisi
1127 1664 1211 1728 idem
1227 1662 1377 1730 dominus

295 1781 449 1845 praesens
466 1765 622 1842 luerit‚·el
639 1765 775 1847 ipsemet
791 1765 822 1828 in
839 1765 976 1829 animam
992 1781 1081 1833 suam
1096 1761 1261 1845 juraverit.

334 1863 400 1928 XV.
426 1863 561 1945 insuper
578 1864 678 1945 prima
694 1864 745 1928 die
760 1881 822 1946 qua
839 1882 913 1930 rcus
929 1872 1104 1945 comparet,
1120 1871 1275 1945 proponat
1287 1871 1377 1926 actor

294 1963 468 2028 summarie
498 1980 589 2029 suam
620 1963 819 2044 petitionem,
852 1972 884 2028 et
914 1963 1013 2044 petilo
1043 1979 1100 2044 per
1129 1979 1218 2026 reum
1255 1960 1375 2036 libello,

291 2069 449 2126 statuatur
470 2062 571 2126 actori
595 2061 678 2138 dies,
696 2062 778 2126 iutra
800 2079 894 2144 quem
916 2061 1057 2127 libellum
1074 2078 1167 2126 suum
1184 2060 1331 2127 exhibeat
1345 2069 1379 2126 et

291 2159 445 2242 jnstihcet
460 2177 551 2226 suam
569 2161 766 2242 petitionem.
1006 2160 1010 2165 ’

334 2259 416 2324 xlll.
451 2259 521 2326 Nou
550 2259 730 2328 exhibentis
756 2275 859 2342 ltoena
886 2259 928 2324 sit
953 2259 1111 2325 absolutio
1138 2259 1311 2325 adversarii
1338 2259 1379 2323 ab

293 2357 444 2424 instantia
468 2358 579 2440 judieii
606 2375 678 2424 cum
705 2359 868 2441 expensis,
897 2359 957 2424 nisi
984 2359 1054 2423 dies
1080 2358 1129 2424 vel
1157 2359 1313 2424 terminus
1339 2375 1377 2424 ex

292 2473 390 2521 causa
406 2465 603 2538 prorogatus
619 2457 724 2522 luerit.

333 2555 426 2620 xvlt.
443 2554 479 2619 lh
494 2572 533 2621 ne
546 2564 667 2622 temere
680 2563 736 2621 eut
748 2557 931 2638 trequenter
944 2557 975 2620 in
988 2557 1145 2638 integrum
1156 2556 1378 2622 restitutiones

291 2661 451 2736 petantur,
468 2653 585 2734 quibus
602 2653 675 2719 lites
692 2655 798 2720 solent
815 2655 1012 2738 prolongari,
1029 2656 1177 2720 volumus
1195 2665 1227 2719 ut
1248 2657 1278 2719 in
1295 2655 1377 2721 inle-

291 2769 383 2834 grum
400 2752 636 2818 restitutionem
654 2753 855 2835 poslulantes
871 2755 1126 2820 condemnentur
1149 2755 1180 2817 in
1203 2771 1376 2836 expensas,

293 2867 431 2916 necnon
454 2851 486 2915 in
503 2851 639 2932 aliquam
663 2853 825 2928 mulctam,
842 2853 940 2918 veluti
962 2863 1099 2936 quatuor
1119 2853 1327 2929 llorenorum,
1344 2853 1372 2918 si

291 2960 413 3015 temere
429 2949 461 3014 in
477 2949 636 3032 integrum
653 2953 888 3017 restitutionem
905 2953 1147 3034 postulaverint.

332 3047 445 3112 xvlll.
480 3049 631 3116 Similiter
658 3051 712 3132 qui
739 3051 809 3116 sine
837 3051 1042 3116 fundamento
1068 3051 1240 3116 altercatus
1267 3051 1374 3127 luerit,

291 3149 525 3215 condemnetur
561 3165 619 3229 per
655 3149 932 3216 interlocutoriam
969 3151 1108 3232 desuper
1144 3149 1306 3215 serendam
1344 3149 1376 3212 in

291 3264 450 3328 expensas
480 3247 574 3313 istius
605 3248 881 3326 interlocutoriae,
914 3259 1001 3314 cum·
1025 3249 1169 3314 terminis
1206 3257 1376 3329 propterea

292 3346 439 3421 servatis,
465 3347 526 3412 nisi
550 3347 647 3429 jndex
675 3355 764 3429 putet
791 3365 951 3430 expensas
978 3349 1084 3429 potius
1111 3349 1322 3413 reservandas
1345 3349 1377 3412 in

291 3445 500 3511 definitivam.

332 3543 416 3609 xlx.
441 3545 476 3608 ln
501 3561 598 3610 causa
620 3545 836 3622 inhibitionis,
856 3547 883 3612 si
907 3563 981 3629 pars
1004 3546 1137 3611 inhibita
1163 3564 1276 3627 parere
1304 3547 1378 3612 velit

292 3642 475 3709 inhibitioni
505 3652 536 3708 et
567 3653 675 3725 parata
702 3646 743 3710 sit
770 3662 878 3711 coram
907 3646 1043 3710 lieetcre
1069 3645 1117 3710 vel
1145 3645 1379 3710 conservatore

292 3751 378 3808 stare
391 3741 468 3824 juri,
486 3739 622 3807 efficitur
638 3744 740 3808 citans
757 3753 856 3820 antor,
875 3743 1068 3826 debebitque
1084 3743 1203 3808 idcirco
1219 3743 1303 3809 diem
1320 3760 1376 3808 seu

293 3841 463 3907 terminum
480 3841 632 3922 colligere
648 3843 686 3906 ad
703 3843 918 3909 exhibendum
936 3843 1052 3909 ibidem
1070 3843 1222 3907 libellum.

334 3939 402 4003 llll.
427 3939 568 4005 Libellus
590 3957 666 4005 vero
691 3958 754 4006 non
778 3941 871 4006 aliern
897 3943 1081 4022 petitionem
1105 3942 1266 4007 contineat
1281 3957 1375 4021 uuam

292 4054 374 4114 eam,
398 4055 479 4121 quae
505 4038 537 4102 in
564 4039 680 4105 litteris
708 4040 846 4106 breviter
874 4041 932 4105 lnit
958 4050 1097 4116 narrata,
1119 4041 1205 4121 juxta
1228 4041 1377 4120 antiquas
1435 4083 1441 4096 -

290 4137 521 4218 ordinationes,
540 4139 654 4206 saltem
672 4157 733 4208 nou
751 4141 842 4208 alitor
857 4141 1042 4207 admittatur
1060 4141 1190 4206 mutatio
1208 4138 1374 4224 petitionis
1471 4163 1473 4166 ·
