3246 4944
689 417 874 527 -ssola-

238 638 302 710 boc
316 660 471 726 expresse
487 645 625 720 mentio;
644 645 765 710 idcirco
783 652 816 709 ut
831 660 959 710 omnem
975 644 1061 709 circa
1078 643 1138 707 boc
1153 634 1323 709 dubitatio·

240 760 311 808 nem
328 760 477 808 amovere
492 743 668 824 possimus,
687 743 854 824 perquiras
876 744 1025 822 cupimus
1046 758 1160 807 omnes
1183 743 1325 808 rationes

239 851 270 907 et
306 843 510 917 documenta,
538 843 655 924 quibus
690 842 759 922 jura
789 843 881 907 Sedis
912 840 1118 923 spostolicae
1147 841 1177 903 in
1208 841 1324 905 dictam

239 937 485 1005 Universitatem
511 958 658 1005 asserere
681 941 856 1014 valeamus,
881 950 912 1004 et
942 939 979 1003 ad
1007 955 1066 1003 nos
1091 939 1325 1020 quamprimum

241 1040 475 1104 transmittatis.
497 1039 530 1104 Si
554 1057 631 1105 vero
655 1040 684 1103 id
712 1043 833 1121 scripto
861 1043 967 1102 mixtus
993 1039 1162 1103 commode
1188 1039 1326 1104 sortasse

243 1138 310 1203 fieri
333 1139 567 1204 existimaveris
591 1156 708 1221 resque
730 1139 934 1218 implicatior,
952 1153 1044 1219 quam
1071 1147 1104 1200 ut
1127 1154 1183 1216 per
1203 1137 1326 1202 litteras

197 1256 200 1266 ·
242 1238 476 1318 repraesentari
501 1238 615 1318 possit,
633 1239 802 1318 vivamque
828 1248 998 1318 propterea
1024 1252 1135 1300 vocem
1162 1237 1328 1317 requirere

241 1337 399 1411 videatur,
412 1337 533 1418 poteris
548 1336 585 1400 ad
602 1353 662 1404 nos
678 1336 815 1417 aliquam
831 1353 869 1400 cx
887 1336 946 1399 ista
961 1335 1171 1399 Universitate
1190 1335 1326 1408 mittere,

242 1452 335 1516 quem
359 1435 515 1516 aptiorem
539 1435 754 1516 judicaverim
778 1436 831 1515 qui
857 1452 915 1498 tros
938 1451 1045 1498 coram
1070 1435 1110 1499 dc
1135 1433 1328 1512 supradictis

243 1538 366 1606 ductat,
381 1551 418 1597 ac
435 1534 529 1598 simul
549 1534 745 1606 necessaria,
760 1549 840 1615 quae
857 1542 982 1614 reperta
1002 1541 1107 1605 erunt.
1123 1540 1328 1597 monumenta

243 1632 372 1708 alteram
411 1633 441 1696 in
478 1650 542 1714 quo
580 1632 656 1695 mibi
691 1633 910 1712 gratissimum
949 1633 1077 1707 leceris,
1108 1640 1139 1694 et
1178 1633 1260 1695 lleus
1298 1641 1328 1694 tc

242 1732 414 1796 custodiat.
434 1733 603 1806 Bruxellis‚
621 1731 881 1812 semptembris
898 1733 990 1796 ldtt.

413 1879 646 1944 nominationis
660 1881 746 1945 Tuae
761 1881 1001 1944 amantissimus
1017 1891 1048 1944 et
1063 1879 1229 1943 studiosus

287 2012 495 2095 Salmoriptrtm
510 2033 519 2078 :
535 2014 643 2078 Luctus
659 2013 923 2094 archiepiscopus
940 2013 1158 2094 ilydruntinus
1173 2011 1328 2076 Nuncius.

290 2202 423 2283 «Super
458 2203 575 2284 quibus
611 2203 770 2268 conclusit
808 2189 995 2284 magnilicus
1033 2201 1182 2265 domiuus
1213 2201 1330 2264 Rector

247 2301 347 2364 lectas
378 2302 499 2365 litteras
530 2301 737 2365 illustrissimi
775 2301 896 2364 domini
933 2301 1045 2364 Nuncii
1084 2299 1252 2386 apostolici
1290 2300 1327 2363 ad

247 2399 490 2464 Universitatem
507 2417 580 2466 esse
599 2399 796 2465 referendas.

291 2618 304 2655 tt
325 2596 380 2661 bie
395 2596 501 2673 lunae,
515 2597 547 2660 2·
560 2597 703 2663 octobris
719 2597 793 2662 anni
813 2599 902 2670 l6l'i,
917 2597 1032 2661 indicta
1052 2597 1109 2661 luit
1124 2595 1331 2678 congregatio

247 2694 481 2760 Univcrsitatis.
502 2697 534 2760 ln
558 2715 619 2777 qua
644 2698 750 2778 posuit
774 2697 962 2778 magnificus
985 2697 1135 2762 domiuus
1161 2697 1278 2760 llector
1298 2697 1328 2758 iu

247 2795 430 2860 facultatum
452 2797 737 2863 deliberationibus
762 2817 770 2864 ε
796 2801 827 2862 l⁰
845 2800 966 2864 litteras
983 2797 1190 2862 illustrissimi
1208 2796 1328 2860 domiui

247 2893 359 2959 Nuncii
390 2898 556 2975 apostolici
584 2899 621 2963 ad
654 2899 854 2980 magnificum
881 2899 1044 2963 dominum
1075 2897 1213 2960 directas
1239 2907 1270 2962 et
1297 2896 1327 2960 111

248 2993 453 3072 deputatione
469 2996 578 3061 ultime
593 3009 718 3062 servata
736 2999 834 3062 lectas
850 3007 882 3063 et
905 2998 1095 3060 insertas...
1114 2997 1272 3072 Quantum
1288 2996 1327 3060 ad

249 3093 384 3171 primum
408 3095 567 3158 conclusit
594 3097 780 3176 magnilicus
806 3097 955 3160 dominus
983 3097 1099 3160 liertor
1124 3113 1163 3158 ex
1189 3095 1328 3158 unanimi

249 3190 430 3255 facultatum
463 3193 693 3258 deliberatione
723 3195 964 3258 rescribendum
998 3211 1072 3258 esse
1109 3193 1330 3256 illustrissimo

247 3289 378 3354 domino
401 3289 524 3356 Nuucio
543 3294 720 3374 apostolico
736 3293 981 3357 Universitatem
998 3293 1080 3354 lianc
1098 3291 1328 3356 bovaaieuscm

247 3387 286 3451 ab
318 3389 555 3455 ordinariorum
589 3391 813 3472 jurisdictione
849 3409 922 3456 esse
959 3401 1136 3468 exemptam
1175 3391 1330 3455 lracteuus

248 3487 349 3552 luisse
372 3487 594 3564 indubitatum,
613 3509 747 3574 eamque
770 3491 800 3555 in
824 3491 1037 3572 exemptionis
1054 3489 1237 3571 hujusmodi
1254 3507 1329 3552 con·

247 3586 332 3650 tiuua
350 3604 478 3664 semper
494 3599 524 3654 et
541 3589 671 3670 pacifica
689 3592 789 3654 luisse
807 3590 1015 3669 possessione
1031 3600 1062 3654 et
1082 3605 1153 3662 usu,
1171 3588 1331 3670 simulque

248 3686 420 3765 rogandam
452 3687 701 3752 illustrissimam
732 3691 827 3753 Suam
857 3688 1008 3761 Gratiam,
1038 3697 1071 3752 ut
1109 3687 1329 3769 quaestionem

248 3783 328 3847 ltauc
346 3785 480 3849 ulterius
498 3787 675 3852 indubium
696 3805 847 3853 revocare
863 3787 1064 3867 dedignetur.

290 3915 461 3996 Epistulae,
483 3935 564 4000 quac
589 3929 673 3984 extat
697 3919 728 3983 itt
753 3919 844 3985 Libro
866 3921 1035 3996 dictatoris,
1058 3919 1109 3982 bic
1132 3928 1181 3982 est
1205 3929 1296 3983 tenor
1320 3937 1328 3982 ε

291 4098 550 4183 «Supersrriptio
567 4129 576 4165 .·
596 4102 817 4167 illustrissimo
833 4121 870 4166 ac
895 4101 1165 4165 reverendissimo
1187 4100 1330 4174 domino,

248 4195 379 4260 domino
392 4199 643 4280 archiepiscopo
657 4202 867 4282 tlpdruxrrtno,
884 4200 917 4282 ju
935 4201 1079 4281 partibus
1095 4199 1190 4281 Belgi]
1208 4199 1332 4263 lluucio

248 4297 440 4375 apostolico.
