3194 4940
697 379 737 388 -
760 339 884 404 mſs*

249 535 361 593 sentes
377 525 501 592 litteras
518 524 714 605 inspecturis
737 521 886 588 salutem.
903 519 970 586 Etsi
992 529 1128 587 cunctos
1151 525 1340 587 nostrorum

247 625 465 691 dominiorum
481 623 629 690 subditos
644 639 661 687 a
678 621 837 688 molestiis
852 629 883 688 et
898 619 1170 702 oppressionibus
1185 625 1343 700 cuorum·¹

249 740 388 805 cumque
413 739 452 788 ex
477 721 623 788 iniuncto
652 721 745 787 nobis
776 721 976 804 principatus
1005 717 1112 785 ontcto
1144 719 1342 800 preserunre'

249 834 426 898 teneamur,
444 821 509 887 illis
533 837 596 887 non
619 821 791 898 immerito,
807 820 860 902 qui
877 820 1028 884 virtutum
1051 817 1251 900 scientiaque
1268 823 1339 881 stu·

247 921 323 997 diis,
337 919 428 984 vanis
444 919 714 986 oblectationibus
730 918 875 995 semotis,
890 918 1043 983 insistere
1060 927 1157 982 noctu
1173 921 1269 998 etque
1283 915 1340 980 die

246 1019 474 1094 dinoscuntur,
493 1017 669 1098 potissimis
694 1033 752 1082 nos
775 1017 868 1082 decet
893 1015 1102 1098 protectionis
1125 1015 1241 1081 edesse
1263 1027 1340 1096 pre·v

249 1117 356 1182 sidiis.
376 1115 519 1199 dignitas
532 1117 619 1182 'enim
635 1117 814 1198 principum
828 1125 904 1181 tunc
916 1131 991 1180 vere
1005 1114 1109 1179 laudis
1121 1114 1222 1179 titulis
1234 1113 1337 1179 subli-

252 1225 354 1281 matur
365 1225 397 1280 et
412 1213 565 1282 eminenti
581 1215 699 1281 decore
715 1215 884 1296 prefulget,
898 1229 971 1280 cum
988 1213 1130 1278 dominis
1146 1229 1206 1278 sue
1221 1212 1334 1278 ditioni

247 1313 392 1380 subiecta
410 1313 602 1396 prudentum
619 1314 760 1378 virorum
779 1313 982 1379 multitudine
997 1313 1030 1376 in
1053 1311 1195 1394 quelibet
1216 1311 1337 1378 littera·

248 1429 318 1477 rum
336 1412 483 1487 scientia,
503 1411 638 1478 [lumino
660 1413 798 1486 iacente,
819 1411 1022 1493 prospexerit
1043 1411 1219 1476 abundare.
1237 1410 1338 1492 idque

248 1511 399 1577 tacillime
415 1514 547 1577 euenire
562 1511 658 1585 solet,
675 1529 748 1577 cunt
764 1511 870 1576 studia
889 1511 1016 1592 publice
1033 1521 1064 1575 et
1079 1509 1242 1592 generalia
1265 1509 1335 1576 suis

247 1612 279 1673 in
296 1609 448 1676 dominiis
469 1612 507 1675 ad
525 1627 658 1676 suorum
675 1610 877 1676 subditorum
901 1609 1163 1676 commoditatem
1180 1608 1335 1675 meruerit

248 1708 405 1785 obtinere,
413 1719 444 1774 et
457 1710 487 1773 in
501 1709 550 1774 lais
564 1710 726 1776 ieruenten
738 1701 917 1776 litterarum
931 1709 1048 1774 studiis
1061 1723 1192 1789 operam
1206 1709 1335 1784 dautes,

246 1807 366 1888 quietis
378 1818 410 1874 et
422 1809 662 1892 tranquillitatis
673 1809 844 1874 dulcedine
858 1809 1021 1890 pertusos,
1032 1825 1049 1872 a
1062 1808 1187 1874 cunctis
1199 1824 1331 1890 oppres·

243 1907 395 1972 sionibus
420 1917 452 1974 et
478 1909 619 1998 externis
645 1908 882 1974 tornutionibus
912 1907 1034 1974 liberos
1065 1907 1226 1972 studuerit
1255 1922 1336 1974 oen·

245 2021 391 2072 seruare.
998 2091 1001 2098 Ι

288 2105 370 2170 Sane
382 2105 574 2172 dilectorum
588 2116 772 2196 nostrorum
783 2105 931 2171 Rectoris
943 2114 974 2170 et
988 2105 1212 2170 universorum
1224 2105 1333 2172 docto·

247 2220 332 2279 rum,
344 2204 571 2286 magistrorum
586 2214 617 2270 et
632 2205 842 2280 scholarium,
857 2213 1102 2286 ceterarumque
1119 2195 1331 2283 personarum

243 2301 363 2368 dilecte
390 2303 455 2368 illie
482 2314 591 2369 nostre
613 2304 839 2370 Uniuersitatis
864 2303 1075 2394 Louaniensis
1097 2297 1335 2384 conquestione

247 2402 461 2482 percepimus,
478 2405 563 2484 quod
582 2403 726 2469 nonnulli
747 2402 894 2470 officiarii
917 2401 1019 2468 nostri
1039 2401 1125 2481 opidi
1150 2401 1328 2468 Louanien·

244 2499 305 2575 sis,
319 2516 392 2564 cum
411 2501 547 2582 contigit
564 2502 604 2566 ab
621 2503 682 2566 hoc
698 2502 810 2568 seculo
825 2502 985 2568 decedere
1000 2500 1129 2581 aliquod
1145 2501 1329 2584 supposito·

245 2613 316 2662 num
337 2597 440 2678 ipsius
463 2598 580 2666 dilecte
603 2599 666 2666 illie
690 2609 800 2665 nostre
824 2601 856 2662 in
880 2599 951 2680 ipso
974 2599 1072 2679 opido
1096 2607 1207 2664 nostro
1229 2600 1332 2666 Loua-

247 2691 362 2770 niensi,
377 2695 408 2759 in
421 2697 515 2762 bonis
527 2698 784 2780 quibuscumque
798 2715 854 2780 per
867 2697 929 2763 tale
945 2698 1148 2779 suppositum
1165 2697 1329 2764 derelictis

245 2794 508 2874 impedimentum
531 2797 669 2874 iaciunt,
693 2798 854 2882 omniaet
876 2797 1002 2878 singula
1027 2797 1059 2861 in
1086 2797 1156 2862 suls
1183 2797 1331 2864 manibus

246 2903 406 2974 tatnquam
422 2894 453 2958 in
472 2904 581 2962 nostra
596 2905 763 2976 ponentes,
778 2907 810 2961 et
825 2896 873 2962 sic
886 2895 1035 2976 impedita
1051 2905 1209 2972 tenentes,
1223 2897 1329 2964 donec

242 3002 277 3056 ct
292 3009 462 3074 quousque
477 2994 526 3058 eis
540 2995 721 3061 clarissime
736 3005 863 3060 constat
879 2995 968 3076 ipsos
983 2995 1032 3060 sic
1047 2995 1243 3061 decedentes
1255 3013 1332 3062 esse

244 3106 284 3156 ex
299 3091 442 3174 legitime
457 3095 550 3161 thoro
567 3105 771 3176 procreatum
793 3095 878 3177 quod
902 3095 1030 3176 quidem
1055 3095 1240 3176 sepissima,
1254 3111 1327 3161 cum

242 3191 341 3272 aliqui
357 3208 397 3256 ex
413 3209 513 3274 regno
533 3193 597 3258 sint
614 3193 757 3270 Francis,
776 3194 901 3276 Anglie,
918 3193 1037 3268 scotie,
1056 3195 1163 3266 Dacis,
1177 3194 1326 3261 Alemon-

243 3289 307 3363 nie,
326 3290 374 3354 uel
398 3291 470 3356 aliis
493 3292 680 3372 regionibus
703 3293 899 3374 longinquis,
917 3292 1105 3358 difficillime
1122 3293 1189 3358 lieri
1207 3302 1324 3375 potest.

245 3387 281 3451 lit
303 3389 450 3469 quamuis
473 3390 533 3471 ipsi
557 3391 737 3468 studentes,
755 3401 849 3472 prout
872 3389 1005 3472 dejure
1028 3391 1152 3472 scripto
1176 3400 1324 3472 possunt,

244 3497 435 3553 testamento
451 3491 499 3554 vel
516 3489 579 3555 elio
595 3491 711 3572 quouis
729 3491 825 3556 modo
837 3490 980 3572 legitimo
992 3491 1033 3556 de
1047 3491 1116 3556 suis
1130 3490 1236 3567 benis,
1250 3493 1325 3557 dum

244 3585 399 3661 sinerent,
416 3587 648 3668 disposuerint,
667 3589 763 3671 idque
784 3589 864 3672 ipsis
887 3589 1053 3654 officiariis
1076 3590 1163 3655 clare
1185 3599 1326 3670 constet,

239 3700 260 3746 a
275 3681 370 3748 dictis
387 3694 491 3751 temen
507 3687 744 3768 impedimentis
760 3689 919 3753 desistere
935 3699 1096 3753 recusant.

283 3781 351 3857 Que
373 3783 501 3864 quidem
520 3785 751 3868 impedimenta
774 3797 934 3868 tamquam
952 3788 1066 3851 rationi
1083 3787 1214 3852 dissona
1231 3797 1327 3870 etque

238 3881 401 3946 contraria
418 3883 593 3964 reipublice
604 3887 773 3968 terrtsque
787 3886 1009 3951 adiacenttbus
1032 3887 1181 3962 aduersa,
1199 3895 1231 3953 et
1253 3881 1333 3952 aliis*

240 3978 273 4042 in
296 3977 579 4059 Uniuersitatibus,
603 3985 674 4050 siue
696 3984 950 4060 citramontanis,
975 3985 1045 4049 siue
1069 3977 1330 4060 ultramontanis,¹

239 4075 370 4144 minime
397 4081 586 4162 practicata,
616 4084 729 4148 tollere
756 4099 793 4148 ac
820 4083 927 4148 omnia
954 4083 992 4148 ad
1022 4095 1141 4149 rectam
1168 4076 1328 4150 rationem
