3112 4942
561 495 563 498 Ι
663 395 831 465 -u-

236 573 279 640 Et
301 589 364 658 ego
380 573 569 642 asarinus
595 573 700 640 dietus
726 573 772 642 do
794 573 997 657 llugatdeu
1016 575 1114 642 alias
1137 575 1181 640 de
1205 575 1295 642 llus·

189 673 288 749 tela,
312 672 475 752 presbiter
496 671 686 738 Leodiaruis
708 671 863 742 diocesis.
887 673 1034 755 publicus
1057 672 1237 756 apostoliea
1259 683 1292 740 et

191 771 360 854 imperiali
373 770 621 838 auetoritatibus
637 777 699 836 ato.
717 771 769 849 (ll.

240 985 458 1061 Ittstallation,
486 984 724 1066 inauguration
748 983 922 1048 solenaalle
950 984 991 1046 de
1022 983 1234 1050 tvntversita
1261 995 1293 1046 et

188 1093 374 1148 osannae
394 1082 451 1146 des
477 1101 586 1145 cours.
612 1083 701 1146 Dans
725 1101 760 1144 sa
785 1080 940 1162 premiere
966 1081 1103 1146 reunion
1128 1080 1288 1156 officielle,

193 1195 294 1247 tenue
310 1181 340 1244 le
353 1181 374 1243 6
389 1181 568 1262 septembre
587 1183 676 1264 1426,
694 1181 723 1244 le
737 1201 831 1262 corps
846 1181 1113 1258 universitalrelal
1128 1181 1195 1246 elut
1210 1199 1295 1263 pour

202 1293 325 1346 recteur
337 1279 523 1344 Guillaume
536 1279 671 1362 Nepotis
683 1299 725 1342 ou
740 1279 846 1355 Neefs‚
860 1279 996 1344 ecoldtre
1007 1279 1048 1341 de
1061 1278 1289 1354 Saint-Pierre,

200 1392 231 1444 et
244 1392 334 1462 recut
349 1378 379 1440 la
395 1375 517 1440 cession
534 1379 573 1440 de
589 1392 678 1442 toute
692 1377 880 1460 juridiction
896 1397 951 1440 sur
965 1377 1010 1440 les
1027 1379 1185 1440 membres
1200 1391 1231 1442 et
1247 1377 1291 1440 les

190 1477 335 1562 ,suppdts
349 1478 389 1540 de
404 1473 620 1552 1‘Universite,
635 1475 708 1540 faite
723 1491 812 1541 entre
827 1497 874 1540 ses
890 1476 994 1542 mains
1010 1496 1066 1562 par
1080 1476 1110 1538 le
1125 1475 1291 1558 magistrat

190 1574 400 1639 communal.
427 1575 690 1656 L'inauguration
717 1575 890 1638 solennelle
916 1574 955 1638 de
978 1575 1007 1638 la
1031 1574 1178 1638 nouvelle
1200 1573 1289 1639 insti·

201 1675 309 1739 tution
318 1688 372 1738 eut
385 1673 461 1750 lieu,
474 1693 513 1735 en
526 1673 642 1756 l'dglise
653 1673 693 1736 de
706 1673 934 1750 Saint-Pierre,
949 1675 978 1738 le
989 1673 1170 1737 lendemain
1185 1697 1205 1760 7
1220 1692 1291 1755 sep·

200 1773 335 1846 tembre,
352 1772 522 1836 dimanche
547 1771 586 1834 de
611 1771 642 1834 la
669 1773 826 1835 kermesse
848 1773 887 1835 de
912 1773 1071 1836 Louvain.
1098 1773 1230 1835 Nicolas
1253 1771 1293 1834 de

203 1871 352 1945 prumea,
367 1873 545 1954 prolesseur
561 1871 600 1932 de
616 1871 700 1934 droit
714 1871 907 1953 canonique,
922 1891 1087 1954 prononea
1103 1871 1132 1934 le
1146 1871 1292 1933 discours

199 1969 382 2052 inaugural,
399 1970 480 2032 dans
500 1968 604 2052 lequel
627 1969 648 2030 il
671 1969 791 2034 traitait
814 1971 869 2032 des
892 1969 1030 2032 sciences
1052 1988 1091 2032 en
1106 1968 1244 2052 general,
1262 1983 1292 2032 et

190 2067 239 2130 -de
253 2068 288 2130 la·
305 2067 399 2148 jeune
416 2067 596 2131 Univeraite
618 2087 658 2130 en
681 2067 873 2150 particulier.
893 2067 1055 2130 Plusieurs
1077 2087 1289 2149 personnages

199 2167 239 2229 de
264 2165 468 2242 distinction,
495 2179 696 2230 notamment
721 2167 856 2250 Jacques
883 2167 922 2228 de
951 2167 1118 2242 Bourbon,
1144 2166 1291 2230 Wauticr

201 2265 273 2330 Van
288 2264 346 2326 der
367 2265 457 2328 Noot
478 2279 508 2328 et
529 2265 545 2328 J
550 2284 621 2340 ean,
639 2264 784 2346 seigneur
799 2265 838 2327 de
853 2263 1045 2340 Wesemael‚
1063 2277 1135 2329 tous
1151 2265 1196 2327 les
1211 2265 1289 2328 trois

196 2361 383 2426 conseillers
412 2363 457 2424 du
486 2363 561 2437 duc,
592 2363 681 2442 etla
711 2363 839 2447 plupart
867 2364 921 2426 des
954 2365 1051 2428 abbes
1088 2365 1288 2446 brabancons

199 2459 420 2526 rehaussdrent
443 2461 472 2523 la
494 2462 673 2525 ceremonie
695 2483 752 2545 par
774 2463 843 2526 leur
865 2466 1024 2546 presence.
1043 2461 1140 2526 Selon
1163 2461 1192 2524 la
1212 2481 1289 2524 cou-

236 2659 275 2730 (Ι)
297 2659 335 2714 La
348 2659 456 2714 leuillet
468 2659 516 2730 qui
531 2660 666 2714 ranserma
679 2659 706 2712 la
721 2661 758 2714 lln
772 2661 806 2714 da
818 2659 897 2727 lfiaote
910 2666 952 2714 est
964 2660 1070 2716 anlavi.

231 2750 268 2812 (at
288 2748 308 2798 ll
325 2749 423 2800 results
435 2748 468 2798 de
480 2747 554 2798 l'acte
566 2748 599 2800 de
611 2747 716 2800 cession
729 2749 799 2800 dela
811 2748 961 2812 juridiction
974 2751 1154 2812 communale,
1167 2758 1223 2800 acte
1235 2763 1288 2815 que

199 2845 270 2881 nous
290 2845 374 2882 avons
396 2830 534 2896 reptodult
557 2829 698 2888 cidessus,
722 2847 749 2897 p.
773 2846 857 2898 33·35,
879 2846 932 2898 que
956 2832 981 2882 le
1003 2845 1083 2898 corps
1108 2829 1288 2884 universitaire

199 2927 230 2964 se
241 2912 391 2978 composuit
402 2927 507 2964 comme
517 2912 571 2964 suit
584 2931 590 2964 ι
604 2933 618 2956 ι
628 2912 825 2966 Willtelmus
839 2913 989 2980 Nepotis.
1002 2915 1158 2966 scolasticus
1176 2912 1285 2964 ecclesie

198 3016 214 3040 n
226 2994 365 3062 collegiate
382 2994 465 3046 sancti
483 2994 551 3044 Petri
566 2995 745 3056 hommensis,
759 2995 884 3062 magister
896 2995 922 3046 in
935 2997 1036 3048 artibus
1048 3006 1074 3047 et
1086 2995 1248 3048 baccalarius
1260 2993 1286 3044 in

198 3099 214 3122 a
226 3077 283 3140 jure
293 3077 430 3139 canonico,
443 3077 541 3128 Rector
553 3077 737 3128 Vniuersitatis
750 3077 928 3138 Lovaniensis,
938 3079 950 3128 l
959 3078 1105 3130 ohannes
1117 3079 1154 3128 de
1167 3078 1286 3130 Groes·

198 3181 213 3204 n
227 3160 321 3222 beke,
334 3160 432 3226 legum,
448 3158 603 3210 Nicolaus
615 3160 652 3210 de
669 3161 817 3220 Prumea,
832 3161 970 3228 utriusque
982 3162 1056 3226 luris,
1069 3160 1235 3212 Johannes
1251 3161 1289 3210 de

201 3264 216 3288 n
229 3242 322 3304 Neel,
336 3241 465 3292 medicine
483 3242 605 3294 doctores
623 3253 649 3292 et
668 3241 693 3292 in
713 3243 815 3294 artibus
834 3242 960 3309 magistri,
981 3244 1145 3294 Gerardus
1165 3243 1289 3308 Bruyn.

197 3347 213 3370 ι
226 3323 253 3374 in
272 3324 374 3376 artibus
393 3323 516 3390 magister
534 3323 605 3376 etin
624 3323 681 3388 jure
700 3324 828 3376 canonico
848 3326 1019 3386 baccalarius,
1033 3324 1142 3376 ecclesie
1154 3323 1289 3390 collegiate

199 3428 215 3451 η
227 3405 310 3456 uncti
325 3406 393 3456 Petri
408 3405 578 3458 Lovaniensis
591 3406 717 3466 decanus,
735 3406 897 3458 llenricus
916 3409 953 3458 de
974 3408 1075 3466 Mera,
1089 3407 1115 3456 in
1133 3405 1191 3469 jure
1208 3421 1289 3456 cano-

199 3488 288 3538 nnico
311 3487 468 3548 licentiatus,
493 3488 696 3540 Godelridus
720 3489 883 3550 Cromme,
904 3489 1071 3540 lohannes
1094 3491 1133 3540 de
1155 3489 1287 3548 Tuldel,

200 3570 393 3621 „lohannes
413 3569 579 3637 Rodolplti
600 3571 664 3621 alias
688 3572 849 3638 Flamingi
870 3573 903 3622 de
925 3573 1085 3632 aldenardo,
1110 3573 1225 3622 Petrus
1245 3570 1288 3620 De

200 3651 391 3711 suenone,
419 3652 563 3703 loannes
593 3653 801 3718 Stocltelpot‚
831 3652 1032 3705 Godefridus
1061 3656 1098 3704 de
1133 3653 1289 3719 Gompel,

201 3734 393 3785 »lohannes
407 3735 582 3796 Keemnn,
596 3735 818 3787 etAmelricus
836 3737 873 3786 de
894 3736 1098 3801 Sicltenia,in
1117 3735 1218 3788 artibus
1236 3750 1291 3786 ma·

201 3839 214 3860 n
227 3817 311 3882 gistri.
324 3833 428 3868 necnon
444 3817 613 3869 lohannes
631 3819 668 3868 de
688 3819 783 3884 Lyra,
798 3818 824 3868 in
840 3818 897 3880 iure
916 3819 1045 3869 canonico
1063 3819 1256 3872 buccellarius.»
1270 3818 1290 3867 ll

193 3909 240 3949 -est
251 3897 266 3948 d
279 3913 435 3964 remarquer
447 3913 499 3965 que
512 3899 536 3950 le
548 3914 627 3966 corps
640 3899 820 3950 universitalre
836 3900 923 3951 n'etait
937 3915 984 3966 pas
995 3901 1145 3951 seulement
1164 3900 1291 3965 compose¹

193 3981 248 4031 des
261 3979 442 4046 prolesseurs3
461 3981 594 4047 plusieurs
611 3993 699 4033 autres
719 3995 864 4045 personnes
881 3999 915 4034 en
936 3981 1054 4033 laisaient
1073 3982 1165 4049 partie.
1181 3983 1217 4033 Le
1237 3995 1292 4031 rec·

201 4075 260 4114 teur
277 4063 429 4114 Guillaume
447 4063 528 4128 Neet'p
545 4079 582 4116 ou
601 4065 713 4131 Nepotis
734 4075 760 4114 et
782 4065 805 4114 le
826 4066 913 4131 doyen
931 4067 964 4117 de
986 4065 1165 4117 sant-eterre
1187 4064 1289 4115 Gerard

205 4145 242 4196 ue
257 4147 356 4212 Bruyu,
370 4145 415 4211 qui
433 4147 506 4198 n’ont
524 4149 615 4208 iamais
631 4146 755 4213 enseigne'
768 4148 782 4197 t
796 4147 973 4208 l'Untversite‘,
983 4148 1182 4214 appartenaient
1194 4146 1208 4196 a
1220 4154 1289 4196 cette

194 4225 322 4280 -derni‘ere
333 4228 426 4278 classe.
1205 4227 1222 4278 6
