3236 4944
717 473 757 488 -
780 435 850 503 tou·
865 473 906 485 -

264 638 446 688 »assessor
468 619 722 700 ecclesiasticus,
741 629 772 686 et
788 620 882 704 paulo
906 628 992 702 post,
1009 636 1094 685 anno
1116 615 1242 687 scilieet
1259 619 1349 696 tota,

263 721 468 804 espiscopus
484 719 751 796 hudemarensis,
769 720 895 786 demum
913 735 996 785 anno
1014 719 1094 784 toto
1110 717 1350 786 Cameracensis

262 844 276 881 u
294 817 536 902 archipraesul),
555 819 671 884 litteris
694 819 939 886 humanioribus
957 835 1089 901 operam
1112 819 1201 884 dedit
1216 821 1350 886 hntver·

262 943 275 981 u
295 919 365 1001 piae
385 919 417 983 in
437 919 585 985 convictu
604 918 662 984 PP.
680 919 849 984 societatis
864 919 939 984 lesu
956 917 1116 995 habitans,
1133 927 1165 984 et
1180 918 1350 984 altioribus

262 1041 275 1080 r
294 1017 439 1084 scientiis
461 1017 607 1084 eruditus
624 1019 682 1084 init
703 1018 812 1084 linaei.
831 1018 891 1082 Per
912 1017 1040 1100 aliquod
1059 1027 1186 1099 tempus
1203 1033 1263 1082 una
1277 1033 1349 1084 cunr

262 1139 275 1176 ι
295 1116 391 1182 tratre
406 1115 578 1182 Francisoo
593 1117 747 1200 losepho,
767 1127 840 1183 natu
859 1117 992 1199 majore,
1007 1117 1097 1180 marti
1117 1131 1232 1181 nomeu
1248 1117 1348 1190 dedit,

256 1225 276 1277 ἰ
293 1227 388 1298 atque
410 1233 427 1282 a
452 1217 562 1282 militia
585 1217 742 1282 saeculari
765 1217 803 1282 ad
828 1218 923 1282 vitam
946 1215 1201 1312 ecelesiasticam
1224 1215 1349 1280 transiit

263 1337 276 1375 r
294 1331 378 1381 anno
393 1317 506 1382 aetatis
531 1316 695 1398 trigesimo
714 1364 776 1380 .....
782 1364 790 1380 .
808 1315 1037 1382 Canonieatum
1052 1313 1294 1381 Gandarcnsem
1317 1324 1349 1381 et

262 1414 517 1481 »scholastriam
536 1417 689 1497 usquead
708 1415 820 1497 diunii
838 1415 917 1480 1709
940 1415 1052 1489 tenuit,
1070 1413 1158 1488 dom,
1176 1413 1298 1478 electus
1316 1413 1347 1478 in

262 1513 450 1578 »decanum
475 1513 577 1594 ipsius
602 1514 744 1597 capituli,
769 1515 851 1580 hanc
876 1513 1061 1595 dignitatem
1085 1511 1275 1594 acceptavit.
1299 1521 1349 1576 ast

263 1613 535 1693 »possessionem
560 1630 623 1678 non
646 1613 734 1678 adiit.
755 1613 878 1678 interea
902 1629 919 1676 a
940 1629 1031 1677 sacra
1049 1611 1214 1692 hlajestate
1236 1611 1347 1675 catho-

263 1711 355 1777 »tiea
372 1711 556 1777 nominatus
579 1713 736 1778 ecelesiae
759 1713 948 1794 collegiatae
963 1712 996 1776 S.
1017 1711 1180 1778 liermetis'
1192 1706 1347 1776 Rotlmaci

263 1811 510 1892 »praepositus
530 1814 719 1877 decanatum
742 1811 985 1878 (landavensem
1008 1809 1141 1874 dimisit.
1165 1806 1308 1891 lienique
1329 1824 1346 1871 a

262 1910 502 1975 »serenissima
526 1911 625 1993 Belgii
647 1912 872 1994 gubernatrice
889 1911 985 1976 hlaria
1004 1909 1186 1976 Elisabetlra
1210 1908 1348 1990 insignis

262 2008 423 2090 »capituli
449 2011 483 2074 0.
503 2009 585 2076 Petri
604 2010 813 2077 lovaniensis
838 2011 1042 2092 praepositus
1065 2015 1191 2092 unaque
1215 2009 1347 2073 Univer-

263 2131 277 2168 »
295 2107 401 2174 sitatis
416 2109 628 2175 cancellarius
642 2111 699 2175 luit
717 2111 899 2177 nominatus
915 2128 1000 2176 anno
1018 2109 1108 2174 1731.
1127 2111 1211 2182 htot
1226 2107 1345 2173 diversi

262 2229 277 2268 ι
293 2207 422 2290 generis
440 2209 628 2275 muneribus
644 2228 681 2275 ac
696 2210 905 2292 dignitatibus
921 2227 1060 2293 agnosce
1077 2209 1270 2290 perillustris
1287 2207 1345 2271 riri

260 2333 275 2370 o
295 2309 418 2388 merita,
436 2311 502 2394 qui,
520 2312 593 2378 ticet
609 2313 790 2380 valetudine
814 2331 894 2394 pene
909 2330 1038 2394 semper
1055 2312 1192 2388 infirma,
1210 2313 1241 2376 iu
1258 2312 1346 2376 labo·

262 2432 275 2470 u
294 2409 394 2474 raudo
410 2421 478 2476 erat
495 2411 689 2490 indefessus,
706 2421 767 2478 etc.
785 2437 799 2474 u
818 2413 902 2479 llaec
917 2415 989 2478 err.

302 2591 352 2655 lii.
374 2593 509 2658 Joorrnea
526 2593 710 2658 Benedictus
724 2595 876 2677 Iosephus
891 2595 929 2658 dc
942 2593 1096 2668 Scoclrart,
1115 2611 1153 2659 ex
1173 2593 1345 2659 comitibus

258 2689 299 2756 de
319 2691 487 2767 Tirimont,
505 2693 658 2774 toparcha
681 2693 721 2759 de
746 2693 947 2775 Harmignies
969 2703 1001 2759 et
1024 2693 1345 2776 000070οΒ100-

258 2788 372 2868 iensis,
403 2802 492 2872 patre
529 2793 690 2858 Ludovico
729 2794 923 2872 Alexandro,
944 2793 1071 2858 'comite
1107 2794 1147 2858 de
1176 2793 1343 2870 Tirimont,

259 2887 380 2954 barone
402 2889 443 2954 de
465 2887 641 2964 crespeel,
659 2899 735 2968 ete,
753 2891 925 2956 sanctioris
948 2909 985 2956 ac
1008 2891 1087 2973 regii
1112 2900 1243 2956 senatus
1266 2908 1344 2955 con·

258 2987 392 3062 siliario,
416 2988 576 3070 qnondam
600 2990 715 3054 aerarii
741 2991 820 3072 regii
845 2992 1017 3069 praelecto,
1043 2989 1201 3055 Bruxellis
1227 2991 1246 3053 8
1271 2989 1342 3053 maii

258 3087 339 3151 1708
360 3087 512 3153 defuncto
535 3098 638 3154 aetate
660 3105 816 3154 annornm
840 3090 890 3164 71,
910 3099 1010 3154 matre
1025 3089 1146 3154 loanna
1164 3089 1342 3170 t’hilippina

258 3185 422 3263 Franpois,
441 3186 568 3252 domina
589 3187 629 3253 de
644 3187 841 3269 Trahegnies
856 3199 919 3264 etc,
937 3189 1043 3253 idibus
1066 3187 1246 3253 decembris
1263 3188 1338 3251 1701

258 3293 395 3359 mortua,
410 3294 520 3360 natos;
533 3285 573 3350 ab
586 3303 671 3351 anno
685 3287 774 3359 1707,
789 3287 892 3352 01007
906 3285 1112 3368 septembris,
1127 3285 1156 3348 iu
1174 3286 1342 3366 collegiata

257 3383 294 3446 b.
312 3383 454 3448 Godnlae
473 3382 503 3447 in
523 3383 601 3450 urbe
618 3385 718 3467 patrio
734 3387 921 3463 canonicus
938 3402 1023 3451 anno
1044 3385 1120 3449 1711
1138 3385 1168 3448 in
1185 3384 1340 3450 decanum

256 3484 379 3552 electus
396 3496 426 3550 et
441 3501 457 3550 a
475 3487 588 3552 carolo
606 3487 643 3552 Vl
659 3504 792 3554 caesare
807 3487 1027 3562 confirmatus,
1043 3489 1125 3578 trane
1140 3485 1340 3570 dignitatem.

257 3595 418 3652 reseruata
446 3596 548 3652 tamen
573 3587 632 3652 sibi
662 3587 842 3666 praebenda
868 3587 1057 3662 canonicali,
1075 3597 1192 3668 sponte
1214 3585 1343 3651 demisit

257 3701 367 3750 mense
393 3685 484 3767 junio
515 3687 588 3750 anni
621 3687 712 3763 1710,
744 3687 845 3752 iactus
875 3703 961 3752 anno
992 3685 1084 3758 1736.
1117 3675 1189 3768 post
1217 3685 1339 3750 obitum

257 3782 293 3846 b.
310 3781 502 3866 d'Ongnyes,
520 3785 657 3864 insignis
678 3785 808 3867 capituli
827 3785 863 3849 b.
882 3785 965 3850 reta
982 3785 1112 3850 chanii
1136 3784 1340 3866 praepostus

255 3891 287 3947 et
303 3882 525 3949 Universitatis
550 3885 772 3958 cancellarius,
790 3884 898 3966 ibique
920 3902 956 3950 se
979 3884 1111 3966 recepit.
1129 3887 1221 3967 huno
1246 3883 1338 3959 tata,

256 3981 288 4046 in
304 3982 408 4048 locum
423 3984 682 4049 reverendissimi
697 3983 901 4048 D.Gnilielmi
916 3983 1049 4065 Philippi
1066 4001 1084 4048 e
1101 3981 1339 4047 marchionibus

255 4083 295 4146 de
312 4083 614 4158 ller·zelles,abbatis
627 4083 883 4160 S.Gertrudis,ad
898 4083 1106 4148 lovaniensis
1118 4077 1337 4165 episcopatum

255 4182 520 4262 hntrorpiensem
539 4183 689 4265 promoti,
708 4182 809 4248 lactus
832 4192 882 4248 est
898 4183 1030 4264 iusuper
1051 4191 1260 4247 conservator
1276 4181 1339 4263 pri·
