3240 4946
709 456 894 528 -ll‘l-

259 642 455 726 coriciperet,
481 653 574 725 prout
602 643 697 710 etiarn
722 644 798 726 illos
825 643 973 724 concepit
997 642 1130 724 ibidem.
1156 641 1192 710 m
1219 643 1344 712 tandem

262 756 335 826 post
360 745 474 825 longas
501 752 532 808 et
561 744 676 808 multas
701 743 947 809 sollicitationes
974 760 1031 824 per
1052 743 1160 824 ipsum
1183 745 1346 810 dominum

264 841 421 910 rectorem
446 843 565 924 ibidem
594 844 705 917 lactas,
734 859 814 924 quas
840 843 989 907 dominus
1016 853 1122 908 rector
1148 843 1185 907 ad
1217 845 1345 926 longum

263 943 415 1014 narrauit,
439 941 590 1006 dominus
612 941 824 1006 cancellarius
848 941 974 1004 bustric
997 950 1027 1006 ct
1051 942 1220 1008 consilium
1245 945 1347 1008 maius

263 1051 433 1124 passarum
449 1041 602 1104 articulos
616 1039 650 1120 iu
668 1041 779 1114 torma,
799 1049 892 1120 prout
906 1038 979 1120 ipse
994 1041 1144 1104 dominns
1161 1049 1267 1106 rector
1288 1059 1346 1107 eos

237 1181 240 1188 ·
262 1149 466 1222 conceperat,
482 1139 566 1213 licet,
581 1151 611 1202 rt
625 1138 710 1219 idem
726 1139 939 1204 cancellarius
953 1140 1104 1213 asseruit,
1118 1149 1229 1206 essent
1241 1141 1346 1204 minus

262 1238 460 1303 sufficientes
492 1255 549 1318 pro
578 1237 804 1302 reformatione
830 1239 1090 1312 conser·natorie;
1120 1240 1348 1303 nichilominus

264 1347 367 1402 tamen
397 1353 454 1416 pro
481 1338 539 1400 bae
566 1334 636 1402 vice
663 1335 775 1400 volens
802 1339 877 1400 mite
903 1352 998 1416 agere
1024 1353 1096 1400 cnm
1127 1337 1346 1412 universitate,

263 1436 355 1502 onius
386 1435 588 1516 suppositum
618 1451 692 1500 esse
721 1435 849 1509 asserit,
879 1435 1040 1504 atellam
1077 1437 1349 1516 contemplatione

259 1535 365 1616 ipsius
388 1533 510 1598 domini
534 1533 682 1610 rectoris,
700 1535 830 1600 eosdem
854 1533 982 1598 admisit
1002 1533 1036 1614 in
1062 1534 1160 1598 forma
1178 1545 1368 1618 conceptas

262 1633 365 1698 donec
394 1633 543 1712 princeps
570 1632 654 1696 aliud
683 1631 892 1706 ordinauerit,
921 1632 1013 1697 saluo
1042 1634 1125 1713 quod
1155 1633 1348 1699 uniuersitas

265 1732 358 1798 iaciat
377 1731 454 1813 illos
476 1731 642 1811 obseruari
668 1748 726 1810 per
747 1730 924 1808 officiatos;
950 1732 1099 1812 anninus
1113 1732 1293 1813 iuramenta
1310 1735 1349 1798 de

265 1829 470 1897 obseruando
499 1830 631 1894 eosdem
660 1830 816 1894 articulos
846 1830 945 1910 recipi
976 1830 1088 1894 voluit.
1116 1831 1349 1895 Nicbilominus

270 1942 374 1994 tamen
404 1929 521 1993 adiecit
552 1929 727 2009 principem
759 1946 822 1994 non
853 1915 983 1993 babere
1002 1945 1115 1994 manus
1145 1929 1285 1995 clausas.
1313 1929 1352 1994 Et

266 2028 377 2092 ultimo
409 2026 570 2090 mandauit
600 2027 731 2091 domino
761 2025 983 2102 audientialis,
1016 2027 1164 2092 videlieet
1197 2028 1352 2110 magistro

266 2127 413 2207 Philippo
452 2125 607 2201 llaneton,
638 2134 670 2189 vt
706 2141 805 2206 super
842 2125 1011 2206 premissis
1048 2127 1212 2206 expediret
1242 2127 1351 2192 literas

265 2225 421 2304 principis
451 2241 523 2288 cum
550 2223 728 2304 insertione
757 2224 966 2288 articulorum
1002 2224 1229 2304 predictorum.
1261 2224 1349 2299 Quos
1435 2212 1440 2220 ’

262 2324 389 2404 quidem
413 2323 567 2387 articulos
590 2323 776 2404 obligationi
797 2324 1021 2407 puiuersitatis
1042 2324 1202 2390 antedicto
1219 2325 1349 2388 domino
1402 2338 1406 2345 ·

263 2423 456 2486 cancellario
480 2422 608 2486 nomine
632 2421 787 2501 principis
811 2421 1089 2501 traditeiusertos
1109 2421 1179 2502 ipse
1195 2423 1346 2488 dominns

265 2530 371 2587 rector
391 2521 425 2602 in
450 2521 698 2604 congregatione
721 2520 903 2585 huiusmodi
929 2521 1050 2584 tenoris
1070 2521 1266 2601 infrascripti
1286 2521 1346 2602 legi

261 2619 368 2700 iussit.
386 2617 506 2692 Quibus
523 2620 629 2693 lectis,
647 2619 754 2701 posuit
766 2618 853 2699 idem
869 2619 1020 2683 dominus
1043 2629 1149 2684 rector
1169 2619 1202 2700 in
1227 2619 1348 2683 delibe-

265 2719 388 2784 ratione
414 2720 616 2783 dominorum
643 2734 683 2781 an
711 2717 894 2782 buiusmodi
917 2717 1041 2799 articuli
1067 2718 1230 2798 placeant;
1255 2725 1347 2782 etan

265 2818 387 2898 placeat
402 2819 487 2898 quod
504 2820 708 2882 extrahantur
725 2817 860 2897 pecunie
877 2834 915 2881 ex
930 2818 1025 2881 arella
1043 2834 1105 2898 que
1128 2827 1179 2882 est
1201 2816 1347 2897 diminuti

266 2915 418 2996 ponderis
434 2918 471 2980 ad
489 2915 712 2996 deponendum
726 2915 761 2996 in
779 2915 901 2990 banco;
919 2925 949 2980 ot
964 2916 1072 2982 ultimo
1085 2916 1238 2996 deputare
1253 2931 1347 2981 vuum

266 3013 318 3094 qui
347 3014 474 3077 babebit
497 3014 639 3093 recipere
664 3015 831 3094 pecuniam
855 3015 1097 3094 pronenientem
1120 3031 1159 3078 ex
1182 3023 1348 3094 transpor-

266 3115 351 3178 tibus
385 3113 473 3195 iuxta
503 3124 647 3178 tenorem
677 3115 835 3178 dictorum
867 3114 1093 3188 articulorum
1125 3125 1155 3178 et
1185 3115 1279 3179 etiam
1308 3131 1348 3178 an

268 3215 389 3293 placeat
412 3212 569 3278 officiatos
594 3227 784 3292 suspensos,
810 3213 944 3291 prestito
962 3212 1146 3298 iuramento
1172 3213 1213 3277 de
1238 3207 1351 3278 obser·

268 3312 381 3377 candia
404 3312 499 3380 dictis
522 3311 679 3385 articulis,
704 3311 891 3374 continuare
912 3310 945 3390 in
970 3327 1081 3375 eorum
1105 3311 1224 3394 offitiis.
1249 3314 1351 3393 Super

267 3412 384 3493 quibus
410 3409 604 3474 uniuersitas
631 3408 814 3473 deliberans
840 3409 902 3490 egit
929 3410 1061 3474 domino
1088 3409 1202 3490 rectori
1234 3411 1351 3492 gratias

264 3510 442 3591 immensas
472 3509 512 3573 de
542 3507 611 3572 suis
640 3507 804 3571 laboribus
834 3516 865 3571 et
893 3508 1082 3588 diligentiis,
1114 3518 1145 3572 et
1174 3509 1353 3590 acceptarit

268 3609 492 3690 obligationem
509 3616 540 3672 et
552 3607 705 3671 articulos
721 3615 872 3686 protacta.
886 3605 923 3670 Et
936 3607 1044 3672 ultimo
1056 3607 1214 3672 olliciatos
1228 3607 1351 3688 pridem

268 3724 448 3790 suspensos
461 3706 495 3788 iu
513 3723 624 3772 eorum
641 3705 750 3785 offitiis
766 3705 984 3781 continuauit;
1001 3707 1093 3770 saluo
1116 3715 1220 3772 tamen
1244 3706 1351 3772 debito

268 3807 412 3870 examine
436 3805 635 3879 eorumdem,
654 3805 737 3885 quod
763 3804 878 3885 rectori
902 3813 934 3869 et
957 3805 1117 3884 deputatis
1135 3805 1353 3870 vniuersitatis

232 3893 234 3898 ⁸
268 3905 446 3978 commislt;
479 3920 604 3968 necnon
634 3904 718 3984 quod
756 3904 891 3983 pecunia
928 3921 966 3968 ex
1003 3905 1098 3968 arcba
1136 3905 1354 3970 attinersitatis

268 4006 452 4071 extrahatur
482 4014 513 4068 et
542 4003 583 4068 de
613 4004 706 4084 petiis
737 4003 882 4084 diminuti
914 4003 1066 4084 ponderis
1096 4005 1286 4084 disponatur
1314 4006 1354 4068 ad

271 4106 376 4169 minus
402 4106 575 4184 dampnum
603 4112 634 4168 et
662 4102 900 4167 incommodum
927 4103 1159 4168 uniuersitatis.
1181 4107 1225 4168 lle
1251 4115 1356 4168 trans-

274 4203 418 4284 portibns
455 4219 532 4267 vero
566 4201 761 4282 recipiendis
791 4209 822 4266 et
849 4201 979 4265 sallario
1005 4189 1094 4281 illins
1124 4202 1177 4283 qui
1208 4203 1353 4283 recipiet,

271 4302 440 4368 committit
455 4299 572 4380 rectori
588 4309 619 4366 et
635 4300 794 4382 deputatis
809 4300 1041 4366 uniuersitatis.
