3112 4942
746 451 915 514 ..64-

282 645 338 700 aut
367 634 477 698 inlerri
505 649 562 698 seu
593 633 661 698 lieri
693 633 924 714 permittendo,
952 631 1066 698 sinatis
1095 641 1128 695 et
1157 627 1376 711 permittatis,

282 745 320 799 ao
347 732 462 815 quiuis·
482 741 624 798 restrum
654 735 796 796 sineret
826 734 987 811 permittet
1017 731 1150 810 integre,
1179 725 1312 808 pacifice
1339 733 1381 790 et

282 830 404 913 ‘quiereg
421 845 459 895 ac
474 846 547 896 cum
570 829 608 894 ea
623 830 805 912 integritate
819 845 881 910 qua
897 829 972 894 illos
995 827 1206 909 perciperent,
1224 825 1372 889 leuarent

281 939 336 996 ‘aut
361 929 526 1004 baberent,
554 929 581 994 si
608 929 640 992 in
668 929 816 1010 ecclesiis
842 929 913 994 siue
942 927 1022 994 loeis
1051 927 1132 1008 ipsis
1157 922 1378 1006 personaliter

283 1029 480 1105 residerent;
504 1027 609 1094 dictos
631 1043 759 1109 quoque
780 1036 941 1110 regentes,
966 1027 1120 1108 legentes,
1140 1023 1309 1088 studentes
1330 1035 1375 1084 ac

283 1127 463 1209 supposita,
483 1135 538 1191 aut
559 1141 671 1192 eorum
694 1123 1137 1207 aliquem-salteminuitum
1159 1121 1197 1186 ad
1222 1119 1375 1186 residen-

284 1226 360 1290 dum
372 1225 416 1288 in
431 1223 616 1290 huiusmodi
639 1222 709 1288 suis
725 1223 903 1304 beneflciis,
920 1231 975 1288 ent
996 1221 1103 1302 aliquo
1125 1235 1251 1289 eorum.
1270 1217 1376 1282 nulla·

283 1333 378 1390 tenus
404 1340 462 1404 per
482 1323 745 1396 subtractionem,
774 1321 1019 1403 occupationem
1045 1320 1096 1386 vel
1122 1317 1373 1383 arrestationeus

282 1422 455 1496 iuncinum,
472 1421 653 1487 reddituum
669 1437 727 1486 seu
744 1429 958 1502 prouentuum
974 1418 1171 1489 huiusmodi.
1188 1431 1294 1497 neque
1311 1429 1373 1495 per

281 1519 378 1586 alium
400 1535 635 1602 quemcumque
651 1519 780 1585 modum
804 1518 1010 1600 exquisitum,
1029 1533 1087 1598 per
1104 1530 1175 1590 vos,
1188 1514 1286 1578 ulium
1309 1528 1370 1576 seu

282 1619 377 1692 alios.
386 1618 507 1684 directe
519 1617 568 1683 vel
582 1617 748 1693 indirecte,
758 1618 876 1700 quouis
889 1615 1016 1698 quesite
1026 1615 1151 1688 colore,
1164 1610 1374 1694 compellatis

281 1717 331 1783 rel
344 1717 540 1798 compellere
555 1715 750 1798 attemptetis
762 1724 817 1780 aut
832 1714 1038 1796 presumatis.
1053 1729 1113 1778 nec
1127 1711 1209 1776 alter
1223 1718 1371 1775 vestrum

281 1817 464 1898 compellat,
481 1824 648 1898 attemptet
672 1816 722 1882 vel
746 1825 927 1897 presumal;
954 1815 1011 1880 sed
1035 1811 1219 1878 concedatis
1241 1820 1272 1874 et
1294 1825 1373 1891 pere

281 1915 473 1990 micineae
483 1914 591 1996 quiuis
602 1923 744 1979 vestrum
757 1915 914 1980 concedat
925 1922 957 1979 et
970 1913 1142 1994 permittat,
1157 1926 1197 1975 ne
1209 1907 1370 1975 beneficio

280 2016 349 2096 ipsa
370 2013 488 2078 debitis
511 2012 699 2078 lreudcntur
720 2012 898 2094 obsequiis,
923 2023 956 2077 et
975 2021 1008 2076 vt
1028 2011 1206 2074 animarum
1228 2023 1306 2072 curs
1332 2007 1366 2069 in

280 2113 328 2178 eis
343 2111 460 2194 ouibus
481 2111 532 2176 illa
549 2110 693 2176 imminet
709 2112 893 2176 nullatenus
915 2110 1112 2192 negligatum
1130 2115 1289 2189 quatenus
1301 2105 1365 2185 ipsi

281 2211 464 2278 buiusmodi
481 2209 636 2276 beneficia
652 2210 834 2276 obtinentes
850 2210 955 2274 bonos
970 2218 1000 2274 et
1014 2207 1213 2273 sufficientes
1226 2203 1370 2270 vicarios

282 2327 339 2376 seu
365 2309 586 2374 deseruilores
607 2308 761 2390 deputent
783 2317 815 2374 ct
837 2307 990 2389 deputare
1013 2315 1175 2388 poterunt,
1199 2319 1258 2384 per
1282 2317 1371 2384 quos

268 2406 464 2484 'huiusmodi
491 2406 644 2488 obsequia
671 2415 891 2480 exerceantur.
917 2414 948 2470 et
974 2405 1043 2483 ipsu
1070 2403 1225 2468 benetlcie
1252 2402 1363 2466 deser·

280 2505 409 2570 uiantur
428 2503 632 2568 laudabiliter
650 2503 682 2566 in
706 2502 837 2568 diuinis.
863 2503 932 2567 Non
948 2501 1151 2568 obstantibus
1166 2500 1318 2564 omnibus
1331 2507 1366 2563 el

278 2601 415 2684 singulis
430 2619 492 2684 que
507 2600 757 2666 idem-dominus
774 2608 884 2666 noster
900 2617 980 2682 pape
1002 2601 1033 2664 in
1050 2600 1119 2664 suis
1135 2598 1253 2664 litteris
1266 2613 1369 2678 apos-

276 2700 383 2767 tolicis
399 2699 591 2781 suprataetis
602 2700 702 2766 voluit
719 2715 783 2764 non
799 2699 941 2764 obstare.
958 2698 1090 2774 Quod-si
1107 2698 1190 2762 iorte
1206 2696 1365 2776 premissa

276 2797 383 2864 omnia
395 2807 428 2864 et
439 2797 579 2878 singula,
589 2808 684 2878 prout
696 2797 787 2862 vobis
801 2797 1001 2872 mundantur,
1017 2794 1365 2876 noti'adimpleueritis,

276 2903 331 2960 nut
360 2911 458 2977 super
484 2895 652 2976 premissis
682 2895 713 2959 in
742 2894 954 2976 preludicium
983 2895 1142 2959 dictorum
1169 2892 1366 2974 repentium,

277 2993 677 3075 legentiumpsludentium
696 3009 734 3058 uo
748 2992 989 3074 suppositorum
1012 2991 1292 3064 beneficiatorum,
1308 2997 1368 3054 aut.

276 3091 413 3156 alicuius
429 3106 555 3166 eorum,
571 3090 741 3172 quicquam
757 3089 985 3171 disposueritis
1006 3106 1063 3156 seu
1080 3088 1364 3169 attemptauerilisp

276 3198 330 3254 aut
344 3189 434 3270 ipsos
451 3189 672 3266 beneficiatos,
688 3198 742 3254 eut
758 3205 868 3254 eorum
883 3189 1034 3271 aliquem,
1052 3189 1085 3253 in
1100 3188 1209 3270 aliquo
1227 3187 1369 3270 premis·

276 3301 387 3352 sorum
415 3287 661 3366 impediueritis,
681 3289 854 3368 quominus
883 3299 1027 3370 pretecte
1049 3287 1159 3352 liltore
1184 3285 1366 3368 apostolice

275 3393 330 3450 aut
355 3395 522 3466 presentes
550 3387 651 3451 nostri
683 3403 857 3467 processus
883 3404 976 3452 suum
1006 3385 1150 3450 debitum
1180 3385 1371 3449 sorciantur

275 3481 436 3561 ellectum,
455 3485 526 3550 siue
549 3486 797 3566 impedientibus
819 3486 1002 3552 huiusmodi
1018 3486 1173 3551 dederitis
1192 3485 1364 3560 auxiliuou

277 3582 449 3648 consilium
478 3585 528 3649 vel
566 3585 723 3660 fauorem,
753 3583 879 3666 publice
911 3586 959 3650 rel
991 3583 1128 3660 occulte,
1160 3584 1285 3650 directe
1314 3583 1363 3649 rel

277 3679 443 3756 indirecte,
460 3682 577 3762 quouis
599 3683 726 3764 quesilo
747 3682 868 3758 colore,
885 3681 1093 3764 singulariter
1114 3683 1372 3748 introsomnes

276 3778 477 3858 etsingulos
502 3780 555 3861 qui
578 3780 611 3843 in
634 3779 802 3861 premissis
822 3780 1042 3862 deliqueritis
1058 3791 1091 3846 et
1114 3781 1312 3863 generaliter
1333 3781 1365 3844 in

277 3878 777 3957 quoscumqneccntradictores
802 3886 834 3942 et
860 3877 996 3944 rebelles
1022 3881 1054 3942 in
1084 3879 1145 3944 bac
1171 3887 1272 3961 parte,
1301 3887 1371 3943 turn

277 3971 520 4040 ecclesiasticos
535 3991 629 4056 quam
652 3977 829 4052 seculares,
845 3976 1076 4059 cuiuscumque
1098 3986 1213 4055 status,
1229 3977 1370 4060 grsdusp

275 4073 402 4137 ordinis
418 4085 472 4138 aut
483 4073 679 4140 conditionis
693 4075 844 4150 existant,
860 4075 1017 4140 nisiiolre
1033 4077 1153 4141 dictum
1168 4093 1225 4142 sex
1238 4077 1367 4142 dierum

276 4170 449 4242 terminum
485 4188 502 4234 e
537 4171 806 4244 contradictione.
841 4171 1017 4240 rebellione
1056 4185 1089 4240 et
1124 4175 1370 4254 impedimentis
