3194 4940
634 447 821 510 -lll-

171 627 380 708 wangiam.
397 627 438 694 de
458 626 593 700 Arbore,
611 625 706 692 cuius
728 625 830 692 eciam
852 627 1050 710 octuopiotn
1072 637 1104 696 et
1125 629 1166 696 de
1189 629 1272 712 urps

172 727 276 794 cuiue
295 735 423 792 centum
448 725 599 791 librarum
615 725 853 791 Turonensium
870 743 1042 808 pannorum
1060 729 1182 794 tructus
1198 730 1272 796 red·

171 825 269 892 ditus
298 834 330 891 et
359 833 536 906 prouentus
566 823 746 890 secundum
765 827 771 903 t
789 841 993 892 communem
1029 827 1269 896 extimationem

178 923 325 989 ualerem
342 939 483 988 annuum
501 933 533 988 ut
548 923 758 988 asserebatur
776 940 838 990 non
855 923 1065 1001 excedebant,
1084 925 1270 992 leodiensis

148 1035 152 1041 ·
178 1023 328 1103 predicte
350 1033 382 1088 et
402 1020 644 1092 cendracensts
666 1021 847 1086 diocesium
865 1022 1084 1104 parrochiales
1100 1023 1269 1096 ecclesias.

170 1137 254 1186 cum
276 1121 429 1186 omnibus
445 1119 569 1186 iuribus
584 1131 616 1186 et
632 1119 842 1202 pertinenciis
858 1121 928 1186 suis
943 1120 1117 1202 Collegiale
1132 1123 1273 1188 ecclesie

177 1221 285 1285 sancti
313 1221 396 1285 Petri
423 1220 499 1286 dicti
526 1219 618 1300 Opidi
646 1219 677 1282 in
701 1236 763 1301 qua
787 1230 894 1300 preter
918 1219 1007 1286 iilius
1030 1221 1143 1286 Picba-
1162 1221 1168 1302 Ι
1188 1221 1272 1286 niam

173 1320 276 1385 cuius
293 1319 578 1401 parrochianorutn
601 1319 670 1384 eius
692 1335 770 1384 eura
792 1319 937 1384 imminet
958 1319 1136 1384 animarum
1158 1321 1269 1386 decem

172 1427 212 1484 et
235 1427 311 1484 octo
334 1418 548 1483 Canonicalus
569 1427 602 1484 el
626 1418 789 1498 prebende
809 1435 946 1499 quorum
963 1419 1145 1500 quindecim
1162 1419 1203 1486 de
1219 1435 1272 1500 pa·

173 1525 311 1582 tronalu
327 1515 404 1582 dicti
423 1517 520 1582 llucis
536 1515 712 1582 brabancie
729 1533 787 1597 pro
803 1528 949 1598 tempore
971 1517 1141 1584 existentis
1162 1526 1273 1584 essent

178 1625 211 1681 et
237 1625 305 1680 tres
327 1613 378 1696 alii
402 1614 440 1680 ad
463 1614 669 1680 relictionem
691 1631 729 1680 ao
746 1615 966 1696 precisionem
983 1615 1174 1682 dilectorum
1192 1616 1274 1682 lilio·

181 1731 255 1780 runt
275 1715 281 1794 Ι
302 1714 417 1778 berani
439 1724 471 1780 et
492 1714 627 1795 capituti
651 1715 772 1796 prelato
788 1715 962 1796 collegiata
977 1715 1116 1780 ecclesie
1132 1715 1270 1796 pertine·

181 1812 261 1878 bant
277 1813 347 1878 lore
364 1823 588 1886 noscerentur,
606 1830 663 1894 pro
679 1813 862 1893 quindecim
880 1815 931 1880 uel
952 1822 1000 1880 tot
1020 1813 1114 1879 sicuti
1135 1813 1273 1896 singulis

174 1913 400 1978 consideratis
416 1911 581 1978 uideretur
597 1912 674 1976 inibi
690 1912 731 1978 dc
747 1929 833 1978 nouo
849 1913 999 1980 creandis
1015 1929 1052 1978 ac
1067 1913 1274 1980 instituendis

175 2010 434 2076 -cenonlcatlbue
449 2018 480 2076 el
496 2009 668 2090 prebendis
682 2011 736 2092 pui
753 2027 810 2091 per
821 2011 903 2078 alios
918 2027 1013 2094 quam
1030 2011 1061 2075 in
1078 2012 1149 2092 ipso
1165 2011 1274 2078 studio

182 2125 243 2190 pro
257 2116 404 2188 ternpore
419 2109 562 2190 legentes
577 2117 610 2172 ct
628 2107 634 2188 Ι
655 2119 804 2190 regentes
820 2109 958 2174 obtineri
981 2111 1149 2190 nequirent
1165 2118 1276 2176 auclo-

182 2207 278 2272 ritate
300 2206 544 2286 predecessoris
565 2206 711 2272 eiusdem
728 2207 965 2288 imperpetuum
983 2208 1111 2273 unirent
1126 2216 1276 2274 annecte·

180 2315 256 2370 rent
269 2314 302 2370 et
318 2305 576 2385 incorporarent,
588 2305 630 2370 ita
645 2306 731 2386 quod
748 2305 842 2373 simul
861 2307 911 2370 uel
928 2306 1117 2372 successiue
1132 2306 1275 2372 cedenti-

181 2403 245 2468 bus
268 2413 323 2468 aut
345 2403 579 2469 decedentibus
601 2403 758 2468 dictarum
785 2403 1036 2484 parrochialium
1063 2405 1273 2470 ecelesiarum

182 2501 379 2568 liectoribus
394 2502 444 2568 uel
457 2501 528 2566 illas
541 2503 782 2583 quomodolibet
794 2503 873 2568 alias
886 2502 1119 2570 dimittentibus
1138 2502 1144 2586 Ι
1163 2503 1274 2570 liceret

183 2600 319 2682 prelatis
336 2599 541 2666 llniucrsituti
559 2617 615 2681 per
631 2617 666 2666 se
690 2601 739 2666 uel
764 2602 861 2665 allum
885 2618 943 2667 seu
967 2601 1049 2666 alios
1072 2601 1274 2682 corporalem

183 2699 435 2780 perrocbletlun
451 2699 659 2766 ecclesiarum
676 2701 777 2764 eciam
794 2700 821 2772 si
838 2716 875 2764 ex
892 2701 1007 2781 quauis
1023 2715 1121 2766 causa
1137 2700 1276 2780 dispost-

181 2797 266 2864 ›lioni
288 2797 468 2879 apostolice
490 2797 674 2878 specialiter
697 2798 747 2862 uel
769 2798 963 2880 generaliter
978 2807 1143 2864 reseruate
1159 2799 1275 2874 forent,

140 2925 144 2936 ·
183 2895 372 2977 iuriumoue
387 2904 419 2962 et
432 2895 700 2976 pertinenciurum
715 2897 930 2978 predictorum
944 2897 1186 2977 possessionem
1199 2913 1275 2964 auc·

185 2993 317 3060 scritate
340 2994 467 3076 propria
491 2995 591 3060 iibere
613 2997 794 3076 apprehen·
813 2997 818 3076 Ι
837 2997 915 3062 dere
937 2996 1129 3078 illarumque
1151 2997 1275 3062 lruotus

183 3093 333 3158 redditus
354 3103 388 3158 el
410 3103 600 3173 prouentus,
619 3093 794 3160 reseruatis
819 3104 924 3160 umen
947 3110 1046 3174 super
1061 3095 1110 3159 eis
1127 3111 1185 3174 pro
1202 3111 1275 3176 per-

182 3191 291 3273 petuis
313 3191 391 3258 inibi
413 3190 543 3272 vicariis
564 3192 618 3274 qui
640 3209 697 3272 per
717 3191 1072 3262 locorumOrdinerios
1091 3193 1129 3258 ad
1150 3193 1275 3260 exerci-

180 3290 270 3354 cium
291 3307 369 3356 cure
389 3290 566 3354 animarum
587 3291 704 3356 ibidem
721 3292 966 3356 instituerentur
980 3292 1135 3372 congruis
1150 3291 1190 3356 de
1206 3295 1276 3372 pul-

184 3387 246 3454 bus
269 3388 316 3452 illi
337 3388 526 3464 sustentari,
543 3390 740 3469 episcopalia
763 3390 831 3454 iura
854 3389 984 3454 soluere
1007 3399 1038 3454 el
1060 3389 1122 3454 alia
1144 3389 1193 3454 eis
1217 3405 1275 3470 pro

185 3495 332 3566 tempore
344 3485 464 3552 incum·
483 3485 490 3568 Ι
509 3485 615 3552 bentia
630 3504 729 3552 onera
745 3496 939 3566 supportare
954 3487 1124 3553 commode
1141 3499 1274 3567 possent

186 3582 394 3665 portionibus
415 3585 448 3648 in
473 3600 551 3650 usus
572 3593 605 3648 et
628 3586 796 3650 utilitatem
819 3585 1032 3650 obtinentium
1057 3601 1115 3665 pro
1131 3594 1275 3666 tempore

181 3681 348 3748 ereandm
368 3699 406 3748 ac
429 3682 647 3748 instituendos
670 3682 883 3748 Canortioatus
905 3693 937 3748 et
961 3683 1141 3764 prebendas
1164 3683 1272 3750 buius-

186 3780 273 3846 modi
295 3781 462 3864 percipere
480 3783 590 3850 leuare
610 3793 802 3848 conuertere
823 3799 946 3846 necnon
965 3792 1120 3864 perpetuo
1137 3783 1276 3848 retinere

180 3880 379 3962 quibusdam
394 3881 467 3964 alijs
483 3883 618 3948 adiectis
637 3891 730 3962 prout
747 3882 777 3944 in
795 3881 926 3962 prolatis
938 3881 970 3946 iu
990 3882 995 3964 Ι
1014 3881 1131 3962 quibus
1143 3893 1277 3948 cauetur

180 3979 271 4060 ottod
296 3979 334 4044 ad
359 3989 426 4046 tres
447 3980 663 4048 canonicatus
685 3989 718 4046 et
742 3980 923 4061 prebendas
945 3980 985 4044 ad
1008 3980 1216 4046 collationem
1242 3997 1280 4044 ac

185 4077 409 4158 precisionem
435 4078 550 4144 Deoani
574 4089 606 4144 el
628 4077 764 4158 Capituli
781 4079 979 4157 pertinentes
996 4077 1181 4144 buiusmodi
1197 4095 1277 4159 quo·

64 4223 67 4234 .
185 4173 273 4240 deos
299 4187 453 4244 uacarent
479 4177 510 4242 in
532 4177 705 4258 lbeologia
731 4177 873 4258 llagislri
897 4178 947 4242 uel
971 4177 1097 4244 lormeti
1118 4176 1273 4338 Ba¹c3alarij

271 4293 296 4336 l.
