3246 4944
725 413 946 486 t-aaa-

832 617 862 681 3.

347 751 423 815 ltem
435 749 524 832 juxta
533 747 751 813 visitationem
765 748 870 814 debita
884 748 978 814 debet
995 748 1103 814 ltaberi
1122 748 1201 813 ratio
1218 749 1387 814 bursarum

303 859 334 912 et
358 849 590 921 fundationum,
616 858 678 910 tam
702 863 783 929 auae
807 847 903 911 nullis
929 847 1075 932 collegiis
1102 857 1176 912 sunt
1202 847 1387 917 adstrictae.

302 965 396 1028 ortam
421 964 502 1028 uuae
525 946 622 1010 certis
637 946 783 1026 collegiis
801 955 875 1010 sunt
890 937 1123 1026 incorporatae.
1143 947 1174 1008 ln
1193 947 1276 1009 lrunc
1294 945 1387 1010 lrtrem

303 1047 453 1110 statuitur
476 1053 508 1109 at
528 1053 697 1127 complutae,
715 1046 814 1108 auditi
837 1053 865 1107 et
889 1045 1058 1127 approbati,
1077 1047 1247 1126 opacatur
1268 1046 1389 1108 Hectori

301 1154 329 1209 el
345 1148 508 1226 tlepmutt's,
527 1154 560 1208 at
576 1148 620 1208 eis
635 1152 748 1208 constet
763 1153 925 1226 computus
940 1159 1006 1207 esse
1021 1145 1168 1208 redditos.
1328 1135 1329 1140 ’

342 1295 421 1370 Quia
460 1293 490 1357 in
527 1293 613 1357 dieto
649 1293 781 1358 decreto
818 1300 939 1356 tantum
970 1292 1125 1361 statuitur
1156 1301 1188 1356 ut
1219 1301 1389 1372 computus

302 1393 512 1457 cxliibeantur
539 1393 569 1455 in
596 1391 710 1456 ordine
738 1400 771 1455 ut
796 1401 922 1455 constet
950 1408 1026 1458 esse
1056 1391 1210 1465 redditos,
1240 1391 1390 1454 dicuntur

303 1491 448 1555 norrnulli
477 1491 641 1571 praesides
668 1490 753 1554 nulle
777 1490 961 1570 permittere
986 1500 1019 1554 ut
1041 1507 1153 1554 eorum
1178 1499 1388 1570 eomputasn

304 1591 447 1655 lieetcre
465 1589 697 1654 examinentur.
721 1589 799 1652 llinc
828 1598 978 1666 premittur
1006 1589 1133 1652 diversa
1163 1588 1192 1650 in
1219 1598 1389 1668 computus

303 1689 408 1754 induci
440 1689 470 1752 in
500 1688 749 1752 emolumentum
782 1687 965 1766 praesidum
997 1697 1028 1750 el
1059 1686 1139 1750 loric
1170 1688 1386 1768 provisorum.

232 1859 237 1872 ,
301 1806 383 1869 quae
398 1789 551 1854 deberent
567 1787 717 1868 expungi.
728 1787 807 1862 Quia
824 1786 910 1850 cuim
926 1786 1092 1851 auditores
1109 1788 1236 1852 illorum
1254 1786 1388 1850 invicem

301 1898 377 1953 sunt
400 1892 598 1968 provisores,
620 1886 779 1951 interdurn
805 1886 865 1948 sibi
891 1895 1001 1950 mutuo
1026 1887 1131 1949 lavere
1155 1896 1301 1965 pessunt.
1319 1886 1387 1948 Sta-

304 1988 401 2051 tuitur·
417 1987 511 2052 etiam
530 1996 562 2050 ut
578 1986 749 2067 quotannis
766 1996 936 2064 coruptutus
958 1983 1044 2058 dant,
1063 1985 1123 2047 nisi
1148 2002 1256 2056 causa,
1274 1995 1305 2048 et
1329 1985 1389 2047 sub

234 2116 237 2126 ·
303 2085 364 2148 lroc
389 2093 531 2164 pretextu
556 2085 594 2148 ad
613 2084 840 2165 pluresannns
854 2093 1025 2163 cernpntus
1041 2084 1219 2164 aliquorum
1235 2083 1387 2162 collegio·

304 2202 373 2248 rum
391 2193 541 2266 putantur
557 2200 628 2247 cum
645 2200 770 2246 summo
787 2169 978 2246 tlrtriurcntn
996 2184 1121 2246 illorum
1146 2183 1318 2263 postergati
1336 2192 1390 2246 ant

303 2301 427 2348 ornrssr.

345 2431 405 2494 tro
432 2431 573 2496 remedie
601 2431 770 2495 ttarrvcaiet
795 2430 855 2494 sub
881 2431 994 2494 inuicta
1020 2430 1190 2512 inlligenda
1213 2447 1229 2492 a
1254 2429 1389 2493 liectnrc

301 2541 444 2595 statuere
462 2530 600 2594 neultra
618 2530 787 2593 trienuitnn
805 2539 977 2609 eornpntus
1000 2529 1206 2604 dillerantnr;
1232 2539 1262 2592 et
1284 2528 1387 2592 darida

305 2637 446 2710 potestas
463 2627 588 2693 Rectori
605 2639 779 2708 corripimus
798 2627 999 2708 inspiciendi,
1014 2639 1045 2691 et
1061 2628 1253 2706 corrigendi,
1268 2627 1294 2689 si
1312 2627 1386 2707 naid

305 2727 446 2792 indebite
463 2728 678 2792 introductum
695 2727 801 2792 luerit.

351 2876 482 2942 llivcrsa
505 2877 599 2940 etiam
623 2887 772 2956 putantur
794 2893 868 2942 esse
890 2877 1024 2957 collegia
1050 2887 1110 2942 tam
1130 2875 1262 2956 exiguae
1280 2876 1390 2938 lunda-

309 2975 404 3040 tienis
422 2985 452 3040 ut
471 2976 635 3056 praesides
655 2993 727 3040 eura
751 2976 869 3040 lamule
892 2986 919 3040 et
946 2977 1073 3052 aneilla,
1091 2986 1122 3039 et
1144 2979 1243 3039 onere
1266 2973 1389 3038 interti-

310 3076 431 3140 ttenrlae
448 3075 586 3138 laltrlcae
602 3083 698 3140 totam
716 3075 930 3139 laudationem
948 3076 1133 3149 absumatur
1150 3074 1233 3154 qued
1248 3072 1390 3136 creditur

306 3191 380 3236 esse
403 3182 514 3236 tectura
539 3173 745 3238 intentionem
771 3174 983 3236 fundatorum.
1004 3172 1040 3236 Et
1063 3173 1134 3237 ideo
1153 3172 1252 3252 magis
1268 3171 1388 3234 cordati

305 3273 336 3334 in
347 3271 559 3335 Uirium-sitate
572 3271 755 3334 existimant
767 3272 850 3352 qnod
866 3272 904 3335 ab
917 3271 1067 3334 omnibns
1081 3271 1197 3334 taliitus
1212 3270 1390 3333 mineribus

305 3371 450 3450 collegiis
466 3370 641 3450 exigendus
656 3381 742 3434 esset
759 3379 861 3432 status
878 3370 1109 3442 lutalationum,
1129 3378 1162 3434 ut
1177 3370 1316 3448 desuper
1333 3387 1389 3448 prr

306 3468 473 3533 Rectorem
500 3477 532 3531 ct
557 3467 727 3548 deputatas
753 3469 953 3545 concipiatur
978 3468 1105 3548 aliquod
1137 3469 1387 3546 regulamentum

306 3585 364 3649 pro
390 3565 568 3631 directione
595 3567 702 3629 talium
731 3569 962 3640 l‘nntlationurn,
989 3578 1021 3629 nt
1046 3566 1142 3646 aliqui
1171 3566 1306 3629 bersarii
1334 3567 1389 3629 ali-

306 3667 438 3732 mentari
457 3665 592 3747 possint,
611 3666 663 3746 qui
682 3685 765 3729 rtunc
781 3666 1003 3729 excluduntur.
1021 3665 1141 3740 Quibus
1157 3669 1287 3729 aceede.

347 3766 470 3828 riarum
498 3764 716 3829 fundationum
744 3773 775 3827 ct
802 3765 984 3838 bursarum,
1009 3781 1091 3844 quac
1119 3765 1214 3826 nullis
1242 3765 1388 3844 collegiis

304 3872 379 3926 sunl
408 3863 578 3926 adstrictae
605 3863 693 3943 juxta
724 3861 941 3926 visitationem
975 3862 1041 3924 lieri
1080 3863 1211 3926 deber-ct
1247 3863 1387 3942 speciale

304 3962 474 4042 registrum
501 3962 531 4024 in
559 3962 689 4025 arcltivn
716 3961 940 4024 Universitatis
967 3963 1233 4025 troitservarnlunt.
1253 3968 1298 4024 lin
1327 3962 1389 4024 tale

303 4060 419 4124 existat
442 4061 618 4140 ignoratur.
637 4060 815 4140 Aliquando
840 4077 936 4122 attunt
964 4060 1209 4139 tridentensem
1236 4077 1298 4122 non
1316 4077 1387 4139 per-

305 4159 436 4226 lectum.
450 4159 497 4221 db
512 4159 618 4223 altiori
636 4175 728 4222 inane
749 4159 864 4224 Rector
880 4168 910 4222 et
927 4157 1123 4222 Universitas
1144 4159 1330 4222 stimulandi
1354 4165 1386 4221 ut
