3246 4944
773 487 814 506 -
831 449 895 542 css
918 399 956 503 ζ

318 634 527 719 s'occupaient
549 635 644 719 gnere
665 637 719 700 des
740 637 863 700 affaires
883 637 1131 719 eccle‘siastiques
1149 637 1188 700 de
1210 638 1293 702 leurs
1308 638 1403 716 etate,

317 757 379 820 que
395 738 467 800 bien
482 757 522 801 au
540 737 667 801 Conseil
682 737 768 819 prive
782 735 820 800 de
838 738 987 811 Brabant,
1005 748 1035 800 et
1053 737 1213 800 surtouti
1232 739 1404 820 Engelbert

320 837 420 910 Maes,
439 836 467 899 le
482 835 640 916 president
654 835 692 898 de
707 835 845 898 celui-ci.

362 936 421 998 Les
448 937 575 999 extraits
600 937 741 999 suivants
765 934 820 998 des
846 941 939 1000 Actes
960 935 998 998 de
1020 935 1223 999 l'Universite
1247 949 1319 1000 sont
1340 935 1403 1001 fort

318 1035 519 1098 interessents
533 1057 541 1099 ε
555 1034 593 1097 ils
610 1055 690 1098 nous
707 1047 865 1098 montrent
881 1047 1052 1108 comment,
1069 1034 1149 1097 dans
1165 1035 1192 1096 le
1208 1036 1358 1118 principe,
1376 1036 1404 1098 le

320 1135 431 1197 Nonce
454 1135 562 1197 Morra
586 1133 696 1196 voulut
719 1153 762 1196 un
786 1136 905 1198 instant
927 1133 1037 1197 rendre
1055 1133 1258 1197 l'Universite'
1273 1155 1403 1216 respon-

317 1233 403 1296 sable
424 1233 463 1296 de
488 1233 517 1296 la
544 1234 780 1315 promulgation
805 1233 967 1296 anormale
992 1232 1031 1296 de
1056 1233 1085 1295 la
1110 1235 1222 1310 Visite,
1243 1247 1403 1298 comment

315 1333 434 1396 celle-ci
460 1353 492 1396 se
517 1332 656 1396 defendit
681 1333 720 1396 de
743 1345 822 1396 cette
850 1335 1030 1396 accusation
1061 1352 1121 1416 peu
1151 1333 1263 1397 fondee
1287 1335 1348 1416 (r),
1373 1347 1403 1398 et

316 1445 477 1496 comment
504 1430 589 1495 enfin
618 1445 691 1496 tous
720 1432 764 1496 les
796 1431 1009 1496 froissentents
1037 1433 1238 1516 disparurent
1267 1437 1357 1515 grite
1384 1433 1403 1496 d

318 1530 504 1596 l'obtention
526 1531 600 1595 d'un
624 1531 694 1594 bref
712 1529 873 1614 pontifical
894 1532 949 1614 qui
972 1533 1163 1615 approuvait
1177 1544 1208 1596 et
1222 1531 1404 1596 confirmait

319 1629 348 1692 la
365 1631 474 1694 Visite.

362 1867 375 1906 i
396 1845 451 1911 ilie
473 1854 561 1910 serta
576 1845 769 1926 septembris
785 1845 858 1910 anni
876 1845 967 1924 luit,
985 1843 1103 1910 indicta
1121 1845 1178 1910 luit
1194 1847 1403 1928 congregatio

319 1943 546 2009 Universitatis
562 1944 623 2008 sub
635 1944 829 2025 juramento.
848 1944 882 2008 ln
899 1960 960 2025 qua
976 1955 1226 2026 comparuerunt
1248 1945 1355 2010 eximii
1372 1956 1405 2012 et

245 2068 249 2076 ⁴
318 2043 490 2109 clarissimi
506 2043 628 2107 domini
643 2043 782 2108 loannes
800 2043 992 2116 Paludanus.
1009 2047 1149 2108 loannes
1165 2043 1401 2120 sollicicitus,

319 2143 487 2207 cornelius
523 2141 641 2206 Silvius
678 2149 709 2206 el
745 2141 885 2206 lacobus
921 2143 1102 2218 sammon,
1133 2141 1307 2208 novissime
1345 2159 1404 2224 per

319 2243 443 2307 litteras
472 2241 509 2305 ad
537 2240 790 2306 illustrissimum
813 2241 978 2305 dominum
1000 2241 1158 2305 Nunnium
1181 2241 1401 2321 Apostolicum

322 2340 486 2406 Bruxellas
498 2340 639 2414 evocati;
654 2350 685 2405 et
698 2340 875 2404 retulerunt
887 2339 982 2404 Suam
996 2339 1247 2404 illustrissimam
1260 2339 1401 2406 Gratiam

321 2458 415 2522 aegre
444 2449 476 2504 et
502 2439 632 2521 indigne
669 2439 763 2513 ieme,
794 2438 878 2520 quod
917 2438 1113 2504 Universitas
1151 2438 1401 2520 publicationem

320 2538 539 2603 visitationum
555 2538 586 2602 in
606 2547 766 2619 postrema
783 2537 1008 2602 Universitatis
1023 2537 1272 2618 congregatione
1287 2537 1402 2604 iactam

319 2637 514 2710 admisisset,
532 2637 714 2716 dictamque
736 2635 823 2699 illam
846 2635 986 2700 Gratiam
1012 2644 1121 2715 petere
1142 2637 1309 2718 utriusque
1324 2636 1402 2702 visi-

319 2735 449 2802 tationis
476 2745 508 2801 ct
536 2735 779 2800 conclusionum
810 2733 1032 2802 Universitatis
1062 2733 1202 2815 desuper
1235 2744 1400 2816 captarum

317 2833 429 2917 copias
443 2833 654 2898 authenticas.
665 2833 731 2909 Qua
748 2833 902 2900 relatione
919 2835 1012 2908 lacta,
1027 2833 1195 2915 proposuit
1211 2834 1402 2916 magnificus

317 2932 467 2998 dominus
497 2932 615 2998 licetur
644 2933 675 2996 in
706 2933 969 2998 deliberationem
998 2956 1005 2996 :
1036 2933 1068 2996 l⁰
1097 2949 1137 2997 an
1167 2933 1290 3013 placeat
1319 2934 1401 2998 mitti

317 3031 355 3095 ad
387 3031 639 3097 illustrissimum
666 3031 829 3096 dominum
856 3029 1263 3118 Nunniumnpostulicum
1290 3032 1402 3113 cupias

318 3131 485 3213 utriusque
511 3130 704 3196 visitationis
729 3140 762 3195 et
791 3130 1037 3196 conclusionum
1067 3129 1207 3211 desuper
1235 3140 1400 3210 captarum

317 3231 444 3310 petitas.
471 3234 505 3294 lit
535 3230 676 3311 desuper
703 3229 864 3295 conclusit
890 3228 1080 3310 magnificus
1106 3229 1256 3294 dominus
1282 3229 1402 3295 Rector

316 3329 442 3410 placere
472 3338 505 3393 ut
528 3328 710 3394 scribantur
733 3329 966 3411 quamprimum
991 3328 1104 3410 cuplae
1127 3327 1345 3394 visitationum
1368 3337 1401 3393 et

316 3426 563 3491 conclusionum
581 3435 643 3491 tam
659 3427 883 3492 Universitatis
899 3444 993 3509 quarn
1015 3427 1237 3507 deputatorum
1260 3427 1402 3510 desuper

316 3531 479 3604 captarum
504 3541 561 3605 por
584 3526 836 3590 illustrissimum
856 3526 1013 3591 Nunnium
1038 3525 1163 3606 petitae,
1181 3543 1300 3607 eaeque
1321 3543 1400 3591 con·

318 3623 423 3686 testim
437 3623 704 3691 transmittantur.
715 3623 862 3690 Secundo
876 3624 1042 3707 proposuit
1054 3624 1400 3706 magnificusdominus

318 3720 435 3785 Rector
460 3738 499 3784 an
529 3737 591 3786 non
619 3724 740 3802 placent
768 3723 914 3789 intimare
941 3722 1117 3788 reverendo
1140 3723 1269 3787 domino
1293 3721 1398 3792 abbati

317 3819 479 3895 Parcensi,
497 3823 581 3901 quod
607 3821 846 3888 illustrissimus
871 3821 1019 3888 dominus
1034 3819 1178 3886 Nunnius
1194 3822 1399 3902 spostoltcus

347 4050 384 4115 (r)
404 4049 474 4102 Dans
492 4053 516 4104 la
534 4053 609 4105 lettre
627 4055 748 4108 adressee
767 4072 800 4108 uu
821 4057 911 4107 Nonce
927 4055 951 4106 le
969 4053 1159 4124 7septembre‚
1172 4051 1340 4106 l'Unirersite
1353 4051 1400 4110 tm

314 4131 396 4182 vuloir
410 4149 478 4200 pour
489 4151 518 4186 sa
531 4135 698 4200 justification
711 4140 807 4206 qu'elle
819 4139 886 4189 nvait
898 4139 1088 4204 communique
1101 4137 1124 4187 le
1142 4148 1210 4188 texte
1229 4137 1260 4188 de
1279 4139 1302 4188 la
1315 4137 1399 4189 Visite

315 4213 330 4264 it
343 4215 477 4278 Gesualdi,
491 4219 515 4269 le
529 4221 717 4288 predecerseur
728 4222 762 4272 de
775 4223 873 4272 Murra.
