<?xml version="1.0" encoding="UTF-8"?>
<!DOCTYPE html PUBLIC "-//W3C//DTD XHTML 1.0 Transitional//EN"
    "http://www.w3.org/TR/xhtml1/DTD/xhtml1-transitional.dtd">
<html xmlns="http://www.w3.org/1999/xhtml" xml:lang="en" lang="en">
 <head>
  <title>
</title>
<meta http-equiv="Content-Type" content="text/html;charset=utf-8" />
  <meta name='ocr-system' content='tesseract 3.04.00' />
  <meta name='ocr-capabilities' content='ocr_page ocr_carea ocr_par ocr_line ocrx_word'/>
</head>
<body>
  <div class='ocr_page' id='page_1' title='image "./documentsrelati00reusgoog_0099.png"; bbox 0 0 3100 4942; ppageno 0'>
   <div class='ocr_carea' id='block_1_1' title="bbox 645 463 810 529">
    <p class='ocr_par' dir='ltr' id='par_1_1' title="bbox 645 463 810 529">
     <span class='ocr_line' id='line_1_1' title="bbox 645 463 810 529; baseline -0.006 -13"><span class='ocrx_word' id='word_1_1' title='bbox 645 463 747 529; x_wconf 71' lang='lat' dir='ltr'><strong>...gr</strong></span> <span class='ocrx_word' id='word_1_2' title='bbox 769 499 810 515; x_wconf 91' lang='lat'><strong>..</strong></span> 
     </span>
    </p>
   </div>
   <div class='ocr_carea' id='block_1_2' title="bbox 169 633 1265 730">
    <p class='ocr_par' dir='ltr' id='par_1_2' title="bbox 169 633 1265 730">
     <span class='ocr_line' id='line_1_2' title="bbox 169 633 1265 730; baseline -0.003 -14"><span class='ocrx_word' id='word_1_3' title='bbox 169 651 319 716; x_wconf 85' lang='lat' dir='ltr'><strong>rexerint</strong></span> <span class='ocrx_word' id='word_1_4' title='bbox 340 633 462 715; x_wconf 82' lang='lat' dir='ltr'><strong>aliasve</strong></span> <span class='ocrx_word' id='word_1_5' title='bbox 480 647 570 730; x_wconf 80' lang='lat' dir='ltr'><strong>juxta</strong></span> <span class='ocrx_word' id='word_1_6' title='bbox 585 640 702 713; x_wconf 84' lang='lat' dir='ltr'><strong>statuta</strong></span> <span class='ocrx_word' id='word_1_7' title='bbox 726 646 945 712; x_wconf 83' lang='lat' dir='ltr'><strong>uniuersitatis</strong></span> <span class='ocrx_word' id='word_1_8' title='bbox 960 645 1163 712; x_wconf 75' lang='lat' dir='ltr'><strong>laudabiliter</strong></span> <span class='ocrx_word' id='word_1_9' title='bbox 1176 645 1265 730; x_wconf 83' lang='lat' dir='ltr'><strong>lege-</strong></span> 
     </span>
    </p>
   </div>
   <div class='ocr_carea' id='block_1_3' title="bbox 127 745 1274 4262">
    <p class='ocr_par' dir='ltr' id='par_1_3' title="bbox 127 745 1274 4262">
     <span class='ocr_line' id='line_1_3' title="bbox 171 745 1262 830; baseline -0.005 -15"><span class='ocrx_word' id='word_1_10' title='bbox 171 750 255 824; x_wconf 89' lang='lat' dir='ltr'><strong>rint,</strong></span> <span class='ocrx_word' id='word_1_11' title='bbox 272 757 304 814; x_wconf 87' lang='lat' dir='ltr'><strong>et</strong></span> <span class='ocrx_word' id='word_1_12' title='bbox 319 746 488 830; x_wconf 79' lang='lat' dir='ltr'><strong>potissime</strong></span> <span class='ocrx_word' id='word_1_13' title='bbox 502 747 556 828; x_wconf 91' lang='lat' dir='ltr'><strong>qui</strong></span> <span class='ocrx_word' id='word_1_14' title='bbox 572 745 603 810; x_wconf 93' lang='lat' dir='ltr'><strong>in</strong></span> <span class='ocrx_word' id='word_1_15' title='bbox 620 745 727 812; x_wconf 91' lang='lat' dir='ltr'><strong>studio</strong></span> <span class='ocrx_word' id='word_1_16' title='bbox 743 746 806 810; x_wconf 83' lang='lat' dir='ltr'><strong>uita</strong></span> <span class='ocrx_word' id='word_1_17' title='bbox 823 753 856 811; x_wconf 85' lang='lat' dir='ltr'><strong>et</strong></span> <span class='ocrx_word' id='word_1_18' title='bbox 871 745 1016 811; x_wconf 88' lang='lat' dir='ltr'><strong>moribus</strong></span> <span class='ocrx_word' id='word_1_19' title='bbox 1037 761 1073 810; x_wconf 90' lang='lat' dir='ltr'><strong>se</strong></span> <span class='ocrx_word' id='word_1_20' title='bbox 1086 745 1262 826; x_wconf 74' lang='lat' dir='ltr'><strong>gesserint,</strong></span> 
     </span>
     <span class='ocr_line' id='line_1_4' title="bbox 127 842 1266 930; baseline -0.001 -17"><span class='ocrx_word' id='word_1_21' title='bbox 127 871 131 878; x_wconf 93' lang='lat'>·</span> <span class='ocrx_word' id='word_1_22' title='bbox 172 847 264 930; x_wconf 91' lang='lat' dir='ltr'><strong>quod</strong></span> <span class='ocrx_word' id='word_1_23' title='bbox 280 847 313 910; x_wconf 92' lang='lat' dir='ltr'><strong>in</strong></span> <span class='ocrx_word' id='word_1_24' title='bbox 331 853 474 912; x_wconf 88' lang='lat' dir='ltr'><strong>nostram</strong></span> <span class='ocrx_word' id='word_1_25' title='bbox 490 853 521 910; x_wconf 92' lang='lat' dir='ltr'><strong>et</strong></span> <span class='ocrx_word' id='word_1_26' title='bbox 535 859 765 910; x_wconf 86' lang='lat' dir='ltr'><strong>successorum</strong></span> <span class='ocrx_word' id='word_1_27' title='bbox 781 849 965 909; x_wconf 89' lang='lat' dir='ltr'><strong>nostrorum</strong></span> <span class='ocrx_word' id='word_1_28' title='bbox 982 842 1266 926; x_wconf 88' lang='lat' dir='ltr'><strong>predictorumque</strong></span> 
     </span>
     <span class='ocr_line' id='line_1_5' title="bbox 171 941 1265 1025; baseline -0.002 -13"><span class='ocrx_word' id='word_1_29' title='bbox 171 945 400 1012; x_wconf 82' lang='lat' dir='ltr'><strong>uniuersitatis</strong></span> <span class='ocrx_word' id='word_1_30' title='bbox 420 953 453 1009; x_wconf 92' lang='lat' dir='ltr'><strong>et</strong></span> <span class='ocrx_word' id='word_1_31' title='bbox 474 943 561 1025; x_wconf 91' lang='lat' dir='ltr'><strong>opidi</strong></span> <span class='ocrx_word' id='word_1_32' title='bbox 585 959 649 1008; x_wconf 93' lang='lat' dir='ltr'><strong>nen</strong></span> <span class='ocrx_word' id='word_1_33' title='bbox 672 942 765 1009; x_wconf 89' lang='lat' dir='ltr'><strong>cedat</strong></span> <span class='ocrx_word' id='word_1_34' title='bbox 787 941 1035 1022; x_wconf 74' lang='lat' dir='ltr'><strong>displicentiam,</strong></span> <span class='ocrx_word' id='word_1_35' title='bbox 1052 951 1083 1008; x_wconf 88' lang='lat' dir='ltr'><strong>et</strong></span> <span class='ocrx_word' id='word_1_36' title='bbox 1099 959 1162 1007; x_wconf 94' lang='lat' dir='ltr'><strong>non</strong></span> <span class='ocrx_word' id='word_1_37' title='bbox 1185 944 1265 1010; x_wconf 90' lang='lat' dir='ltr'><strong>alias</strong></span> 
     </span>
     <span class='ocr_line' id='line_1_6' title="bbox 175 1033 1267 1127; baseline 0 -19"><span class='ocrx_word' id='word_1_38' title='bbox 175 1061 286 1127; x_wconf 87' lang='lat' dir='ltr'><strong>neque</strong></span> <span class='ocrx_word' id='word_1_39' title='bbox 306 1043 401 1121; x_wconf 88' lang='lat' dir='ltr'><strong>vltra,</strong></span> <span class='ocrx_word' id='word_1_40' title='bbox 419 1041 480 1108; x_wconf 86' lang='lat' dir='ltr'><strong>nisi</strong></span> <span class='ocrx_word' id='word_1_41' title='bbox 502 1041 593 1124; x_wconf 77' lang='lat' dir='ltr'><strong>graui</strong></span> <span class='ocrx_word' id='word_1_42' title='bbox 616 1049 648 1106; x_wconf 90' lang='lat' dir='ltr'><strong>et</strong></span> <span class='ocrx_word' id='word_1_43' title='bbox 662 1039 871 1106; x_wconf 78' lang='lat' dir='ltr'><strong>inexcusabili</strong></span> <span class='ocrx_word' id='word_1_44' title='bbox 887 1033 1074 1106; x_wconf 74' lang='lat' dir='ltr'><strong>infirmitate</strong></span> <span class='ocrx_word' id='word_1_45' title='bbox 1095 1049 1155 1107; x_wconf 89' lang='lat' dir='ltr'><strong>aut</strong></span> <span class='ocrx_word' id='word_1_46' title='bbox 1171 1043 1267 1108; x_wconf 92' lang='lat' dir='ltr'><strong>senio</strong></span> 
     </span>
     <span class='ocr_line' id='line_1_7' title="bbox 174 1139 1264 1227; baseline -0.004 -18"><span class='ocrx_word' id='word_1_47' title='bbox 174 1142 361 1227; x_wconf 81' lang='lat' dir='ltr'><strong>progr-auaui</strong></span> <span class='ocrx_word' id='word_1_48' title='bbox 374 1141 494 1207; x_wconf 83' lang='lat' dir='ltr'><strong>attenti</strong></span> <span class='ocrx_word' id='word_1_49' title='bbox 511 1141 641 1219; x_wconf 86' lang='lat' dir='ltr'><strong>tuerint,</strong></span> <span class='ocrx_word' id='word_1_50' title='bbox 655 1147 686 1206; x_wconf 89' lang='lat' dir='ltr'><strong>et</strong></span> <span class='ocrx_word' id='word_1_51' title='bbox 699 1139 834 1204; x_wconf 89' lang='lat' dir='ltr'><strong>maxime</strong></span> <span class='ocrx_word' id='word_1_52' title='bbox 847 1145 1016 1221; x_wconf 80' lang='lat' dir='ltr'><strong>postquam</strong></span> <span class='ocrx_word' id='word_1_53' title='bbox 1028 1140 1264 1221; x_wconf 86' lang='lat' dir='ltr'><strong>sexagesimum</strong></span> 
     </span>
     <span class='ocr_line' id='line_1_8' title="bbox 175 1235 1268 1325; baseline -0.003 -17"><span class='ocrx_word' id='word_1_54' title='bbox 175 1243 326 1325; x_wconf 90' lang='lat' dir='ltr'><strong>quintum</strong></span> <span class='ocrx_word' id='word_1_55' title='bbox 349 1257 468 1306; x_wconf 91' lang='lat' dir='ltr'><strong>annum</strong></span> <span class='ocrx_word' id='word_1_56' title='bbox 490 1239 665 1322; x_wconf 79' lang='lat' dir='ltr'><strong>attigerint,</strong></span> <span class='ocrx_word' id='word_1_57' title='bbox 682 1253 755 1304; x_wconf 91' lang='lat' dir='ltr'><strong>cum</strong></span> <span class='ocrx_word' id='word_1_58' title='bbox 778 1247 855 1304; x_wconf 89' lang='lat' dir='ltr'><strong>tuno</strong></span> <span class='ocrx_word' id='word_1_59' title='bbox 877 1235 1032 1303; x_wconf 77' lang='lat' dir='ltr'><strong>electura</strong></span> <span class='ocrx_word' id='word_1_60' title='bbox 1056 1238 1170 1304; x_wconf 90' lang='lat' dir='ltr'><strong>merite</strong></span> <span class='ocrx_word' id='word_1_61' title='bbox 1191 1250 1268 1306; x_wconf 89' lang='lat' dir='ltr'><strong>sunt</strong></span> 
     </span>
     <span class='ocr_line' id='line_1_9' title="bbox 173 1335 1266 1420; baseline -0.005 -13"><span class='ocrx_word' id='word_1_62' title='bbox 173 1339 364 1412; x_wconf 84' lang='lat' dir='ltr'><strong>excusandi,</strong></span> <span class='ocrx_word' id='word_1_63' title='bbox 381 1339 535 1420; x_wconf 87' lang='lat' dir='ltr'><strong>ipsosque</strong></span> <span class='ocrx_word' id='word_1_64' title='bbox 549 1338 698 1404; x_wconf 83' lang='lat' dir='ltr'><strong>velumus</strong></span> <span class='ocrx_word' id='word_1_65' title='bbox 714 1338 783 1402; x_wconf 90' lang='lat' dir='ltr'><strong>lore</strong></span> <span class='ocrx_word' id='word_1_66' title='bbox 798 1343 1023 1418; x_wconf 89' lang='lat' dir='ltr'><strong>supportatos;</strong></span> <span class='ocrx_word' id='word_1_67' title='bbox 1040 1345 1095 1401; x_wconf 92' lang='lat' dir='ltr'><strong>aut</strong></span> <span class='ocrx_word' id='word_1_68' title='bbox 1111 1335 1172 1401; x_wconf 86' lang='lat' dir='ltr'><strong>nisi</strong></span> <span class='ocrx_word' id='word_1_69' title='bbox 1187 1353 1266 1404; x_wconf 87' lang='lat' dir='ltr'><strong>con·</strong></span> 
     </span>
     <span class='ocr_line' id='line_1_10' title="bbox 176 1435 1265 1520; baseline -0.004 -15"><span class='ocrx_word' id='word_1_70' title='bbox 176 1440 321 1520; x_wconf 81' lang='lat' dir='ltr'><strong>tingeret</strong></span> <span class='ocrx_word' id='word_1_71' title='bbox 340 1437 475 1503; x_wconf 85' lang='lat' dir='ltr'><strong>atterum</strong></span> <span class='ocrx_word' id='word_1_72' title='bbox 496 1437 655 1502; x_wconf 87' lang='lat' dir='ltr'><strong>dictorum</strong></span> <span class='ocrx_word' id='word_1_73' title='bbox 677 1437 847 1502; x_wconf 87' lang='lat' dir='ltr'><strong>doctorum</strong></span> <span class='ocrx_word' id='word_1_74' title='bbox 869 1444 901 1502; x_wconf 88' lang='lat' dir='ltr'><strong>et</strong></span> <span class='ocrx_word' id='word_1_75' title='bbox 923 1435 1149 1517; x_wconf 85' lang='lat' dir='ltr'><strong>magistrorum</strong></span> <span class='ocrx_word' id='word_1_76' title='bbox 1171 1453 1265 1501; x_wconf 88' lang='lat' dir='ltr'><strong>sexa·</strong></span> 
     </span>
     <span class='ocr_line' id='line_1_11' title="bbox 175 1533 1265 1620; baseline -0.002 -18"><span class='ocrx_word' id='word_1_77' title='bbox 175 1537 337 1620; x_wconf 78' lang='lat' dir='ltr'><strong>gestorum</strong></span> <span class='ocrx_word' id='word_1_78' title='bbox 354 1551 413 1601; x_wconf 90' lang='lat' dir='ltr'><strong>sue</strong></span> <span class='ocrx_word' id='word_1_79' title='bbox 433 1535 527 1600; x_wconf 92' lang='lat' dir='ltr'><strong>etatis</strong></span> <span class='ocrx_word' id='word_1_80' title='bbox 545 1535 703 1616; x_wconf 86' lang='lat' dir='ltr'><strong>attingere</strong></span> <span class='ocrx_word' id='word_1_81' title='bbox 721 1549 851 1611; x_wconf 89' lang='lat' dir='ltr'><strong>annum,</strong></span> <span class='ocrx_word' id='word_1_82' title='bbox 870 1542 1039 1618; x_wconf 90' lang='lat' dir='ltr'><strong>postquam</strong></span> <span class='ocrx_word' id='word_1_83' title='bbox 1060 1533 1213 1600; x_wconf 91' lang='lat' dir='ltr'><strong>continuo</strong></span> <span class='ocrx_word' id='word_1_84' title='bbox 1231 1536 1265 1600; x_wconf 92' lang='lat' dir='ltr'><strong>in</strong></span> 
     </span>
     <span class='ocr_line' id='line_1_12' title="bbox 175 1632 1266 1716; baseline -0.001 -16"><span class='ocrx_word' id='word_1_85' title='bbox 175 1635 267 1700; x_wconf 93' lang='lat' dir='ltr'><strong>dieto</strong></span> <span class='ocrx_word' id='word_1_86' title='bbox 288 1634 398 1699; x_wconf 91' lang='lat' dir='ltr'><strong>studio</strong></span> <span class='ocrx_word' id='word_1_87' title='bbox 420 1632 524 1714; x_wconf 91' lang='lat' dir='ltr'><strong>spatio</strong></span> <span class='ocrx_word' id='word_1_88' title='bbox 547 1633 658 1716; x_wconf 86' lang='lat' dir='ltr'><strong>uiginti</strong></span> <span class='ocrx_word' id='word_1_89' title='bbox 681 1632 823 1714; x_wconf 91' lang='lat' dir='ltr'><strong>quinque</strong></span> <span class='ocrx_word' id='word_1_90' title='bbox 849 1647 1005 1698; x_wconf 91' lang='lat' dir='ltr'><strong>annerum</strong></span> <span class='ocrx_word' id='word_1_91' title='bbox 1031 1632 1181 1708; x_wconf 83' lang='lat' dir='ltr'><strong>rexisset,</strong></span> <span class='ocrx_word' id='word_1_92' title='bbox 1206 1651 1266 1714; x_wconf 92' lang='lat' dir='ltr'><strong>pro</strong></span> 
     </span>
     <span class='ocr_line' id='line_1_13' title="bbox 177 1731 1265 1814; baseline -0.002 -16"><span class='ocrx_word' id='word_1_93' title='bbox 177 1751 240 1798; x_wconf 89' lang='lat' dir='ltr'><strong>sue</strong></span> <span class='ocrx_word' id='word_1_94' title='bbox 255 1731 456 1799; x_wconf 88' lang='lat' dir='ltr'><strong>conscientie</strong></span> <span class='ocrx_word' id='word_1_95' title='bbox 471 1732 624 1813; x_wconf 87' lang='lat' dir='ltr'><strong>scrupulo</strong></span> <span class='ocrx_word' id='word_1_96' title='bbox 639 1740 672 1798; x_wconf 89' lang='lat' dir='ltr'><strong>et</strong></span> <span class='ocrx_word' id='word_1_97' title='bbox 685 1731 791 1797; x_wconf 89' lang='lat' dir='ltr'><strong>anime</strong></span> <span class='ocrx_word' id='word_1_98' title='bbox 806 1731 911 1797; x_wconf 87' lang='lat' dir='ltr'><strong>salute</strong></span> <span class='ocrx_word' id='word_1_99' title='bbox 922 1731 955 1794; x_wconf 90' lang='lat' dir='ltr'><strong>in</strong></span> <span class='ocrx_word' id='word_1_100' title='bbox 967 1731 1039 1797; x_wconf 89' lang='lat' dir='ltr'><strong>loeo</strong></span> <span class='ocrx_word' id='word_1_101' title='bbox 1055 1732 1201 1814; x_wconf 62' lang='lat' dir='ltr'><strong>mesdei]</strong></span> <span class='ocrx_word' id='word_1_102' title='bbox 1215 1734 1265 1799; x_wconf 93' lang='lat' dir='ltr'><strong>sui</strong></span> 
     </span>
     <span class='ocr_line' id='line_1_14' title="bbox 176 1830 1267 1912; baseline -0.001 -14"><span class='ocrx_word' id='word_1_103' title='bbox 176 1833 231 1898; x_wconf 88' lang='lat' dir='ltr'><strong>sic</strong></span> <span class='ocrx_word' id='word_1_104' title='bbox 245 1831 306 1896; x_wconf 90' lang='lat' dir='ltr'><strong>sibi</strong></span> <span class='ocrx_word' id='word_1_105' title='bbox 322 1830 430 1896; x_wconf 92' lang='lat' dir='ltr'><strong>collati</strong></span> <span class='ocrx_word' id='word_1_106' title='bbox 452 1831 658 1896; x_wconf 87' lang='lat' dir='ltr'><strong>residentiam</strong></span> <span class='ocrx_word' id='word_1_107' title='bbox 681 1830 883 1912; x_wconf 80' lang='lat' dir='ltr'><strong>personalem</strong></span> <span class='ocrx_word' id='word_1_108' title='bbox 904 1839 1058 1910; x_wconf 88' lang='lat' dir='ltr'><strong>appetere</strong></span> <span class='ocrx_word' id='word_1_109' title='bbox 1080 1831 1213 1896; x_wconf 86' lang='lat' dir='ltr'><strong>nobiave</strong></span> <span class='ocrx_word' id='word_1_110' title='bbox 1234 1843 1267 1897; x_wconf 89' lang='lat' dir='ltr'><strong>et</strong></span> 
     </span>
     <span class='ocr_line' id='line_1_15' title="bbox 178 1928 1265 2012; baseline -0.002 -16"><span class='ocrx_word' id='word_1_111' title='bbox 178 1929 431 1996; x_wconf 78' lang='lat' dir='ltr'><strong>successoribus</strong></span> <span class='ocrx_word' id='word_1_112' title='bbox 456 1928 577 1994; x_wconf 86' lang='lat' dir='ltr'><strong>nostris</strong></span> <span class='ocrx_word' id='word_1_113' title='bbox 601 1929 756 2009; x_wconf 87' lang='lat' dir='ltr'><strong>placuerit</strong></span> <span class='ocrx_word' id='word_1_114' title='bbox 777 1945 886 2003; x_wconf 86' lang='lat' dir='ltr'><strong>vnum,</strong></span> <span class='ocrx_word' id='word_1_115' title='bbox 910 1929 993 1994; x_wconf 90' lang='lat' dir='ltr'><strong>dnos</strong></span> <span class='ocrx_word' id='word_1_116' title='bbox 1015 1929 1065 1994; x_wconf 86' lang='lat' dir='ltr'><strong>vel</strong></span> <span class='ocrx_word' id='word_1_117' title='bbox 1089 1938 1166 2006; x_wconf 89' lang='lat' dir='ltr'><strong>tres,</strong></span> <span class='ocrx_word' id='word_1_118' title='bbox 1192 1939 1265 2012; x_wconf 93' lang='lat' dir='ltr'><strong>puta</strong></span> 
     </span>
     <span class='ocr_line' id='line_1_16' title="bbox 177 2027 1267 2110; baseline 0 -18"><span class='ocrx_word' id='word_1_119' title='bbox 177 2045 277 2093; x_wconf 84' lang='lat' dir='ltr'><strong>vnum</strong></span> <span class='ocrx_word' id='word_1_120' title='bbox 300 2044 340 2093; x_wconf 84' lang='lat' dir='ltr'><strong>ex</strong></span> <span class='ocrx_word' id='word_1_121' title='bbox 361 2027 534 2092; x_wconf 89' lang='lat' dir='ltr'><strong>cuiuslibet</strong></span> <span class='ocrx_word' id='word_1_122' title='bbox 554 2043 726 2104; x_wconf 87' lang='lat' dir='ltr'><strong>canonum,</strong></span> <span class='ocrx_word' id='word_1_123' title='bbox 743 2029 849 2110; x_wconf 82' lang='lat' dir='ltr'><strong>legum</strong></span> <span class='ocrx_word' id='word_1_124' title='bbox 871 2037 903 2094; x_wconf 91' lang='lat' dir='ltr'><strong>et</strong></span> <span class='ocrx_word' id='word_1_125' title='bbox 924 2028 1083 2094; x_wconf 86' lang='lat' dir='ltr'><strong>medicine</strong></span> <span class='ocrx_word' id='word_1_126' title='bbox 1105 2028 1267 2093; x_wconf 71' lang='lat' dir='ltr'><strong>facultatis</strong></span> 
     </span>
     <span class='ocr_line' id='line_1_17' title="bbox 179 2126 1269 2209; baseline 0.002 -19"><span class='ocrx_word' id='word_1_127' title='bbox 179 2127 337 2208; x_wconf 82' lang='lat' dir='ltr'><strong>predictis</strong></span> <span class='ocrx_word' id='word_1_128' title='bbox 353 2126 542 2192; x_wconf 87' lang='lat' dir='ltr'><strong>doctoribus</strong></span> <span class='ocrx_word' id='word_1_129' title='bbox 557 2137 590 2192; x_wconf 90' lang='lat' dir='ltr'><strong>et</strong></span> <span class='ocrx_word' id='word_1_130' title='bbox 602 2127 764 2209; x_wconf 82' lang='lat' dir='ltr'><strong>magistris</strong></span> <span class='ocrx_word' id='word_1_131' title='bbox 776 2128 808 2190; x_wconf 91' lang='lat' dir='ltr'><strong>iu</strong></span> <span class='ocrx_word' id='word_1_132' title='bbox 822 2127 1007 2192; x_wconf 78' lang='lat' dir='ltr'><strong>familiarem</strong></span> <span class='ocrx_word' id='word_1_133' title='bbox 1021 2136 1166 2192; x_wconf 90' lang='lat' dir='ltr'><strong>nostrum</strong></span> <span class='ocrx_word' id='word_1_134' title='bbox 1179 2144 1269 2192; x_wconf 89' lang='lat' dir='ltr'><strong>assu·</strong></span> 
     </span>
     <span class='ocr_line' id='line_1_18' title="bbox 180 2225 1265 2305; baseline -0.004 -11"><span class='ocrx_word' id='word_1_135' title='bbox 180 2243 281 2300; x_wconf 87' lang='lat' dir='ltr'><strong>mere,</strong></span> <span class='ocrx_word' id='word_1_136' title='bbox 306 2235 338 2290; x_wconf 93' lang='lat' dir='ltr'><strong>et</strong></span> <span class='ocrx_word' id='word_1_137' title='bbox 363 2225 485 2290; x_wconf 90' lang='lat' dir='ltr'><strong>eisdem</strong></span> <span class='ocrx_word' id='word_1_138' title='bbox 512 2225 609 2291; x_wconf 90' lang='lat' dir='ltr'><strong>dictis</strong></span> <span class='ocrx_word' id='word_1_139' title='bbox 631 2226 805 2291; x_wconf 85' lang='lat' dir='ltr'><strong>residentis</strong></span> <span class='ocrx_word' id='word_1_140' title='bbox 827 2235 857 2291; x_wconf 88' lang='lat' dir='ltr'><strong>ot</strong></span> <span class='ocrx_word' id='word_1_141' title='bbox 879 2225 1014 2292; x_wconf 89' lang='lat' dir='ltr'><strong>seruitio</strong></span> <span class='ocrx_word' id='word_1_142' title='bbox 1037 2226 1098 2289; x_wconf 84' lang='lat' dir='ltr'><strong>uite</strong></span> <span class='ocrx_word' id='word_1_143' title='bbox 1122 2226 1265 2305; x_wconf 92' lang='lat' dir='ltr'><strong>ipsorum</strong></span> 
     </span>
     <span class='ocr_line' id='line_1_19' title="bbox 179 2323 1266 2405; baseline -0.002 -16"><span class='ocrx_word' id='word_1_144' title='bbox 179 2324 301 2389; x_wconf 88' lang='lat' dir='ltr'><strong>comite</strong></span> <span class='ocrx_word' id='word_1_145' title='bbox 312 2323 474 2396; x_wconf 82' lang='lat' dir='ltr'><strong>incerere,</strong></span> <span class='ocrx_word' id='word_1_146' title='bbox 489 2324 549 2388; x_wconf 92' lang='lat' dir='ltr'><strong>nisi</strong></span> <span class='ocrx_word' id='word_1_147' title='bbox 565 2326 613 2388; x_wconf 91' lang='lat' dir='ltr'><strong>eis</strong></span> <span class='ocrx_word' id='word_1_148' title='bbox 629 2325 736 2405; x_wconf 89' lang='lat' dir='ltr'><strong>potius</strong></span> <span class='ocrx_word' id='word_1_149' title='bbox 752 2323 906 2405; x_wconf 88' lang='lat' dir='ltr'><strong>placuerit</strong></span> <span class='ocrx_word' id='word_1_150' title='bbox 917 2324 1031 2389; x_wconf 88' lang='lat' dir='ltr'><strong>iterato</strong></span> <span class='ocrx_word' id='word_1_151' title='bbox 1046 2323 1151 2388; x_wconf 71' lang='lat' dir='ltr'><strong>buum</strong></span> <span class='ocrx_word' id='word_1_152' title='bbox 1169 2324 1266 2404; x_wconf 80' lang='lat' dir='ltr'><strong>studii</strong></span> 
     </span>
     <span class='ocr_line' id='line_1_20' title="bbox 177 2420 1267 2503; baseline -0.001 -16"><span class='ocrx_word' id='word_1_153' title='bbox 177 2431 328 2503; x_wconf 87' lang='lat' dir='ltr'><strong>repetere</strong></span> <span class='ocrx_word' id='word_1_154' title='bbox 344 2420 470 2486; x_wconf 84' lang='lat' dir='ltr'><strong>licentia</strong></span> <span class='ocrx_word' id='word_1_155' title='bbox 487 2431 620 2487; x_wconf 90' lang='lat' dir='ltr'><strong>tamena</strong></span> <span class='ocrx_word' id='word_1_156' title='bbox 634 2422 726 2488; x_wconf 91' lang='lat' dir='ltr'><strong>nobis</strong></span> <span class='ocrx_word' id='word_1_157' title='bbox 738 2431 770 2488; x_wconf 90' lang='lat' dir='ltr'><strong>et</strong></span> <span class='ocrx_word' id='word_1_158' title='bbox 781 2423 1026 2487; x_wconf 87' lang='lat' dir='ltr'><strong>suecessoribus</strong></span> <span class='ocrx_word' id='word_1_159' title='bbox 1038 2421 1157 2486; x_wconf 88' lang='lat' dir='ltr'><strong>nostris</strong></span> <span class='ocrx_word' id='word_1_160' title='bbox 1171 2422 1267 2503; x_wconf 88' lang='lat' dir='ltr'><strong>petita</strong></span> 
     </span>
     <span class='ocr_line' id='line_1_21' title="bbox 177 2520 1267 2602; baseline -0.003 -15"><span class='ocrx_word' id='word_1_161' title='bbox 177 2531 211 2587; x_wconf 87' lang='lat' dir='ltr'><strong>et</strong></span> <span class='ocrx_word' id='word_1_162' title='bbox 226 2522 377 2594; x_wconf 87' lang='lat' dir='ltr'><strong>obtenta;</strong></span> <span class='ocrx_word' id='word_1_163' title='bbox 393 2537 466 2584; x_wconf 87' lang='lat' dir='ltr'><strong>cum</strong></span> <span class='ocrx_word' id='word_1_164' title='bbox 482 2520 561 2584; x_wconf 92' lang='lat' dir='ltr'><strong>alias</strong></span> <span class='ocrx_word' id='word_1_165' title='bbox 576 2531 608 2585; x_wconf 90' lang='lat' dir='ltr'><strong>et</strong></span> <span class='ocrx_word' id='word_1_166' title='bbox 623 2521 699 2585; x_wconf 94' lang='lat' dir='ltr'><strong>dum</strong></span> <span class='ocrx_word' id='word_1_167' title='bbox 724 2522 869 2602; x_wconf 89' lang='lat' dir='ltr'><strong>prelibati</strong></span> <span class='ocrx_word' id='word_1_168' title='bbox 893 2521 1045 2587; x_wconf 91' lang='lat' dir='ltr'><strong>doctores</strong></span> <span class='ocrx_word' id='word_1_169' title='bbox 1067 2531 1099 2586; x_wconf 89' lang='lat' dir='ltr'><strong>et</strong></span> <span class='ocrx_word' id='word_1_170' title='bbox 1122 2521 1267 2602; x_wconf 81' lang='lat' dir='ltr'><strong>magistri</strong></span> 
     </span>
     <span class='ocr_line' id='line_1_22' title="bbox 176 2617 1269 2702; baseline 0 -18"><span class='ocrx_word' id='word_1_171' title='bbox 176 2619 275 2684; x_wconf 86' lang='lat' dir='ltr'><strong>dictis</strong></span> <span class='ocrx_word' id='word_1_172' title='bbox 290 2617 423 2684; x_wconf 88' lang='lat' dir='ltr'><strong>casibus</strong></span> <span class='ocrx_word' id='word_1_173' title='bbox 438 2619 642 2684; x_wconf 86' lang='lat' dir='ltr'><strong>cessantibus</strong></span> <span class='ocrx_word' id='word_1_174' title='bbox 659 2619 781 2685; x_wconf 90' lang='lat' dir='ltr'><strong>intente</strong></span> <span class='ocrx_word' id='word_1_175' title='bbox 799 2621 907 2702; x_wconf 86' lang='lat' dir='ltr'><strong>legere</strong></span> <span class='ocrx_word' id='word_1_176' title='bbox 922 2629 953 2684; x_wconf 90' lang='lat' dir='ltr'><strong>et</strong></span> <span class='ocrx_word' id='word_1_177' title='bbox 969 2637 1082 2701; x_wconf 85' lang='lat' dir='ltr'><strong>regere</strong></span> <span class='ocrx_word' id='word_1_178' title='bbox 1099 2635 1269 2684; x_wconf 72' lang='lat' dir='ltr'><strong>recusaue-</strong></span> 
     </span>
     <span class='ocr_line' id='line_1_23' title="bbox 177 2716 1269 2794; baseline 0.001 -13"><span class='ocrx_word' id='word_1_179' title='bbox 177 2719 255 2791; x_wconf 92' lang='lat' dir='ltr'><strong>rint‚</strong></span> <span class='ocrx_word' id='word_1_180' title='bbox 272 2725 327 2780; x_wconf 91' lang='lat' dir='ltr'><strong>aut</strong></span> <span class='ocrx_word' id='word_1_181' title='bbox 342 2716 537 2791; x_wconf 87' lang='lat' dir='ltr'><strong>distulerint,</strong></span> <span class='ocrx_word' id='word_1_182' title='bbox 555 2717 675 2781; x_wconf 86' lang='lat' dir='ltr'><strong>aliasve</strong></span> <span class='ocrx_word' id='word_1_183' title='bbox 691 2733 727 2782; x_wconf 89' lang='lat' dir='ltr'><strong>se</strong></span> <span class='ocrx_word' id='word_1_184' title='bbox 742 2718 773 2780; x_wconf 94' lang='lat' dir='ltr'><strong>in</strong></span> <span class='ocrx_word' id='word_1_185' title='bbox 790 2719 911 2794; x_wconf 85' lang='lat' dir='ltr'><strong>studio,</strong></span> <span class='ocrx_word' id='word_1_186' title='bbox 929 2719 992 2782; x_wconf 89' lang='lat' dir='ltr'><strong>vita</strong></span> <span class='ocrx_word' id='word_1_187' title='bbox 1013 2726 1044 2783; x_wconf 90' lang='lat' dir='ltr'><strong>et</strong></span> <span class='ocrx_word' id='word_1_188' title='bbox 1065 2718 1209 2782; x_wconf 92' lang='lat' dir='ltr'><strong>moribus</strong></span> <span class='ocrx_word' id='word_1_189' title='bbox 1233 2734 1269 2782; x_wconf 89' lang='lat' dir='ltr'><strong>se</strong></span> 
     </span>
     <span class='ocr_line' id='line_1_24' title="bbox 177 2815 1271 2896; baseline -0.002 -16"><span class='ocrx_word' id='word_1_190' title='bbox 177 2816 354 2896; x_wconf 81' lang='lat' dir='ltr'><strong>gesserint,</strong></span> <span class='ocrx_word' id='word_1_191' title='bbox 363 2815 448 2895; x_wconf 94' lang='lat' dir='ltr'><strong>quod</strong></span> <span class='ocrx_word' id='word_1_192' title='bbox 457 2815 488 2878; x_wconf 95' lang='lat' dir='ltr'><strong>in</strong></span> <span class='ocrx_word' id='word_1_193' title='bbox 503 2825 645 2879; x_wconf 89' lang='lat' dir='ltr'><strong>nostram</strong></span> <span class='ocrx_word' id='word_1_194' title='bbox 658 2825 689 2880; x_wconf 92' lang='lat' dir='ltr'><strong>et</strong></span> <span class='ocrx_word' id='word_1_195' title='bbox 701 2831 929 2882; x_wconf 88' lang='lat' dir='ltr'><strong>successorum</strong></span> <span class='ocrx_word' id='word_1_196' title='bbox 943 2825 1129 2880; x_wconf 88' lang='lat' dir='ltr'><strong>nostrorum</strong></span> <span class='ocrx_word' id='word_1_197' title='bbox 1141 2815 1271 2879; x_wconf 83' lang='lat' dir='ltr'><strong>antuni-</strong></span> 
     </span>
     <span class='ocr_line' id='line_1_25' title="bbox 178 2914 1267 2996; baseline -0.003 -16"><span class='ocrx_word' id='word_1_198' title='bbox 178 2914 348 2980; x_wconf 88' lang='lat' dir='ltr'><strong>uersitatis</strong></span> <span class='ocrx_word' id='word_1_199' title='bbox 367 2923 400 2978; x_wconf 89' lang='lat' dir='ltr'><strong>et</strong></span> <span class='ocrx_word' id='word_1_200' title='bbox 419 2914 506 2994; x_wconf 91' lang='lat' dir='ltr'><strong>opidi</strong></span> <span class='ocrx_word' id='word_1_201' title='bbox 528 2915 744 2993; x_wconf 92' lang='lat' dir='ltr'><strong>predictorum</strong></span> <span class='ocrx_word' id='word_1_202' title='bbox 760 2914 877 2980; x_wconf 88' lang='lat' dir='ltr'><strong>cedere</strong></span> <span class='ocrx_word' id='word_1_203' title='bbox 893 2925 1004 2996; x_wconf 90' lang='lat' dir='ltr'><strong>posset</strong></span> <span class='ocrx_word' id='word_1_204' title='bbox 1019 2915 1267 2996; x_wconf 88' lang='lat' dir='ltr'><strong>displicentiam,</strong></span> 
     </span>
     <span class='ocr_line' id='line_1_26' title="bbox 178 3013 1268 3095; baseline -0.002 -17"><span class='ocrx_word' id='word_1_205' title='bbox 178 3013 394 3078; x_wconf 83' lang='lat' dir='ltr'><strong>canonicatus</strong></span> <span class='ocrx_word' id='word_1_206' title='bbox 415 3024 446 3078; x_wconf 87' lang='lat' dir='ltr'><strong>et</strong></span> <span class='ocrx_word' id='word_1_207' title='bbox 463 3014 625 3094; x_wconf 89' lang='lat' dir='ltr'><strong>prebende</strong></span> <span class='ocrx_word' id='word_1_208' title='bbox 640 3031 723 3095; x_wconf 91' lang='lat' dir='ltr'><strong>ques</strong></span> <span class='ocrx_word' id='word_1_209' title='bbox 738 3023 770 3079; x_wconf 93' lang='lat' dir='ltr'><strong>et</strong></span> <span class='ocrx_word' id='word_1_210' title='bbox 785 3031 865 3095; x_wconf 92' lang='lat' dir='ltr'><strong>quas</strong></span> <span class='ocrx_word' id='word_1_211' title='bbox 880 3015 929 3079; x_wconf 91' lang='lat' dir='ltr'><strong>sic</strong></span> <span class='ocrx_word' id='word_1_212' title='bbox 944 3015 1143 3080; x_wconf 89' lang='lat' dir='ltr'><strong>obtinuerint</strong></span> <span class='ocrx_word' id='word_1_213' title='bbox 1158 3022 1189 3078; x_wconf 92' lang='lat' dir='ltr'><strong>et</strong></span> <span class='ocrx_word' id='word_1_214' title='bbox 1205 3028 1268 3077; x_wconf 91' lang='lat' dir='ltr'><strong>nen</strong></span> 
     </span>
     <span class='ocr_line' id='line_1_27' title="bbox 177 3111 1272 3191; baseline 0 -15"><span class='ocrx_word' id='word_1_215' title='bbox 177 3119 254 3178; x_wconf 90' lang='lat' dir='ltr'><strong>aute</strong></span> <span class='ocrx_word' id='word_1_216' title='bbox 265 3113 609 3178; x_wconf 87' lang='lat' dir='ltr'><strong>censebunturraoare</strong></span> <span class='ocrx_word' id='word_1_217' title='bbox 620 3113 789 3178; x_wconf 81' lang='lat' dir='ltr'><strong>restiterat</strong></span> <span class='ocrx_word' id='word_1_218' title='bbox 801 3129 872 3177; x_wconf 90' lang='lat' dir='ltr'><strong>eum</strong></span> <span class='ocrx_word' id='word_1_219' title='bbox 886 3111 1014 3186; x_wconf 75' lang='lat' dir='ltr'><strong>ellectu3</strong></span> <span class='ocrx_word' id='word_1_220' title='bbox 1023 3111 1184 3177; x_wconf 84' lang='lat' dir='ltr'><strong>debebunt</strong></span> <span class='ocrx_word' id='word_1_221' title='bbox 1193 3127 1272 3191; x_wconf 87' lang='lat' dir='ltr'><strong>quo·</strong></span> 
     </span>
     <span class='ocr_line' id='line_1_28' title="bbox 179 3209 1271 3292; baseline -0.002 -16"><span class='ocrx_word' id='word_1_222' title='bbox 179 3229 244 3292; x_wconf 89' lang='lat' dir='ltr'><strong>que</strong></span> <span class='ocrx_word' id='word_1_223' title='bbox 255 3220 288 3275; x_wconf 91' lang='lat' dir='ltr'><strong>et</strong></span> <span class='ocrx_word' id='word_1_224' title='bbox 301 3210 622 3277; x_wconf 84' lang='lat' dir='ltr'><strong>tenebunturextunc</strong></span> <span class='ocrx_word' id='word_1_225' title='bbox 633 3211 726 3276; x_wconf 89' lang='lat' dir='ltr'><strong>etiam</strong></span> <span class='ocrx_word' id='word_1_226' title='bbox 740 3221 771 3277; x_wconf 91' lang='lat' dir='ltr'><strong>et</strong></span> <span class='ocrx_word' id='word_1_227' title='bbox 783 3214 810 3276; x_wconf 92' lang='lat' dir='ltr'><strong>si</strong></span> <span class='ocrx_word' id='word_1_228' title='bbox 822 3212 958 3276; x_wconf 89' lang='lat' dir='ltr'><strong>alterurn</strong></span> <span class='ocrx_word' id='word_1_229' title='bbox 968 3209 1185 3291; x_wconf 90' lang='lat' dir='ltr'><strong>predictorum</strong></span> <span class='ocrx_word' id='word_1_230' title='bbox 1194 3209 1271 3274; x_wconf 88' lang='lat' dir='ltr'><strong>doo-</strong></span> 
     </span>
     <span class='ocr_line' id='line_1_29' title="bbox 180 3307 1268 3391; baseline -0.003 -18"><span class='ocrx_word' id='word_1_231' title='bbox 180 3321 286 3374; x_wconf 89' lang='lat' dir='ltr'><strong>ternm</strong></span> <span class='ocrx_word' id='word_1_232' title='bbox 300 3319 332 3373; x_wconf 92' lang='lat' dir='ltr'><strong>et</strong></span> <span class='ocrx_word' id='word_1_233' title='bbox 345 3309 583 3391; x_wconf 83' lang='lat' dir='ltr'><strong>magistrorum,</strong></span> <span class='ocrx_word' id='word_1_234' title='bbox 598 3320 765 3390; x_wconf 89' lang='lat' dir='ltr'><strong>postquam</strong></span> <span class='ocrx_word' id='word_1_235' title='bbox 779 3311 1003 3375; x_wconf 87' lang='lat' dir='ltr'><strong>eanorrieatum</strong></span> <span class='ocrx_word' id='word_1_236' title='bbox 1015 3318 1047 3374; x_wconf 93' lang='lat' dir='ltr'><strong>et</strong></span> <span class='ocrx_word' id='word_1_237' title='bbox 1059 3307 1268 3388; x_wconf 88' lang='lat' dir='ltr'><strong>prebendam,</strong></span> 
     </span>
     <span class='ocr_line' id='line_1_30' title="bbox 181 3404 1269 3489; baseline -0.005 -17"><span class='ocrx_word' id='word_1_238' title='bbox 181 3419 215 3472; x_wconf 90' lang='lat' dir='ltr'><strong>ut</strong></span> <span class='ocrx_word' id='word_1_239' title='bbox 231 3407 444 3489; x_wconf 73' lang='lat' dir='ltr'><strong>praesagitur,</strong></span> <span class='ocrx_word' id='word_1_240' title='bbox 457 3409 592 3487; x_wconf 88' lang='lat' dir='ltr'><strong>adeptus</strong></span> <span class='ocrx_word' id='word_1_241' title='bbox 609 3409 704 3472; x_wconf 86' lang='lat' dir='ltr'><strong>luerit</strong></span> <span class='ocrx_word' id='word_1_242' title='bbox 719 3408 782 3472; x_wconf 88' lang='lat' dir='ltr'><strong>vita</strong></span> <span class='ocrx_word' id='word_1_243' title='bbox 800 3409 887 3489; x_wconf 86' lang='lat' dir='ltr'><strong>iungi</strong></span> <span class='ocrx_word' id='word_1_244' title='bbox 903 3408 1078 3488; x_wconf 84' lang='lat' dir='ltr'><strong>contingat,</strong></span> <span class='ocrx_word' id='word_1_245' title='bbox 1092 3404 1269 3486; x_wconf 88' lang='lat' dir='ltr'><strong>supradicti</strong></span> 
     </span>
     <span class='ocr_line' id='line_1_31' title="bbox 179 3503 1271 3588; baseline -0.002 -18"><span class='ocrx_word' id='word_1_246' title='bbox 179 3507 301 3572; x_wconf 83' lang='lat' dir='ltr'><strong>liector</strong></span> <span class='ocrx_word' id='word_1_247' title='bbox 323 3517 356 3570; x_wconf 90' lang='lat' dir='ltr'><strong>et</strong></span> <span class='ocrx_word' id='word_1_248' title='bbox 370 3507 576 3582; x_wconf 80' lang='lat' dir='ltr'><strong>uniuersitas,</strong></span> <span class='ocrx_word' id='word_1_249' title='bbox 594 3517 625 3571; x_wconf 91' lang='lat' dir='ltr'><strong>et</strong></span> <span class='ocrx_word' id='word_1_250' title='bbox 647 3507 777 3588; x_wconf 91' lang='lat' dir='ltr'><strong>opidum</strong></span> <span class='ocrx_word' id='word_1_251' title='bbox 801 3507 993 3571; x_wconf 83' lang='lat' dir='ltr'><strong>unanimiter</strong></span> <span class='ocrx_word' id='word_1_252' title='bbox 1015 3508 1088 3570; x_wconf 90' lang='lat' dir='ltr'><strong>loco</strong></span> <span class='ocrx_word' id='word_1_253' title='bbox 1113 3504 1199 3568; x_wconf 90' lang='lat' dir='ltr'><strong>illius</strong></span> <span class='ocrx_word' id='word_1_254' title='bbox 1222 3503 1271 3568; x_wconf 89' lang='lat' dir='ltr'><strong>sic</strong></span> 
     </span>
     <span class='ocr_line' id='line_1_32' title="bbox 179 3603 1270 3687; baseline -0.003 -19"><span class='ocrx_word' id='word_1_255' title='bbox 179 3604 370 3670; x_wconf 85' lang='lat' dir='ltr'><strong>decedentis</strong></span> <span class='ocrx_word' id='word_1_256' title='bbox 399 3615 453 3668; x_wconf 92' lang='lat' dir='ltr'><strong>aut</strong></span> <span class='ocrx_word' id='word_1_257' title='bbox 480 3605 636 3681; x_wconf 91' lang='lat' dir='ltr'><strong>cedentis,</strong></span> <span class='ocrx_word' id='word_1_258' title='bbox 664 3605 877 3687; x_wconf 83' lang='lat' dir='ltr'><strong>ampliusque,</strong></span> <span class='ocrx_word' id='word_1_259' title='bbox 908 3621 1003 3684; x_wconf 89' lang='lat' dir='ltr'><strong>quam</strong></span> <span class='ocrx_word' id='word_1_260' title='bbox 1034 3613 1067 3668; x_wconf 94' lang='lat' dir='ltr'><strong>ut</strong></span> <span class='ocrx_word' id='word_1_261' title='bbox 1097 3603 1270 3684; x_wconf 80' lang='lat' dir='ltr'><strong>prefertur,</strong></span> 
     </span>
     <span class='ocr_line' id='line_1_33' title="bbox 180 3701 1269 3786; baseline -0.001 -21"><span class='ocrx_word' id='word_1_262' title='bbox 180 3703 290 3784; x_wconf 86' lang='lat' dir='ltr'><strong>legere</strong></span> <span class='ocrx_word' id='word_1_263' title='bbox 315 3711 477 3783; x_wconf 77' lang='lat' dir='ltr'><strong>strepere</strong></span> <span class='ocrx_word' id='word_1_264' title='bbox 499 3703 692 3780; x_wconf 89' lang='lat' dir='ltr'><strong>recusantis,</strong></span> <span class='ocrx_word' id='word_1_265' title='bbox 711 3704 808 3767; x_wconf 89' lang='lat' dir='ltr'><strong>alium</strong></span> <span class='ocrx_word' id='word_1_266' title='bbox 824 3704 990 3786; x_wconf 82' lang='lat' dir='ltr'><strong>doctorem</strong></span> <span class='ocrx_word' id='word_1_267' title='bbox 1013 3703 1063 3768; x_wconf 88' lang='lat' dir='ltr'><strong>vel</strong></span> <span class='ocrx_word' id='word_1_268' title='bbox 1081 3701 1269 3782; x_wconf 82' lang='lat' dir='ltr'><strong>magistrum</strong></span> 
     </span>
     <span class='ocr_line' id='line_1_34' title="bbox 179 3798 1270 3882; baseline -0.004 -16"><span class='ocrx_word' id='word_1_269' title='bbox 179 3801 327 3866; x_wconf 86' lang='lat' dir='ltr'><strong>eiusdem</strong></span> <span class='ocrx_word' id='word_1_270' title='bbox 351 3801 510 3866; x_wconf 83' lang='lat' dir='ltr'><strong>tenuitatis</strong></span> <span class='ocrx_word' id='word_1_271' title='bbox 533 3801 565 3864; x_wconf 88' lang='lat' dir='ltr'><strong>in</strong></span> <span class='ocrx_word' id='word_1_272' title='bbox 588 3817 649 3882; x_wconf 89' lang='lat' dir='ltr'><strong>qua</strong></span> <span class='ocrx_word' id='word_1_273' title='bbox 673 3801 746 3866; x_wconf 89' lang='lat' dir='ltr'><strong>talis</strong></span> <span class='ocrx_word' id='word_1_274' title='bbox 767 3803 875 3882; x_wconf 86' lang='lat' dir='ltr'><strong>legere</strong></span> <span class='ocrx_word' id='word_1_275' title='bbox 896 3799 1080 3877; x_wconf 84' lang='lat' dir='ltr'><strong>consueuit,</strong></span> <span class='ocrx_word' id='word_1_276' title='bbox 1104 3798 1270 3864; x_wconf 83' lang='lat' dir='ltr'><strong>iocosius</strong></span> 
     </span>
     <span class='ocr_line' id='line_1_35' title="bbox 182 3899 1272 3980; baseline -0.004 -17"><span class='ocrx_word' id='word_1_277' title='bbox 182 3901 277 3965; x_wconf 90' lang='lat' dir='ltr'><strong>nobis</strong></span> <span class='ocrx_word' id='word_1_278' title='bbox 293 3909 326 3964; x_wconf 86' lang='lat' dir='ltr'><strong>et</strong></span> <span class='ocrx_word' id='word_1_279' title='bbox 338 3900 585 3964; x_wconf 87' lang='lat' dir='ltr'><strong>successoribus</strong></span> <span class='ocrx_word' id='word_1_280' title='bbox 598 3900 719 3966; x_wconf 91' lang='lat' dir='ltr'><strong>nostris</strong></span> <span class='ocrx_word' id='word_1_281' title='bbox 736 3907 932 3980; x_wconf 89' lang='lat' dir='ltr'><strong>presentare.</strong></span> <span class='ocrx_word' id='word_1_282' title='bbox 951 3899 1006 3964; x_wconf 85' lang='lat' dir='ltr'><strong>Cui</strong></span> <span class='ocrx_word' id='word_1_283' title='bbox 1020 3899 1069 3963; x_wconf 89' lang='lat' dir='ltr'><strong>sic</strong></span> <span class='ocrx_word' id='word_1_284' title='bbox 1085 3904 1272 3979; x_wconf 88' lang='lat' dir='ltr'><strong>presentato</strong></span> 
     </span>
     <span class='ocr_line' id='line_1_36' title="bbox 180 3996 1270 4078; baseline -0.003 -17"><span class='ocrx_word' id='word_1_285' title='bbox 180 4015 241 4064; x_wconf 89' lang='lat' dir='ltr'><strong>nos</strong></span> <span class='ocrx_word' id='word_1_286' title='bbox 253 4008 286 4062; x_wconf 91' lang='lat' dir='ltr'><strong>et</strong></span> <span class='ocrx_word' id='word_1_287' title='bbox 299 4013 511 4063; x_wconf 87' lang='lat' dir='ltr'><strong>successores</strong></span> <span class='ocrx_word' id='word_1_288' title='bbox 525 3999 627 4064; x_wconf 93' lang='lat' dir='ltr'><strong>nestri</strong></span> <span class='ocrx_word' id='word_1_289' title='bbox 645 3998 809 4078; x_wconf 89' lang='lat' dir='ltr'><strong>prouideri</strong></span> <span class='ocrx_word' id='word_1_290' title='bbox 824 3997 1004 4063; x_wconf 88' lang='lat' dir='ltr'><strong>tenebimur</strong></span> <span class='ocrx_word' id='word_1_291' title='bbox 1016 3996 1112 4062; x_wconf 90' lang='lat' dir='ltr'><strong>modo</strong></span> <span class='ocrx_word' id='word_1_292' title='bbox 1124 4006 1156 4060; x_wconf 88' lang='lat' dir='ltr'><strong>et</strong></span> <span class='ocrx_word' id='word_1_293' title='bbox 1169 3996 1270 4060; x_wconf 86' lang='lat' dir='ltr'><strong>torma</strong></span> 
     </span>
     <span class='ocr_line' id='line_1_37' title="bbox 181 4094 1268 4178; baseline -0.004 -17"><span class='ocrx_word' id='word_1_294' title='bbox 181 4095 426 4175; x_wconf 89' lang='lat' dir='ltr'><strong>suprascriptis,</strong></span> <span class='ocrx_word' id='word_1_295' title='bbox 441 4097 586 4176; x_wconf 85' lang='lat' dir='ltr'><strong>prouiso,</strong></span> <span class='ocrx_word' id='word_1_296' title='bbox 599 4097 685 4178; x_wconf 92' lang='lat' dir='ltr'><strong>quod</strong></span> <span class='ocrx_word' id='word_1_297' title='bbox 698 4097 725 4161; x_wconf 91' lang='lat' dir='ltr'><strong>si</strong></span> <span class='ocrx_word' id='word_1_298' title='bbox 739 4097 771 4160; x_wconf 94' lang='lat' dir='ltr'><strong>in</strong></span> <span class='ocrx_word' id='word_1_299' title='bbox 784 4097 878 4161; x_wconf 90' lang='lat' dir='ltr'><strong>dictis</strong></span> <span class='ocrx_word' id='word_1_300' title='bbox 891 4095 1086 4160; x_wconf 82' lang='lat' dir='ltr'><strong>sanetiPetri</strong></span> <span class='ocrx_word' id='word_1_301' title='bbox 1101 4094 1268 4166; x_wconf 85' lang='lat' dir='ltr'><strong>Bebensis,</strong></span> 
     </span>
     <span class='ocr_line' id='line_1_38' title="bbox 180 4191 1274 4262; baseline -0.005 -2"><span class='ocrx_word' id='word_1_302' title='bbox 180 4191 295 4260; x_wconf 85' lang='lat' dir='ltr'><strong>sancte</strong></span> <span class='ocrx_word' id='word_1_303' title='bbox 332 4192 399 4260; x_wconf 87' lang='lat' dir='ltr'><strong>Ode</strong></span> <span class='ocrx_word' id='word_1_304' title='bbox 432 4195 593 4261; x_wconf 87' lang='lat' dir='ltr'><strong>lindensis</strong></span> <span class='ocrx_word' id='word_1_305' title='bbox 625 4207 657 4261; x_wconf 89' lang='lat' dir='ltr'><strong>et</strong></span> <span class='ocrx_word' id='word_1_306' title='bbox 693 4197 795 4262; x_wconf 89' lang='lat' dir='ltr'><strong>sancti</strong></span> <span class='ocrx_word' id='word_1_307' title='bbox 830 4196 987 4261; x_wconf 87' lang='lat' dir='ltr'><strong>lobannis</strong></span> <span class='ocrx_word' id='word_1_308' title='bbox 1019 4191 1274 4259; x_wconf 82' lang='lat' dir='ltr'><strong>lluseiducensis</strong></span> 
     </span>
    </p>
   </div>
   <div class='ocr_carea' id='block_1_4' title="bbox 0 0 1565 4942">
    <p class='ocr_par' dir='ltr' id='par_1_4' title="bbox 0 0 1565 4942">
     <span class='ocr_line' id='line_1_39' title="bbox 0 0 1565 4942; baseline 0 0"><span class='ocrx_word' id='word_1_309' title='bbox 0 0 1565 4942; x_wconf 95' lang='lat' dir='ltr'><strong> </strong></span> 
     </span>
    </p>
   </div>
  </div>
 </body>
</html>
