3246 4944
737 429 778 442 —
799 393 921 457 650-

285 585 434 654 quement
463 584 550 635 toute
579 586 669 636 notre
695 576 952 636 reconnaissance
979 595 1060 654 pour
1087 596 1119 637 sa
1148 575 1369 638 bienveiiiante

285 672 567 734 communication.
587 671 629 734 Le
647 672 914 736 reverendissime
934 673 1034 737 Prelat
1050 673 1088 736 de
1107 675 1194 746 Parc.
1213 675 1257 737 Μ.
1274 673 1366 747 Note,

286 791 304 830 a
321 770 393 832 bien
409 769 505 830 voulu
523 789 604 832 nous
620 783 729 834 mettre
745 771 762 834 Ta
779 774 879 834 meme
894 772 1154 836 decollationem
1174 774 1203 834 la
1218 775 1306 854 copie
1326 793 1367 834 eu

288 869 461 933 manuscrit
486 869 636 952 original;
666 891 747 933 nous
774 870 818 932 lui
845 873 1025 953 exprimens
1050 873 1135 934 aussi
1163 883 1250 934 toute
1279 883 1369 933 notre

287 964 455 1052 gratitude.

527 1367 663 1432 Ertruits
684 1368 737 1431 des
760 1369 849 1432 Artes
871 1367 908 1430 rte
930 1367 1128 1430 t'Uniuer'sitd.

331 1570 344 1606 e
365 1547 420 1611 Diu
434 1548 484 1610 tu·
498 1547 688 1628 septembris
705 1547 792 1624 1673,
803 1546 1211 1627 tit-putatioUnirursitntis.
1227 1545 1367 1626 inqua...

288 1646 390 1712 ieotau
403 1647 528 1711 fuerunt
542 1648 664 1710 litterae
676 1647 803 1711 comitis
814 1648 854 1710 de
868 1647 1041 1726 ttonterey,
1052 1645 1174 1710 tenuris
1186 1647 1369 1724 sequentis:

333 1853 433 1916 «bon
459 1853 538 1916 tuen
568 1852 723 1933 bomingo
748 1853 788 1916 de
813 1851 930 1933 Zuuign
958 1863 988 1915 et
1018 1851 1171 1927 Fouzeon,
1195 1861 1300 1915 comte
1330 1851 1370 1916 de

289 1955 450 2033 blonterep
466 1962 497 2016 et
512 1953 552 2015 de
570 1951 719 2024 Fuentes.
734 1950 872 2031 Maronis
885 1952 924 2014 do
935 1951 1128 2028 Termonin,
1142 1951 1371 2031 gentitbomrun

287 2051 326 2116 du
350 2051 378 2114 tn
401 2049 557 2114 tutantur-o
580 2051 621 2112 du
647 2051 714 2132 Roy
739 2059 849 2114 nostre
871 2049 954 2124 Sire,
973 2050 1148 2114 lienteuuut
1169 2065 1374 2129 gourerueur

286 2160 318 2214 et
333 2149 491 2230 eupituine
506 2148 634 2228 uerteret
650 2150 707 2212 des
726 2149 805 2229 Puys
821 2148 882 2212 Bus
898 2157 929 2212 et
944 2148 984 2211 de
1003 2147 1216 2228 Bourgoigne,
1233 2157 1295 2210 otu.

683 2319 697 2357 t
717 2296 908 2362 Venerabies
924 2296 1023 2360 Gbors
1039 2305 1070 2360 et
1086 2295 1158 2359 bien
1175 2296 1285 2370 struem

332 2470 344 2506 r
365 2446 480 2510 Estnns
498 2444 639 2511 advertis
655 2444 696 2509 du
715 2461 773 2526 peu
791 2444 1020 2510 d'obserrenoe
1035 2444 1093 2508 des
1108 2452 1235 2518 statute,
1252 2443 1369 2506 ordon-

288 2565 405 2610 nnnees
434 2557 465 2610 et
496 2545 676 2609 visitatione
705 2561 834 2609 emanez
864 2561 943 2624 pour
973 2543 1003 2608 ie
1033 2543 1106 2608 bien
1135 2551 1167 2606 et
1199 2542 1299 2607 tustre
1329 2542 1370 2606 do

286 2645 487 2708 t'Unirersite
516 2645 557 2708 do
588 2643 740 2716 Louruin,
767 2660 847 2708 pons
877 2660 977 2707 avons
1006 2642 1118 2706 trouve
1147 2641 1301 2706 convenit·
1328 2641 1369 2705 de

286 2753 474 2807 commettre
490 2742 599 2807 tuobe
614 2743 653 2808 du
673 2743 769 2823 rur-eq
788 2760 869 2824 pour·
883 2743 1066 2806 s'inturmer
1085 2741 1125 2806 de
1149 2739 1369 2806 t'observnueu

287 2841 421 2922 d’jeoux,
453 2843 515 2904 utin
545 2841 615 2906 d'en
647 2843 724 2906 t'uire
753 2859 813 2906 son
844 2851 975 2921 rapport
1003 2857 1020 2903 e
1052 2859 1144 2916 nous,
1176 2851 1207 2905 et
1235 2858 1253 2919 y
1283 2849 1370 2904 estre

289 2941 549 3005 ritterieuremeut
575 2939 718 3020 dispose.
739 2959 831 3005 eume
857 2957 929 3004 seru
956 2947 1069 3004 trouve
1095 2940 1266 3014 eonveuir;
1290 2957 1370 3003 vous

288 3040 474 3104 ordonuens
493 3055 532 3102 an
558 3055 631 3102 nom
647 3040 688 3104 de
701 3039 740 3102 Se
759 3039 887 3121 Mujeste
903 3039 943 3103 de
958 3038 1082 3104 donner
1097 3038 1204 3102 audiet
1219 3035 1306 3102 Abbe
1323 3037 1369 3101 tes

288 3138 452 3212 umens,
470 3137 571 3210 noris,
589 3147 621 3202 et
636 3137 828 3212 assistenue‚
845 3138 923 3201 dont
939 3137 958 3200 n
972 3136 1098 3218 jugorro
1113 3136 1203 3200 avoir
1222 3136 1368 3216 besoing.

287 3254 364 3300 suns
379 3254 484 3300 :incon
500 3236 584 3318 dituy
599 3254 640 3302 ou
657 3237 906 3301 contradiction.
924 3240 947 3299 Α
965 3247 1042 3309 taut.
1061 3235 1253 3301 Venerubtes
1268 3235 1369 3298 Ctrers

287 3345 317 3400 ut
341 3335 412 3400 bien
437 3335 544 3413 nuez,
564 3347 673 3400 nostre
695 3335 850 3417 seigneur
873 3355 953 3401 vous
976 3335 1018 3399 sit
1034 3353 1073 3399 en
1090 3352 1124 3398 sa
1140 3335 1242 3398 sainte
1257 3335 1367 3415 garde.

290 3439 331 3498 tto
349 3433 525 3510 Bruxettes,
543 3435 572 3498 te
590 3435 628 3497 to
643 3436 683 3499 do
698 3435 880 3515 septembre
900 3435 991 3497 totu.
1008 3435 1178 3516 Purupbrf:
1197 3434 1239 3497 Du
1264 3432 1303 3496 Pu
1327 3437 1365 3494 ν.

287 3533 384 3612 Sipnt
399 3551 408 3596 .·
425 3537 534 3598 Comtu
548 3535 589 3598 de
606 3533 759 3598 Mourena.
779 3536 913 3614 Inferius
929 3551 939 3597 :
956 3533 1102 3597 Routart.

330 3759 343 3796 t
364 3737 419 3802 [tie
435 3738 488 3800 20·
501 3740 693 3819 septembris
716 3739 932 3814 t6'13‚indietu
950 3739 1007 3802 nn
1022 3737 1227 3820 congregatio
1242 3737 1371 3803 Univer-

286 3836 388 3900 situtis
405 3839 465 3902 sub
479 3837 674 3919 juramento.
1017 3881 1031 3890 -

329 3935 396 3998 tin
424 3954 485 4016 quu
513 3937 594 4025 lecte
622 3940 749 4002 t'uerunt
775 3937 892 4025 (titterp
921 3937 1061 4025 predicte
1082 3943 1113 4001 et
1135 3936 1244 4016 etium)
1267 3935 1371 4023 tinere

288 4035 475 4115 amplissimi
485 4035 604 4100 domini
619 4037 729 4115 pretati
745 4036 914 4101 Pareensis
926 4037 1044 4122 scripte
1058 4037 1226 4125 tnagnitioo
1238 4035 1370 4110 domino

290 4131 431 4212 Rectori,
448 4134 569 4202 tenoris
584 4135 774 4221 sequentis:
857 4158 861 4170 ·
