3222 4944
692 480 878 544 -fla-

279 661 400 726 Exinde
422 661 565 726 decanus
585 658 744 726 facultatis
766 663 881 727 artium
904 679 941 727 ex
958 659 1110 725 adiuncto
1136 669 1168 726 ut
1184 662 1323 728 asseruit

236 763 380 826 eiusdem
408 760 566 824 facultatis
592 762 741 841 exposuit
768 761 896 826 diuersa
921 760 1185 841 joconueuientia
1208 760 1322 842 inoba-

235 860 354 924 dieotie
376 859 547 923 scolariurn
572 869 654 930 elna
679 877 741 940 nae
766 860 958 940 proueniunt
982 877 1020 923 ex
1045 877 1083 922 eo
1110 860 1194 939 quod
1224 860 1321 940 aliqui

236 960 410 1025 moliuntur
440 957 592 1024 resistere
622 958 781 1040 ereccionj
807 959 991 1024 tutelarum.
1017 957 1054 1022 Et
1086 958 1322 1038 protestabatur

235 1059 319 1140 nuod
344 1058 477 1122 facultas
499 1058 614 1122 artium
638 1058 788 1122 omnious
811 1058 932 1122 viribus
956 1057 1025 1121 suis
1047 1057 1144 1122 vellet
1166 1057 1321 1123 assistere

236 1157 334 1239 priori
360 1169 391 1220 et
418 1155 556 1238 collegio
582 1157 751 1222 doctorum
776 1158 943 1238 vtriusnue
966 1155 1050 1238 juris
1074 1155 1105 1218 in
1132 1157 1322 1222 defensioue

234 1255 342 1337 statuti
366 1273 477 1320 eorum
503 1256 629 1321 raouiler
651 1258 691 1321 de
708 1257 815 1322 tutelis
832 1257 1005 1337 erigendis.
1024 1259 1060 1319 Et
1077 1255 1104 1320 si
1122 1255 1323 1338 contingeret

234 1356 382 1420 dominos
398 1355 438 1419 de
454 1355 594 1435 collegio
610 1355 778 1420 doctorum
797 1355 858 1436 patj
876 1367 951 1431 ete,
971 1356 1105 1419 facultas
1118 1354 1231 1433 artiurn
1247 1355 1323 1420 lide·

234 1454 307 1519 liter
322 1453 443 1519 eisdem
456 1455 598 1520 assistet.
617 1454 654 1519 Et
670 1471 708 1520 ex
725 1462 801 1519 tunc
813 1453 928 1518 diffinit
944 1464 974 1518 et
990 1453 1132 1518 declarat
1147 1469 1183 1517 se
1200 1462 1321 1534 partera

235 1563 346 1620 contra
359 1553 682 1634 volentesjmpedire,
692 1555 892 1618 exhortando
907 1554 1093 1634 superiores
1107 1552 1272 1616 facultates
1290 1562 1322 1616 ut

234 1653 335 1718 eciam
364 1653 394 1715 iu
419 1653 478 1717 liae
500 1653 630 1718 materia
656 1653 794 1718 facultati
822 1654 937 1719 artium
966 1653 1066 1718 velint
1091 1651 1256 1717 assistere.
1285 1650 1323 1716 Et

236 1752 387 1834 magister
426 1751 586 1816 Robertus
617 1753 781 1833 prediatus
813 1753 940 1816 nomine
970 1751 1095 1832 collegi]
1127 1750 1322 1830 acceptando

234 1849 416 1914 lruiusrnodi
434 1849 633 1915 oblacionern
649 1851 757 1915 rotulit
772 1851 892 1932 gratias
906 1850 1045 1930 facultati
1060 1849 1186 1913 artium.
1204 1848 1323 1913 Deinde

234 1949 375 2014 decanus
393 1949 550 2014 facultatis
567 1951 680 2014 artium
708 1951 889 2016 reiterando
908 1950 1171 2032 protestationem
1188 1949 1266 2012 alias
1289 1949 1321 2012 in

235 2048 307 2112 loco
322 2047 490 2128 capitulari
507 2049 645 2113 ecclesie
661 2051 762 2130 sanct]
783 2049 864 2130 Petrj
882 2067 988 2114 coram
1006 2049 1137 2114 domino
1151 2057 1276 2112 rectore
1291 2055 1323 2112 et

235 2147 333 2211 certis
348 2147 469 2227 jbidenr
493 2149 698 2228 congregatis
724 2149 906 2218 fraisands
930 2147 1154 2229 prosequendo
1170 2146 1321 2227 iniuriam

230 2245 353 2324 jllatarn
378 2245 517 2325 facultati
542 2263 612 2320 sue,
630 2263 693 2309 non
719 2257 824 2310 tanuen
849 2248 1041 2312 nominando
1066 2263 1123 2326 pro
1140 2259 1215 2311 lunc
1233 2244 1319 2325 jniu·

235 2343 386 2418 riantern;
403 2343 460 2408 sed
477 2361 516 2407 ex
540 2344 687 2409 mandato
711 2345 856 2409 eiusdem
881 2345 1039 2410 facultatis
1062 2346 1139 2410 dicit
1161 2361 1256 2408 vnurn
1280 2361 1320 2410 ex

229 2441 296 2522 jllis
319 2441 387 2507 fore
411 2443 597 2524 magistrum
620 2442 797 2511 Jnlrannern
813 2445 854 2509 de
877 2445 959 2509 llota
985 2462 1042 2525 pro
1065 2455 1141 2508 torro
1163 2445 1319 2508 decanum

233 2541 392 2605 latinitatis
410 2541 524 2622 legum.
543 2542 623 2606 ttenr
641 2543 755 2607 ontulit
772 2559 807 2608 se
825 2543 913 2622 prior
931 2543 1058 2606 nornine
1081 2541 1206 2623 collegi]
1223 2543 1249 2605 si
1267 2541 1319 2623 qui

232 2642 350 2706 fuerint
366 2642 417 2723 quj
431 2641 580 2707 conferre
591 2643 752 2708 voluerint
765 2661 837 2709 curn
851 2645 963 2709 eodem
976 2644 1115 2725 collegio
1128 2644 1165 2707 ad
1184 2643 1322 2725 benigue

232 2759 304 2808 cum
321 2741 444 2808 eisdem
460 2745 691 2808 conferendum
710 2743 741 2806 in
759 2745 889 2809 materia
906 2744 1061 2825 predicta.

673 2911 744 2963 Acta
762 2908 967 2980 Unicersitclt’s,
983 2909 1031 2976 IV,
1046 2910 1095 2964 fol.
1111 2909 1147 2963 al
1162 2917 1188 2964 r⁰
1202 2914 1229 2965 ct
1242 2917 1281 2968 r⁰.

273 3111 292 3172 4
300 3111 404 3191 Juillet
421 3111 512 3176 1478.
532 3113 680 3178 Rectorat
696 3114 736 3178 de
752 3114 863 3179 Pierre
879 3115 919 3180 de
935 3114 1027 3179 Rivo.

272 3323 387 3396 Quarta
413 3325 482 3405 juli]
510 3323 632 3406 indicta
663 3326 721 3390 fuit
752 3327 965 3408 congregacio
992 3325 1211 3392 uniuersitatis
1237 3327 1316 3392 frora

231 3441 312 3488 rrorra
328 3424 412 3504 apud
430 3424 688 3506 Augustinenses
704 3442 802 3504 super
819 3425 881 3506 hijs
896 3425 1054 3490 articulis.

272 3524 395 3588 frirnus
412 3533 461 3588 est
476 3525 514 3588 ad
532 3524 767 3588 consulendum
783 3525 913 3588 domiuo
930 3525 1048 3606 rectori
1066 3543 1164 3605 super
1182 3525 1316 3606 requisi·

228 3623 322 3687 cione
334 3640 370 3686 ex
389 3631 477 3703 parte
490 3621 617 3703 collegij
635 3624 801 3704 rariusque
811 3623 894 3704 juris
910 3623 940 3686 in
955 3641 1027 3689 eam
1042 3627 1122 3688 facta
1136 3623 1170 3705 jn
1186 3625 1316 3690 materia

229 3722 413 3786 tutelarum.

269 3921 302 3984 ln
320 3921 431 4001 primis
446 3913 531 3986 enim
553 3931 625 4004 post
649 3924 923 3989 conuocacioneur
947 3925 1150 3989 dominorum
1174 3924 1214 3989 de
1237 3941 1315 3988 eon·

227 4020 300 4083 silio
317 4019 538 4085 uniuersitatis
554 4022 749 4087 venerabilis
772 4033 803 4087 et
825 4023 1080 4103 circumspectus
1096 4023 1145 4084 vir
1165 4023 1317 4087 dominus

227 4127 257 4182 et
281 4122 432 4199 magister
459 4120 619 4185 Roberlas
645 4123 684 4186 de
707 4121 790 4186 Lacu
816 4123 982 4204 variusque
1001 4122 1083 4202 iuris
1106 4124 1219 4186 doctor
1242 4131 1313 4202 post

226 4216 352 4298 longara
388 4234 480 4284 ruam
511 4220 773 4301 proposicionem
810 4239 867 4301 per
896 4237 969 4286 euna
999 4222 1113 4285 factam
1144 4219 1313 4302 requisiuil
