3246 4944
695 431 881 501 ..637-

238 617 315 684 illud
333 617 594 700 perficientem
612 617 828 698 publicatione
845 623 879 684 nt
893 633 1007 684 ornnes
1024 616 1148 699 patroni
1166 615 1324 684 dictarunt

238 735 388 800 vagarum
411 719 584 784 bursarum
609 717 681 782 illas
704 717 856 799 specifice
879 733 951 783 cuni
975 717 1092 782 annuis
1107 716 1176 783 suis
1194 733 1330 798 prouen-

239 817 324 883 tibus
355 817 483 882 Rectori
522 817 672 882 exhibere
709 817 871 882 debebunt
909 817 989 880 intra
1027 815 1196 882 terrninurn
1233 815 1329 882 triurn

242 917 413 990 mensium,
430 915 490 980 snb
508 932 609 997 poena
626 915 724 997 cuod,
742 917 768 980 si
787 931 850 979 non
866 915 1011 991 fecerint,
1028 915 1109 981 istae
1125 914 1328 981 fundationes

242 1015 339 1082 certis
355 1015 501 1096 collegiis
517 1023 548 1080 at
564 1015 644 1080 locis
660 1014 919 1096 assignabuntur,
931 1015 983 1079 ubi
1001 1014 1033 1077 ln
1050 1013 1152 1080 lucorn
1169 1014 1326 1081 venerint.

694 1160 804 1235 't.

284 1313 363 1380 ltem
389 1313 421 1378 in
443 1313 632 1378 visitatione
658 1311 826 1378 ordinatur
855 1319 888 1376 ut
914 1331 1041 1377 onerum
1068 1331 1105 1377 nc
1127 1319 1331 1396 proventuum

243 1413 437 1478 exactissimo
462 1411 610 1476 tobcotur
637 1414 728 1486 rctio,
750 1419 778 1475 et
805 1429 870 1475 curn
899 1411 1011 1494 uiaque
1033 1414 1211 1494 concinenti
1235 1414 1335 1476 cauno

246 1513 432 1577 Univeraitoa
454 1530 521 1575 esre
543 1529 606 1574 uon
627 1512 733 1594 possit,
753 1513 971 1594 conveniatque
993 1519 1027 1575 ut
1049 1512 1176 1594 uliquort
1197 1513 1332 1575 crurium

243 1612 281 1674 ait
307 1613 365 1693 pat
393 1611 594 1676 Unicusitott’
622 1627 689 1673 eum
719 1611 842 1674 ciuitate
870 1629 1040 1686 commune,
1066 1618 1100 1674 ut
1128 1613 1161 1674 in
1191 1617 1331 1676 mutuum

244 1727 377 1774 umorum
413 1713 511 1790 inopia
548 1711 722 1792 corruptioni
753 1728 788 1772 uc
820 1711 902 1773 inter
931 1728 982 1774 eoa
1011 1717 1154 1773 counione
1183 1712 1333 1792 firmoque

244 1810 405 1873 concordio
423 1824 542 1891 compet·
563 1816 710 1884 seruetur,
727 1809 914 1890 permittit...
931 1816 965 1872 ut
985 1825 1057 1891 pota
1081 1809 1183 1890 aliqum
1207 1827 1333 1874 onerum

243 1915 368 1973 moneat
381 1926 439 1990 pro
456 1927 515 1971 usu
532 1915 561 1972 et
577 1909 680 1972 erario
695 1909 848 1972 communi
863 1915 925 1974 ete.

290 2106 435 2171 Eiarinon
458 2105 683 2172 Universitatis
710 2107 857 2188 exiguum
886 2115 940 2171 aut
964 2105 1084 2171 nullum
1108 2121 1182 2171 esse
1204 2105 1331 2183 dicitnr,

248 2211 280 2272 et
295 2205 428 2287 insuper
440 2223 496 2272 ere
507 2205 613 2270 alieno
629 2206 670 2270 ita
685 2213 848 2288 gravatum
868 2214 901 2270 ut
917 2205 1065 2270 timeatur
1081 2221 1120 2270 ne
1134 2205 1333 2271 Universitas

248 2303 419 2386 aliquando
444 2312 578 2387 cogatur
603 2305 719 2370 cedere
749 2303 831 2370 loro.
861 2303 1011 2384 Singulae
1042 2303 1209 2370 facultates
1237 2305 1332 2371 etiarn
1383 2304 1384 2307 ’

248 2403 440 2484 particulare
459 2419 552 2468 suunt
576 2403 693 2468 liabent
716 2402 868 2477 erarium,
886 2407 942 2467 seo
966 2401 1114 2469 similiter
1135 2411 1329 2470 attenuatum

251 2509 473 2584 etgravatnrn.

291 2601 398 2667 Eraria
415 2602 564 2668 dicuntur
579 2601 739 2668 exhauriri
757 2617 813 2682 per
829 2601 1013 2684 trequentes
1030 2601 1162 2667 nimiunn
1178 2603 1252 2668 lites
1269 2611 1334 2668 turn

252 2709 364 2767 contra
379 2701 530 2776 inuicem,
549 2709 614 2766 turn
630 2709 741 2766 contra
757 2701 937 2775 civitatem
959 2703 1041 2765 inter
1063 2719 1143 2782 onas
1167 2703 1338 2768 nonnullae

254 2809 329 2866 sunt
351 2801 456 2883 exigui
479 2799 571 2865 valde
594 2799 746 2881 ponderis
769 2808 799 2864 et
823 2799 964 2864 inutiles.
984 2800 1019 2864 Et
1041 2801 1115 2865 dum
1137 2801 1270 2867 facultas
1285 2811 1340 2867 ant

257 2899 452 2965 Universitas
464 2899 516 2965 nni
534 2907 587 2963 aot
602 2899 692 2964 alteri
712 2899 791 2980 parti
808 2899 880 2980 plus
896 2915 998 2979 aequo
1015 2899 1108 2976 lavet,
1122 2917 1161 2965 ex
1175 2901 1336 2966 communi

256 2999 361 3062 erario
376 2997 417 3062 de
432 2997 623 3078 sumptubus
639 2997 799 3071 subvenit,
817 3005 848 3062 et
863 3014 899 3062 se
914 2997 1069 3062 exhaurit.

296 3097 387 3171 ltcnr,
400 3095 666 3176 spretotrilnunali
682 3095 916 3170 Universitatis,
931 3096 1025 3161 nimis
1042 3099 1225 3179 frequenter
1240 3099 1339 3166 tribu-

256 3196 337 3261 nalia
364 3203 494 3260 externa
521 3195 776 3275 interpellantur,
793 3203 824 3259 et
847 3211 886 3258 eo
909 3195 1131 3274 deputationes
1154 3195 1339 3278 trequentes

255 3295 293 3360 ad
322 3311 404 3360 onus
430 3292 654 3357 Universitatis
680 3302 734 3356 aut
760 3293 917 3358 iacultatis
947 3293 1177 3358 decernuntur.
1201 3293 1238 3359 Et
1267 3297 1340 3379 qnia

213 3445 216 3452 i
256 3393 397 3476 deputati
427 3392 459 3456 in
490 3393 637 3473 singulos
663 3392 733 3457 (lies
759 3391 878 3457 habent
903 3409 960 3457 sex
987 3392 1128 3459 llorenos
1157 3395 1236 3458 ultra
1264 3413 1341 3462 suas

255 3501 416 3568 vecturas,
435 3493 622 3574 plerunque
637 3491 861 3573 denotationes
878 3491 1072 3558 ambiuntur.
1111 3515 1115 3520 ·

299 3675 360 3738 ltro
398 3672 540 3739 remedio
580 3671 798 3738 necessarium
835 3674 950 3738 estimo
989 3681 1022 3738 ut
1058 3673 1147 3749 lites,
1185 3683 1338 3756 quantum

257 3773 413 3853 possibile
435 3780 497 3848 est,
514 3769 753 3852 extinguantur;
772 3780 804 3836 et
823 3778 991 3852 antequam
1016 3771 1219 3854 incipiantur,
1238 3775 1341 3840 media

258 3871 443 3946 concordia,
468 3869 754 3934 intervenientibus
781 3869 919 3936 Rectore
944 3879 975 3936 et
1001 3871 1142 3952 quinque
1169 3871 1342 3953 deputatis,

257 3977 489 4050 proponantur.
508 3968 538 4033 Si
554 3968 714 4049 acceptari
733 3977 905 4050 trequeant‚
923 3987 1031 4036 coram
1046 3969 1196 4036 tribunali
1212 3971 1342 4038 Univer-

257 4067 360 4134 sitatis
376 4083 473 4132 causa
490 4067 691 4142 instituatur;
709 4078 741 4132 et
753 4068 981 4149 iniungendum
995 4069 1140 4135 Concilio
1154 4071 1343 4138 Brabantiae

258 4173 323 4231 uta
339 4167 448 4232 litibus
463 4165 688 4232 Universitatis
703 4178 734 4232 et
750 4168 992 4248 suppositorum
1015 4169 1102 4234 illius
1125 4178 1156 4237 et
1179 4171 1338 4236 lundatio-

341 4298 364 4344 ι.
1222 4283 1262 4350 43
