3222 4944
748 389 926 456 -eed-

290 574 491 640 consulatum
534 579 747 654 presentatos,
778 573 984 640 decernimus
1014 591 1076 640 uon
1106 590 1181 640 esse
1210 573 1373 640 astrictos.

291 673 461 738 Laudabile
484 681 588 738 tamen
612 672 684 750 erit,
706 672 733 737 si
758 673 817 753 ipsi
842 674 993 738 doctores
1016 683 1070 738 ant
1093 673 1236 754 magistri
1259 683 1375 754 sponte

290 790 348 838 sua
363 782 468 838 actum
492 773 663 838 notabilem
688 772 814 854 publice
837 772 1042 851 repeticionis
1064 781 1119 837 aut
1140 771 1375 854 disputacionis

290 871 436 937 fecerint.
459 869 491 933 Si
517 877 621 936 autem
649 887 748 950 super
778 869 1008 936 insufficiencia
1035 870 1084 936 vel
1111 887 1175 936 uon
1201 869 1376 935 idoneitate

291 970 400 1034 talium
431 968 676 1044 conductorum,
706 969 754 1033 vel
786 969 867 1034 forte
897 969 1037 1034 indebita
1068 967 1283 1034 destitucione
1308 969 1374 1050 jam

290 1068 475 1150 legentium,
493 1067 692 1134 Universitas
715 1067 763 1134 vel
786 1068 883 1132 altera
908 1068 1041 1134 facultas
1064 1067 1216 1150 quidquid
1233 1068 1375 1150 allegare
1429 1124 1435 1130 .

289 1167 438 1244 voluerit,
465 1167 527 1231 lroc
554 1165 591 1230 ad
621 1183 680 1230 nos
708 1177 738 1232 et
764 1168 936 1232 eonsilium
967 1175 1111 1232 nostrum
1141 1167 1226 1230 illico
1256 1167 1374 1232 deferri

291 1267 452 1342 volumus,
480 1284 496 1330 a
525 1266 618 1330 nobis
644 1266 694 1330 vel
721 1266 858 1330 consilio
889 1275 1000 1331 nostro
1028 1266 1059 1328 in
1092 1278 1250 1347 promptu,
1279 1273 1375 1346 prout

291 1365 406 1430 bonori
430 1373 461 1430 et
483 1363 628 1448 decentio
653 1364 794 1444 predicte
814 1364 1038 1429 Universitalis
1053 1364 1249 1429 conveniens
1266 1364 1373 1440 fuerit,

287 1463 359 1547 jure
376 1473 485 1530 nostre
501 1463 737 1545 superioritatis
755 1463 1002 1530 terminandum.
1114 1483 1116 1488 ¹

250 1635 257 1696 s
332 1661 421 1735 ltem,
446 1661 519 1742 qnia
544 1661 575 1724 in
599 1660 746 1726 facultate
770 1661 930 1742 theologie
952 1669 1141 1726 consuetum
1164 1667 1214 1725 est
1237 1661 1375 1726 indictas

290 1760 451 1825 nocentiae
468 1777 485 1823 a
502 1761 583 1825 festo
599 1769 783 1826 sanctorum
802 1761 883 1825 Petri
900 1769 932 1824 ct
948 1760 1034 1824 Pauli
1053 1775 1154 1841 usque
1175 1760 1213 1823 ad
1232 1761 1373 1840 primam

192 1943 194 1948 ι
289 1859 443 1934 octobris,
462 1860 493 1930 ip
516 1859 632 1940 quibus
655 1869 766 1940 quarta
790 1875 864 1940 pars
886 1860 960 1923 anni
984 1858 1178 1924 lectionibus
1200 1859 1374 1924 ordinariis

289 1966 446 2034 renutet
474 1957 723 2044 exercitiaque
753 1975 810 2037 per
839 1957 1079 2038 disputacioneu
1108 1959 1198 2031 liunt,
1222 1967 1373 2038 respectu

289 2057 450 2124 facultatis
479 2065 510 2122 et
539 2057 711 2138 legentium
738 2057 917 2121 noluntaria
945 2067 1020 2121 sunl
1046 2065 1078 2121 et
1103 2072 1166 2121 non
1194 2057 1376 2134 ordinaria,

264 2161 265 2164 ’
289 2157 391 2224 seiam
414 2167 550 2238 quatuor
572 2157 723 2222 doctores
746 2156 891 2236 legentes
917 2156 1085 2220 lectionem
1113 2156 1307 2222 ordinariam
1334 2157 1376 2220 de

291 2272 384 2320 mane
421 2255 526 2320 solent
558 2255 713 2320 lectiones
742 2271 819 2319 suas
848 2255 991 2318 dividere
1021 2271 1077 2333 per
1107 2254 1313 2335 septimanas,
1343 2267 1376 2320 et

288 2353 444 2420 lectiones
460 2355 649 2419 continuare
671 2371 727 2434 per
750 2354 860 2418 lrorarn
883 2355 1064 2430 dumtaxat;
1089 2352 1173 2418 unde
1196 2355 1376 2418 succedunt

288 2453 546 2518 intermissiones
563 2453 735 2518 lectionum
752 2461 783 2518 et
800 2453 1015 2525 materiarum,
1026 2459 1056 2516 et
1068 2467 1185 2533 parvus
1199 2468 1376 2531 processus

288 2552 363 2616 inde
399 2552 555 2632 sequitur,
589 2569 647 2616 nos
683 2551 950 2617 consuetudinem
982 2549 1164 2631 hujusmodi
1196 2550 1227 2612 in
1256 2551 1374 2616 melius

177 2729 183 2738 ἱ
288 2649 511 2723 reformantes,
542 2649 712 2714 statuimus
742 2649 827 2731 quod
859 2649 1002 2713 vacarrtie
1036 2649 1178 2728 predicte
1214 2647 1373 2714 facultatis

288 2747 450 2828 theologie
477 2748 629 2829 incipiant
655 2766 671 2812 a
700 2749 799 2828 prima
827 2749 879 2814 dle
902 2747 1022 2812 mensis
1045 2747 1182 2828 angusti,
1203 2757 1234 2812 et
1256 2747 1374 2812 durent

289 2845 443 2928 usquead
462 2846 594 2927 primam
617 2846 772 2921 octobris,
794 2865 855 2928 qua
879 2847 1023 2910 vaeanlie
1044 2845 1213 2927 generales
1236 2845 1369 2912 Univer-

287 2945 391 3010 sitatis
417 2943 614 3026 expirabunt.
641 2944 763 3019 Quibus
790 2944 946 3022 vacantiis
972 2943 1173 3020 durantibus,
1200 2944 1370 3024 presertim

288 3059 389 3124 usqne
425 3045 463 3108 ad
502 3044 640 3110 medium
676 3044 880 3124 septembris,
912 3043 1049 3124 singulis
1077 3043 1264 3123 septimanis
1294 3041 1372 3106 liant

286 3141 693 3222 disputacionespubllce,
716 3143 800 3207 sicut
826 3151 894 3207 erat
921 3145 1075 3207 lraetenus
1097 3142 1314 3206 observatum.
1334 3141 1373 3206 Et

288 3249 322 3306 ut
350 3239 506 3305 lectiones
536 3240 708 3321 cuiuslibet
738 3241 882 3306 doctoris
913 3241 983 3306 sine
1013 3240 1253 3305 intermissione
1283 3239 1373 3318 fiant,

286 3347 424 3420 quatuor
459 3340 610 3404 doctores
648 3341 791 3421 legentes
827 3340 988 3406 ordinarie
1024 3341 1064 3404 de
1102 3355 1193 3404 manc
1230 3338 1376 3404 divident

286 3448 413 3519 tempus
430 3437 556 3520 legibile
571 3437 602 3500 in
623 3448 760 3520 quatuor
784 3448 903 3520 partes,
921 3455 1054 3520 quarum
1080 3439 1215 3518 partium
1238 3437 1375 3518 quilibet

286 3538 454 3602 doctorum
491 3537 665 3617 legentium
704 3553 797 3602 unam
834 3546 976 3601 assumet
1015 3537 1191 3602 seeundum
1224 3536 1373 3602 ordinem

287 3651 401 3710 suum;
435 3635 466 3696 in
497 3653 557 3715 qua
587 3635 658 3700 sine
688 3635 929 3701 intermissione
960 3643 1171 3716 prosequetur
1201 3633 1373 3714 lectionem

286 3750 388 3804 suam,
419 3749 513 3814 quam
551 3734 658 3814 legere
696 3735 873 3800 secundum
912 3744 1028 3800 statuta
1061 3745 1092 3799 et
1121 3732 1375 3799 eonsuetudines

286 3831 444 3896 facultatis
470 3832 661 3908 instituerit;
690 3842 721 3898 et
747 3834 794 3898 sie
821 3834 975 3914 deinceps
1004 3833 1102 3898 celeri
1132 3833 1283 3898 doctores
1312 3848 1373 3897 seu

287 3929 429 4009 magistri
454 3929 485 3992 in
509 3930 622 3994 ordine
645 3948 705 3996 suo
733 3933 847 3996 facient
874 3941 905 3996 et
932 3932 1159 3998 observabunt.
1180 3931 1217 3996 lu
1242 3930 1376 4010 incipiet

285 4025 399 4092 doctor
425 4045 518 4092 snum
546 4027 607 4093 iter
632 4030 669 4093 ad
698 4031 804 4096 scolas
831 4032 938 4096 statim
966 4042 1038 4112 post
1064 4032 1231 4112 septimam
1260 4030 1373 4096 lroram
1493 4069 1495 4074 ,

287 4141 360 4190 eum
383 4125 486 4192 modia
510 4127 541 4190 in
565 4130 688 4210 lryeme,
706 4140 737 4194 et
761 4140 833 4212 post
851 4139 972 4208 sentam
996 4147 1069 4198 eum
1087 4129 1189 4194 media
1206 4129 1237 4192 in
1253 4137 1370 4204 estate.
