3100 4942
615 467 833 546 flia-

180 647 418 730 prebendas-in
431 646 548 730 quibus
560 646 771 714 instituentur
782 649 816 712 in
827 649 912 714 dicta
927 645 1067 714 ecclesia
1083 643 1187 710 sancti
1200 644 1281 712 Petri

182 746 218 810 iu
235 747 416 812 canonicos
431 755 464 811 et
483 746 514 810 in
535 746 652 813 iratres
672 746 783 828 recipi,
801 746 896 812 stallo
915 745 964 812 eis
986 746 1016 810 iu
1036 745 1138 810 oboro
1157 756 1189 809 et
1208 743 1282 809 loco

182 843 216 908 in
242 845 387 926 capitulo
411 844 515 926 ipsius
536 845 676 912 ecclesie
702 862 776 933 eum
804 845 1003 927 plenitudine
1025 843 1108 926 iuris
1134 841 1281 908 canonici

182 943 376 1026 assignatis.
392 953 425 1010 et
445 945 484 1009 ad
508 943 687 1026 plebaniam
710 943 894 1010 huiusmodi
912 953 945 1009 ut
961 951 1012 1010 est
1027 941 1128 1008 moris
1140 940 1279 1017 admitti,

181 1043 321 1124 illisque
335 1044 376 1110 de
391 1043 537 1124 plebnnie
551 1061 591 1110 ac
613 1045 708 1110 trium
726 1059 765 1111 ex
780 1045 894 1110 decem
908 1052 941 1110 et
951 1052 1025 1109 octo
1037 1039 1281 1108 canonicatibus

184 1151 216 1208 et
243 1143 431 1223 prebendis,
456 1159 580 1208 necnon
604 1151 787 1210 creatorum
812 1143 1057 1210 canonicatuum
1084 1149 1116 1206 et
1142 1139 1279 1220 preben-

182 1241 316 1316 darum,
335 1251 430 1323 prout
450 1242 625 1324 quemlibet
645 1231 759 1308 eorum
780 1242 958 1324 continget,
976 1239 1133 1305 fructibus
1150 1236 1281 1308 redditi·

183 1339 250 1406 bus
265 1340 479 1422 prodentibus
498 1340 626 1422 juribus
648 1352 681 1406 et
702 1341 955 1408 abusationibus
971 1337 1132 1404 uniuersis
1156 1336 1282 1416 integre

186 1437 384 1520 responderi
408 1439 514 1504 tacere
541 1439 642 1505 libere
663 1449 696 1505 et
721 1439 809 1506 licite
832 1439 959 1522 possint
984 1447 1016 1503 et
1042 1436 1181 1502 debeant
1206 1433 1280 1498 abs-

184 1554 252 1620 que
271 1537 360 1604 omni
383 1537 632 1618 impedimento;
649 1539 800 1622 quodque
822 1539 870 1604 sic
894 1536 1067 1620 presentati
1091 1544 1122 1602 ct
1141 1532 1279 1598 instituti

184 1653 248 1718 pro
266 1646 412 1716 tempore
427 1635 584 1716 plebanus
600 1646 633 1703 et
651 1639 799 1704 canonici
823 1637 1010 1719 prebendati
1034 1635 1120 1702 dicte
1142 1632 1281 1702 ecclesie

184 1735 295 1800 sancti
312 1735 396 1801 Petri
413 1735 518 1801 solum
535 1745 567 1802 et
582 1737 746 1802 dumtaxat
760 1747 954 1804 censeantur
969 1745 1001 1802 et
1015 1738 1154 1801 existant
1169 1747 1293 1814 quam»

185 1833 243 1900 diu
269 1835 302 1898 in
321 1835 444 1916 pretato
462 1835 576 1902 Studio
598 1837 669 1902 sine
691 1837 932 1903 intermissione
954 1835 1091 1918 legerint
1117 1832 1166 1900 vel
1189 1847 1280 1896 rexe-

186 1932 267 2008 rint,
285 1947 323 1997 ac
345 1933 429 2013 quod
446 1949 558 1999 eorum
575 1935 714 2017 singulis
730 1935 960 2018 impedimento
976 1951 1040 2000 non
1057 1941 1185 2000 extante
1202 1928 1280 2011 legi·

188 2033 272 2098 timo
295 2031 326 2095 in
349 2031 422 2112 ipso
445 2033 553 2098 studio
575 2034 684 2116 legera
707 2050 819 2118 repere
840 2034 1057 2108 cessantibus,
1081 2028 1281 2097 cessantium

187 2130 302 2212 legere
333 2131 383 2196 uel
414 2147 528 2213 regere
557 2133 743 2199 eorumdem
774 2133 835 2198 nisi
867 2133 1100 2198 iniracertum
1134 2143 1283 2211 percmp-

188 2229 309 2294 torium
326 2239 561 2311 competentem
579 2249 636 2312 per
650 2233 804 2299 Abbatem
828 2232 1025 2314 prepositum
1049 2230 1099 2295 uel
1122 2229 1280 2294 decanum

189 2327 358 2410 predictos
385 2329 434 2394 eis
463 2329 502 2393 ad
533 2331 595 2395 boc
623 2331 855 2413 assignandum
888 2332 1060 2397 terminum
1090 2329 1199 2409 legere
1228 2323 1279 2388 uei

187 2443 307 2510 regere
334 2445 407 2493 curn
434 2427 550 2494 ellectu
576 2430 791 2513 reinceperint
816 2441 846 2497 et
876 2431 946 2496 sine
972 2429 1083 2494 iraude
1111 2424 1280 2492 continna-

189 2527 311 2602 uerint,
329 2526 475 2606 plebauia
491 2544 529 2592 ac
543 2529 753 2594 canonicatus
769 2539 801 2595 rt
817 2529 979 2612 prebende
991 2545 1048 2610 per
1062 2524 1278 2592 cessationem

188 2624 377 2690 huiusmodi
400 2641 440 2690 eo
462 2627 533 2706 ipso
548 2643 663 2694 vacare
684 2639 855 2694 censeatur
876 2630 947 2695 siue
969 2635 1175 2694 censeantur.
1192 2623 1278 2688 acin

189 2737 304 2790 eorum
321 2723 414 2790 iocis
443 2725 599 2806 quociens
629 2727 659 2790 id
690 2728 823 2794 euenire
848 2728 1020 2810 contigerit
1046 2725 1099 2807 aiij
1128 2724 1279 2790 modoet

190 2823 295 2888 torma
318 2823 478 2888 similibus
501 2823 588 2890 illico
604 2825 843 2893 substituentur
865 2837 897 2893 et
913 2835 1125 2909 surroqentur
1141 2819 1281 2888 auctori·-

190 2929 258 2986 tale
279 2921 457 3002 apostolica
480 2923 665 3004 supradicta
688 2925 859 2991 statuimus
875 2925 1081 2992 decernimus
1105 2931 1137 2988 et
1148 2920 1280 2987 ordina-

190 3036 265 3085 mus
299 3029 392 3100 prout
424 3021 562 3096 unimus,
590 3024 805 3102 annectimus,
831 3025 1089 3105 incorporamus,
1117 3035 1278 3092 creamus,

189 3116 402 3192 instituimus,
419 3119 623 3200 deputamus,
647 3123 864 3205 assignamus,
881 3124 1051 3196 adicimus,
1069 3120 1278 3202 imponimus,

189 3217 374 3294 statuimus,
402 3217 590 3286 ordinamus
618 3231 651 3288 et
680 3222 885 3290 decernimus
916 3241 973 3305 per
1002 3230 1183 3304 presentes.
1211 3217 1279 3294 Qua

188 3333 281 3380 crusna
310 3325 344 3381 et
372 3316 512 3398 singula,
543 3335 668 3385 necnon
699 3321 838 3401 prelatas
868 3323 991 3388 litteras
1019 3318 1219 3402 apostolicas
1247 3323 1279 3381 et

191 3415 278 3481 bunc
294 3423 440 3481 nostrum
459 3433 660 3496 processum,
677 3435 716 3486 ac
737 3421 831 3486 ineis
848 3430 997 3487 contenta
1019 3419 1112 3486 vobis
1127 3416 1279 3484 omnibus

190 3519 224 3578 et
254 3513 394 3595 singuiis
420 3516 625 3595 supradictis,
652 3518 770 3600 quibus
799 3537 935 3602 presens
965 3528 1077 3586 noster
1104 3531 1280 3599 processus

192 3611 356 3694 dirigitur,
378 3623 412 3678 et
436 3624 578 3680 vestrum
601 3617 734 3684 cuilibet
759 3620 791 3684 in
814 3619 954 3687 solidum
981 3619 1178 3693 intimamus,
1201 3613 1281 3680 insi-

185 3725 332 3776 nuamus
354 3720 386 3776 et
401 3711 617 3790 notificamus,
634 3719 726 3782 acad
749 3727 888 3784 vestram
905 3727 936 3784 et
950 3716 1122 3783 cuiuslibet
1137 3721 1280 3781 uestram

192 3809 344 3874 noticiam
360 3809 551 3878 deducimus
566 3823 598 3878 et
612 3813 728 3880 deduci
743 3817 893 3883 volumus
914 3833 971 3899 per
986 3823 1166 3900 presentes,
1185 3829 1225 3878 ne
1240 3812 1281 3877 de

191 3908 360 3989 premissis
395 3909 614 3990 ignoranciam
645 3913 784 3996 aliquam
822 3917 1014 3996 pretendere
1043 3913 1188 3996 possitis.
1221 3927 1279 3977 seu

190 4005 287 4073 etiam
308 4007 522 4088 imposterum
544 4013 787 4092 quomodolibet
807 4015 960 4098 allegare,
976 4014 1069 4080 robis
1090 4021 1124 4080 et
1138 4021 1280 4078 vestrum

190 4105 337 4180 cuilibet,
366 4121 404 4171 ac
429 4109 624 4189 generaliter
648 4112 799 4178 omnibus
824 4113 896 4196 aliis
922 4123 953 4180 et
978 4111 1115 4194 singuiis
1144 4124 1281 4192 quorum

193 4202 330 4270 intereat
367 4205 416 4270 uei
448 4206 607 4275 interesse
640 4210 760 4292 poterit
787 4211 1029 4295 quomodolibet
1064 4211 1096 4274 in
1127 4210 1281 4281 laturum,
