3246 4944
725 456 910 532 -dld-

270 659 301 718 et
327 640 478 715 tardioris
504 649 673 714 solutionis
695 649 880 726 extiterunt,
905 656 996 731 rogat
1024 649 1108 714 dicta
1140 647 1352 722 Vniuersitas‚

269 760 302 815 vl
324 749 526 815 Serenissimi
550 747 713 828 Principes
732 749 930 814 constituere
946 758 978 813 et
993 748 1151 829 imperare
1169 747 1352 830 dignentur,

269 857 302 914 vt
331 864 425 930 qoam
455 847 692 929 promptissima
723 847 764 911 sit
791 847 822 910 in
854 855 1018 929 posterum
1050 864 1162 912 eorum
1194 847 1353 912 redituum

269 947 399 1012 solutio.
869 971 871 978 ¹
936 943 938 946 ’

312 1045 463 1121 «Quarto
486 1045 558 1127 unia
583 1046 621 1110 ad
645 1045 810 1110 excitanda
835 1053 865 1109 et
891 1045 1027 1110 fouenda
1056 1046 1210 1110 bonarum
1238 1043 1352 1108 artium

268 1145 384 1219 studia,
404 1145 537 1226 plurimo
553 1145 667 1208 summi
694 1143 865 1210 Pontifices
886 1151 917 1210 et
942 1144 1106 1225 Principes
1132 1144 1297 1225 priuilegia
1321 1145 1352 1206 ln

268 1243 350 1307 banc
375 1243 620 1308 Vniuersitatem
646 1243 864 1316 contulerunt,
888 1261 944 1324 per
971 1261 1051 1324 oriae
1077 1244 1234 1308 lractenos
1260 1259 1295 1306 ea
1323 1253 1355 1306 et

267 1343 354 1407 stetit
370 1350 401 1408 ct
416 1342 536 1417 floruit,
553 1342 657 1407 donec
674 1342 927 1408 imminutionem
946 1359 1038 1422 passa
1055 1350 1105 1407 est
1128 1342 1168 1406 ab
1191 1341 1354 1406 intestinis

268 1441 387 1522 patriae
425 1441 527 1517 bellis,
560 1441 718 1522 supplicat
754 1441 864 1506 eadem
897 1440 1098 1506 llnioersitas
1130 1439 1354 1506 serenissimis

268 1539 482 1622 Principibus,
500 1551 531 1603 vt
547 1538 657 1604 eadem
681 1555 809 1619 semper
832 1540 982 1604 inuiolata
1009 1547 1039 1604 et
1062 1539 1255 1606 inconcussa
1280 1555 1354 1604 esse

267 1639 377 1714 velint,
394 1639 570 1719 eademque
586 1655 624 1702 ex
639 1637 810 1703 occasione
826 1639 998 1719 adaugere.

311 1759 323 1795 i
343 1737 381 1801 Et
402 1737 475 1818 quin
499 1736 682 1800 immunitas
702 1753 719 1800 a
744 1737 881 1816 publicis
899 1738 1127 1804 tributionibus
1143 1738 1247 1819 aliqua
1265 1745 1355 1818 parte

267 1835 389 1900 sarcire
413 1844 517 1916 potest
539 1836 724 1900 tenuitatem
749 1837 995 1916 stipendiorum,
1017 1837 1174 1918 supplicat
1203 1845 1234 1901 vt
1260 1836 1353 1901 Sere·

267 1935 391 2000 nissimi
417 1934 581 2015 Principes
604 1935 779 2015 dignentur
801 1935 1009 2000 immunitatis
1031 1936 1234 2002 omnimodae
1252 1935 1351 2018 priui-

266 2033 383 2116 legium
407 2043 459 2098 aot
482 2033 674 2099 confirmare
698 2041 751 2098 eut
774 2033 814 2099 de
839 2051 922 2100 nouo
939 2037 1128 2111 concedere,
1147 2035 1352 2100 decernendo

267 2134 361 2198 etiam
392 2151 432 2198 oe
461 2136 604 2196 statuum
634 2133 706 2198 solo
744 2150 903 2198 consensu
935 2133 1133 2198 Vniuersitas
1169 2133 1354 2213 implicetur

267 2231 507 2308 tributionibus,
525 2249 607 2312 quae
633 2232 673 2297 de
699 2250 783 2298 nouo
808 2233 1017 2312 imperantur,
1035 2233 1146 2297 saltem
1171 2249 1234 2298 noo
1259 2249 1350 2314 prae·

266 2331 359 2412 clpua
386 2329 611 2396 Vniuersitatis
637 2337 724 2411 pare,
742 2347 823 2412 quae
849 2340 920 2395 actu
949 2331 1140 2412 legentibus,
1163 2331 1353 2412 regentibus

266 2437 320 2493 aut
335 2429 550 2502 studentibus,
568 2429 778 2511 collegijsque
794 2439 825 2494 et
843 2429 1035 2510 necessarijs
1060 2429 1170 2510 paneis
1195 2428 1351 2494 ministris

265 2537 402 2592 constat.
420 2527 508 2602 Quali
525 2527 724 2592 immunitate
739 2528 880 2609 gaudere
895 2535 1022 2592 constat
1037 2527 1259 2610 quaecumque
1275 2535 1352 2592 sont

265 2625 444 2690 studiorum
462 2642 518 2705 per
533 2625 642 2690 urbem
661 2626 904 2690 Vniuersitates.

311 2723 525 2804 ultemouia
556 2724 773 2803 proximorum
802 2740 957 2789 acriorum
984 2741 1062 2788 vsos
1089 2724 1208 2798 docuit,
1232 2733 1349 2806 quanta

269 2838 392 2886 morum
409 2823 558 2904 contagio
574 2838 591 2885 a
609 2823 762 2886 militibus
778 2823 809 2884 in
836 2823 999 2899 studiosos
1021 2824 1174 2898 dimanet,
1192 2839 1351 2905 quamque

272 2919 354 2984 male
379 2919 478 2986 blnsis
503 2921 671 2986 conveniat
697 2937 769 2986 eom
796 2920 904 2997 Morte,
928 2922 1152 3004 supplicatu
1177 2921 1352 2988 serenissi-

272 3035 396 3084 morum
420 3019 601 3101 Principum
625 3021 821 3102 benignitate
845 3020 875 3083 in
900 3033 1096 3102 posteruma
1120 3021 1245 3086 militari
1263 3021 1351 3085 omni

269 3119 432 3200 praesidio
447 3129 478 3185 et
495 3119 665 3184 metatione
681 3119 757 3183 vrbs
777 3119 986 3186 bononiensis
1010 3119 1163 3186 habeatnr
1186 3119 1350 3184 immunis.

311 3351 354 3414 Le
383 3351 534 3415 memoire
562 3351 600 3414 de
629 3322 748 3415 Ge'rard
774 3351 935 3415 Corselius
961 3351 1009 3416 fut
1034 3353 1261 3435 communique
1287 3371 1349 3413 aux

267 3449 398 3532 deputes
413 3450 451 3512 de
466 3449 669 3514 l'Universitd
684 3451 712 3513 le
732 3472 761 3512 rr
781 3451 957 3532 septembre
977 3451 1054 3534 1607
1073 3473 1079 3515 :

310 3615 400 3679 uilio
431 3613 550 3688 inertie,
577 3613 743 3678 undecima
774 3614 893 3679 meusis
924 3613 1116 3694 septembris
1147 3614 1230 3692 [anni
1259 3613 1350 3691 ldd'l]

267 3713 384 3776 indicta
408 3713 465 3776 luit
483 3712 644 3792 deputatio
662 3713 922 3777 Universitatis...
941 3713 1087 3778 Secundo
1105 3713 1211 3794 posuit
1227 3713 1348 3794 magni-

266 3811 1347 3893 licosdominusRectorindeliberotionemscriplnmexliibeodnm

264 3910 405 3973 dominis
420 3910 652 3974 commissoriis
668 3909 886 3973 visitatoribus
905 3909 1139 3982 Universitatis,
1156 3921 1347 3992 conceptum

266 4024 322 4088 per
347 4007 512 4071 dominum
537 4009 701 4072 doctorem
729 4008 905 4072 Gerardum
932 4007 1108 4073 Corselium
1136 4009 1344 4084 dictatorerm

265 4106 363 4187 qood,
394 4106 466 4186 quio
503 4107 622 4170 domini
660 4105 829 4186 pauciores
864 4117 954 4170 erant
989 4123 1134 4183 numero,
1167 4107 1348 4186 petiverunt

264 4203 404 4284 desuper
419 4205 526 4268 vocari
542 4203 691 4268 dominos
706 4203 737 4266 io
755 4202 864 4282 majori
881 4219 1028 4269 nurnero.
1045 4204 1152 4268 Tertio
1173 4205 1349 4269 declaravit
