3246 4944
678 427 902 534 ‚mn-p

713 673 837 737 XXXV.

269 804 422 885 Septimo,
460 804 577 870 bedelli
613 805 754 887 quinque
791 805 975 871 facultatum
1017 804 1077 870 sub
1112 805 1323 872 restrictione

230 904 364 969 articulo
381 904 584 986 praecedenti
603 903 721 985 posita.

706 1052 842 1118 xxxvl.

272 1187 403 1262 Octavo,
428 1188 555 1263 notarii,
582 1195 825 1271 procuratores,
847 1187 1006 1269 janitores
1033 1188 1101 1254 siue
1127 1198 1317 1256 executores

231 1285 434 1352 tribunalium
451 1287 599 1353 Baeturia
612 1296 644 1352 et
655 1285 903 1354 conservatoris
918 1286 1024 1352 dictae
1042 1296 1173 1352 nostrae
1188 1287 1318 1352 Univer-

232 1383 336 1448 sitatis
352 1385 458 1450 debite
473 1385 510 1450 ad
528 1386 590 1452 lroc
605 1385 738 1450 admissi
755 1396 785 1451 et
804 1385 985 1468 approbati,
1006 1393 1039 1450 et
1060 1386 1145 1450 nulla
1163 1387 1321 1452 secularia

231 1484 436 1560 commercia,
455 1493 549 1565 prout
565 1501 676 1566 supra,
694 1493 894 1550 exercentes.

701 1633 855 1697 xxxvtl.
916 1632 918 1638 ’
1006 1691 1010 1702 .

274 1768 377 1840 Nono.
405 1767 443 1831 ad
471 1783 727 1850 unamquamque
755 1765 951 1848 prouinciam
984 1765 1115 1832 notitias
1147 1784 1228 1833 unus
1258 1766 1320 1832 sub

234 1867 418 1932 conditione
434 1883 531 1948 supra
550 1866 666 1949 posita.

693 2013 865 2080 xxxtlttl.

278 2163 416 2238 llecimo,
435 2181 492 2244 pro
520 2180 713 2244 unoquoque
740 2163 878 2245 collegio
903 2171 1051 2244 receptor
1074 2164 1239 2246 unus,‚qui
1265 2145 1323 2245 per

234 2281 270 2326 se
285 2271 315 2328 et
333 2281 395 2326 riou
413 2281 469 2345 per
487 2265 568 2328 alios
591 2262 675 2327 istud
698 2262 838 2328 cilicium
862 2271 1051 2345 exequatur,
1069 2271 1103 2328 et
1125 2263 1184 2330 sub
1208 2263 1320 2328 condi·

234 2361 375 2426 tionibus
391 2379 488 2444 supra
506 2361 648 2462 scriptis.

704 2509 847 2574 xxxix.
863 2505 867 2562 ἶ

278 2657 309 2720 Si
326 2657 398 2739 quis
412 2665 517 2722 autem
533 2657 605 2722 aliis
621 2658 688 2722 suis
705 2657 907 2722 sacularibus
923 2656 1040 2722 officiis
1055 2656 1104 2722 uel
1122 2659 1324 2739 receptoriis,

238 2757 323 2821 unda
361 2755 566 2838 praecipuum
597 2774 689 2821 suum
720 2764 888 2838 quaestum
921 2755 1006 2830 lacit,
1034 2756 1171 2838 alicujus
1199 2758 1326 2840 collegii

240 2857 457 2937 receptionem
486 2857 650 2938 adjungat,
682 2856 765 2921 inter
796 2855 1020 2920 llnivcrsitatis
1058 2857 1223 2938 supposita
1261 2875 1325 2923 non

240 2955 442 3029 censebitum
468 2972 603 3037 quorum
626 2965 731 3020 tamen
756 2972 889 3020 numeru
909 2955 1200 3035 comprehendetur
1216 2958 1326 3039 cujus-

239 3071 377 3136 cumque
392 3055 497 3137 exigui
512 3055 638 3138 collegii
655 3061 802 3136 receptor
817 3054 889 3120 aliis
910 3055 1109 3120 secularibus
1133 3057 1325 3136 receptoriis

238 3154 286 3218 rel
304 3153 419 3220 officiis
435 3171 498 3221 nun
515 3153 707 3234 implicatus.

752 3302 816 3368 xl.

281 3455 469 3531 Undecimo,
500 3470 648 3520 verorum
685 3454 925 3534 suppositurum
964 3450 1100 3516 ministri
1130 3459 1161 3516 et
1189 3454 1326 3520 ancillae

240 3563 310 3618 actu
338 3552 418 3634 ipsis
445 3553 677 3626 cohabitantes,
695 3553 884 3616 l'amuluutes
911 3559 942 3614 at
968 3551 1188 3627 conviventes,
1205 3553 1323 3618 nullum

241 3661 428 3718 exercentes
445 3661 669 3718 mercaturam.

745 3797 824 3862 xit·

284 3949 348 4013 llos
371 3965 484 4013 omnes
507 3957 538 4013 et
560 3947 650 4012 solos
676 3945 877 4011 declaramus
904 3962 961 4026 pro
988 3945 1074 4010 veris
1098 3944 1325 4013 Universitatis

242 4048 418 4130 suppositis
442 4047 606 4112 lrahendos
630 4053 660 4109 et
679 4045 882 4128 judicandos,
900 4045 982 4110 alios
1005 4062 1151 4111 umnesa
1175 4049 1325 4131 suppost-

243 4155 347 4211 turum
363 4147 586 4211 Uiriuersitatis
604 4162 736 4210 numero
752 4153 948 4211 resecantes.

327 4316 348 4358 r.
1203 4294 1244 4362 td
