3260 4944
740 501 861 565 -373
884 538 923 552 -

283 683 400 753 deiude
428 685 597 751 intervallo
627 689 762 753 loermee
793 687 940 767 Wippers,
968 687 1004 749 S,
1033 686 1214 768 theologiae
1243 688 1369 762 doctor,

282 786 431 851 domiuus
443 788 578 852 loannes
590 805 649 850 eon
662 785 811 863 t’Seetieh,
823 785 905 866 juris
922 786 1089 866 utriusque
1106 787 1231 875 doctor.
1249 796 1280 853 et
1296 789 1372 852 Fre-

283 887 402 950 dera'rue
423 887 559 958 Herem,
583 884 666 966 juris
688 885 855 966 utriusque
875 885 1070 962 licentiatus,
1093 883 1250 951 ecclesiae
1272 888 1371 952 cellc-

282 985 385 1063 piutae
408 984 440 1047 S.
460 985 542 1048 Petri
565 985 742 1049 eanonicus
765 991 796 1048 et
819 991 944 1058 cantor,
969 984 1023 1064 qui
1039 985 1118 1063 ohijt
1134 1002 1219 1050 anuo
1235 1004 1293 1048 cm.
1313 1003 1371 1050 me.

283 1101 383 1148 revrrr.
401 1105 414 1142 n
440 1083 587 1147 vetemus
610 1084 761 1158 hannem,
788 1085 875 1146 Festi
890 1084 1069 1158 academici,
1087 1084 1139 1149 ed.
1157 1085 1268 1159 alteru,
1295 1077 1370 1153 hor.

286 1183 378 1260 ‘reno
397 1199 448 1264 pp.
468 1184 576 1247 err-er.

326 1398 417 1464 hono
433 1398 525 1475 toto,
544 1407 628 1463 mota
646 1397 704 1463 fuit
720 1397 942 1463 controversia
958 1399 997 1462 de
1016 1397 1146 1480 juribus
1161 1397 1278 1480 quihus
1293 1416 1371 1479 gau·

282 1499 360 1564 dere
375 1497 506 1563 deberet
528 1497 722 1562 substitutus
745 1496 867 1561 directe
882 1513 900 1560 a
916 1495 1125 1573 cancellario,
1141 1513 1216 1562 raro
1240 1489 1371 1582 hevanii

284 1606 466 1680 praesente.
491 1595 688 1661 Suhstitutus
712 1607 777 1661 tum
800 1603 868 1660 erat
886 1595 1008 1660 Gabriel
1030 1597 1067 1659 de
1086 1596 1186 1670 Mero,
1205 1597 1373 1676 professor

285 1696 445 1762 facultatis
464 1695 558 1777 juris.
585 1695 629 1762 lie
652 1695 957 1761 haccontrouersia
981 1685 1151 1777 sequeutia
1173 1695 1323 1782 leguntur
1339 1696 1373 1760 in

286 1795 638 1862 hctisflniversitatis:
1205 1793 1207 1798 '
1317 1785 1319 1792 ’

331 1977 415 2044 »Dic
439 1977 565 2044 veneris
588 1977 620 2042 3·
635 1976 755 2044 mensis
780 1975 904 2059 august]
929 1976 1052 2058 indicta
1078 1977 1135 2042 fuit
1160 1973 1370 2060 congregatio

289 2076 540 2143 »uniuersitatis
556 2076 639 2158 apud
656 2076 763 2141 locum
785 2075 992 2156 capitularem
1014 2077 1214 2158 superiorem
1235 2067 1375 2142 ecclesie

288 2199 301 2236 n
319 2175 488 2258 collegiata
503 2175 605 2258 sanetj
623 2174 706 2257 Petrj
730 2175 941 2240 Louaniensis
963 2177 1041 2240 hora
1062 2175 1197 2258 septima
1218 2175 1259 2241 de
1280 2191 1373 2243 manc

289 2299 302 2336 e
320 2294 419 2358 super
435 2275 497 2358 hijs
513 2274 671 2340 articulis.
1365 2263 1366 2268 ’

328 2374 494 2439 »Primus
525 2375 571 2438 hd
597 2373 792 2441 audiendum
819 2373 925 2457 aliqua
953 2374 1087 2456 proponj
1116 2391 1173 2456 per
1203 2361 1370 2441 dominum

289 2484 478 2540 »rectorem
504 2473 731 2538 concernentia
754 2473 911 2538 honorem
936 2481 967 2538 et
987 2474 1123 2538 salutem
1150 2473 1371 2540 uniuersitatis

289 2589 418 2654 »super
446 2572 768 2646 vicecancellariutu,
806 2573 1050 2639 conseruatoria
1080 2573 1313 2648 uniuersitatis,
1343 2581 1375 2638 et

289 2696 302 2734 n
322 2671 529 2755 presidenttjs
545 2671 725 2753 aliquarum
742 2671 929 2737 facultatum
952 2672 1056 2755 quoad
1074 2672 1233 2748 ordinem,
1251 2671 1373 2738 sessio·

289 2795 302 2832 n
321 2789 392 2837 nem
409 2779 440 2837 et
456 2771 574 2848 locum,
592 2780 623 2836 et
639 2772 677 2835 ad
694 2769 936 2836 deliberandum
952 2772 1106 2853 desuper.
1366 2759 1370 2778 ’

331 2871 515 2948 nQuaotum
539 2872 577 2935 ad
602 2871 740 2953 primum
756 2870 925 2936 articulum
943 2871 1084 2936 narrauit
1099 2869 1251 2938 dominus
1268 2880 1375 2937 rector

288 2994 301 3032 n
319 2972 456 3054 qualiter
468 2971 542 3053 jpse
557 2986 574 3034 a
591 2971 674 3038 festo
689 2971 807 3052 pasche
823 2971 903 3036 eitra
921 2971 1029 3036 multis
1045 2980 1076 3036 et
1090 2969 1231 3036 diuersis
1247 2971 1371 3036 vicibus

289 3071 509 3137 »sollicitauit
539 3087 597 3152 pro
626 3069 800 3136 eoncordia
831 3069 1048 3136 membrorum
1074 3077 1106 3134 et
1132 3069 1374 3151 suppositorum

290 3171 416 3236 nhuius
439 3169 659 3236 uniuersitatis
682 3168 832 3250 quodque
852 3169 887 3250 jn
910 3169 1019 3234 vltima
1042 3168 1113 3234 aula
1136 3169 1295 3234 doctorali
1317 3168 1375 3234 fuit

290 3285 436 3352 »magna
459 3268 638 3334 differentia
659 3276 690 3333 et
711 3269 875 3334 contentio
896 3285 995 3350 super
1014 3267 1128 3334 ordine
1144 3277 1176 3334 et
1189 3267 1375 3350 incessione

289 3392 303 3428 n
322 3368 549 3434 nonnullorum
564 3367 819 3445 dominorum,et
835 3376 950 3448 enpust
963 3368 997 3450 jn
1013 3367 1150 3448 quodam
1167 3375 1240 3432 actu
1258 3367 1373 3431 haece·

290 3466 537 3533 »lariandorum
553 3483 667 3533 omnes
688 3465 808 3530 domiui
831 3467 995 3541 docteres,
1013 3472 1044 3531 et
1064 3465 1216 3548 licentiat]
1232 3474 1264 3530 et
1286 3463 1372 3550 mult]

289 3568 464 3633 »scolares
487 3567 614 3632 stabant
635 3568 715 3631 hora
738 3566 823 3631 cirea
840 3565 1039 3631 undecimam
1056 3572 1129 3630 ante
1145 3565 1252 3630 scolas
1273 3565 1375 3647 juris·

289 3674 438 3744 starum,
460 3667 624 3731 dominum
651 3665 868 3747 presidentem
891 3657 1100 3745 expectantes
1122 3663 1176 3746 qui
1202 3681 1258 3746 per
1280 3681 1373 3752 suum

289 3787 302 3824 e
320 3764 482 3830 hedellum
499 3765 560 3845 dicj
579 3765 653 3830 feeit
669 3764 729 3847 sihj
748 3764 879 3829 domino
897 3763 1025 3845 rectori,
1040 3771 1199 3845 quatenus
1213 3763 1373 3829 inhiberet

290 3866 381 3930 »suh
406 3881 485 3946 pena
509 3863 851 3929 excommunicationis
876 3864 938 3928 late
957 3863 1128 3940 sententie,
1145 3859 1277 3928 domiuo
1292 3879 1370 3926 eon·

290 3987 302 4025 n
320 3963 478 4044 seruatorj
496 3963 737 4046 priuilegierum
755 3961 851 4028 huius
867 3961 1087 4028 uniuersitatis
1105 3979 1145 4027 oe
1157 3961 1188 4025 in
1202 3961 1288 4026 dicto
1300 3971 1373 4052 actu

289 4087 301 4124 n
320 4073 522 4144 compareret
538 4063 622 4144 uuod
648 4071 755 4128 rector
778 4078 842 4128 non
867 4061 943 4128 fecit
965 4061 1022 4128 sed
1048 4060 1275 4144 respondendo
1295 4060 1374 4125 dixit

291 4189 303 4224 n
320 4164 459 4239 hedelfo,
485 4165 569 4244 quod
594 4163 717 4228 diceret
739 4163 870 4227 domino
895 4161 1069 4243 presidenti
1097 4171 1131 4226 vt
1157 4170 1370 4240 compareret,

293 4287 305 4323 n
320 4263 393 4348 Jpse
416 4271 523 4334 rector
545 4262 678 4334 traheret
700 4261 832 4332 verbum
856 4270 887 4326 et
905 4261 1137 4335 conferentiam
1153 4277 1225 4330 cum
1242 4259 1374 4330 domino
