3240 4946
676 435 891 538 *⁸5⁷¹*

253 624 463 694 concernunt,
487 616 607 680 servari
633 624 665 680 et
692 614 876 682 intertcneri
902 613 1037 692 faciatis,
1059 614 1282 681 inobedientes
1308 624 1340 682 et

254 715 402 790 rcbelleS,
435 714 461 778 si
503 714 555 795 qui
598 709 726 790 luerint,
760 733 815 796 per
851 722 1031 796 opportuna
1065 713 1148 794 juris
1185 715 1339 790 remedia,

251 812 464 894 appellatione
492 812 682 894 postposita,
699 813 937 894 compescendo
963 813 1001 876 ad
1030 811 1205 892 praemissa
1231 813 1338 878 omnia

252 922 283 977 et
312 912 437 993 singula
469 910 649 976 l'aciendum
680 921 712 977 et
741 912 960 994 exequendum
992 911 1117 992 plenam
1147 912 1336 978 auctoritate

251 1011 428 1092 apostolica
444 1010 536 1076 vobis
553 1011 761 1077 concedimus
778 1013 958 1077 lacialtatem
976 1027 1032 1092 per
1049 1019 1245 1090 praesentes.
1266 1034 1280 1072 o

295 1113 404 1176 ltatom
432 1109 602 1187 Bruxellis,
620 1110 754 1190 septima
775 1109 856 1192 iunii
880 1109 972 1174 1607.
989 1145 1028 1156 -
1046 1108 1183 1173 DEGlUS
1205 1111 1337 1176 nrcbie·

251 1208 402 1289 piscopos
420 1208 636 1274 Damascenos
649 1208 792 1274 Nuncios
808 1209 1018 1290 apostolicus.
1032 1245 1072 1254 -
1083 1209 1188 1273 laurus
1200 1209 1337 1274 Snusucr

251 1307 458 1373 secretarius.
479 1329 492 1368 a

294 1528 307 1566 tt
329 1507 371 1568 Le
402 1528 441 1589 ²7
470 1505 537 1587 juin
564 1504 602 1568 de
628 1505 659 1568 la
687 1505 790 1568 meme
819 1505 918 1568 annes
942 1504 1062 1589 (1607),
1086 1505 1130 1568 les
1160 1506 1336 1570 Archiducs

248 1603 442 1669 adcesserent
468 1625 508 1667 au
538 1607 672 1668 Recteor
696 1617 726 1669 et
752 1604 771 1666 {a
796 1624 874 1668 ceux
899 1604 937 1667 de
962 1604 1165 1669 l'Universite
1191 1605 1221 1667 la
1247 1607 1336 1670 lettre

251 1706 405 1778 sulcante,
423 1705 479 1787 qui
494 1704 639 1788 expliqoe
655 1705 875 1789 parisitement
890 1704 918 1768 le
936 1705 991 1768 but
1006 1704 1045 1768 de
1060 1705 1089 1767 la
1106 1705 1205 1769 Visite
1223 1728 1230 1768 :

291 1904 546 1986 «superscriptio
588 1925 595 1966 ε
638 1903 882 1969 venerabilibus
927 1903 1084 1985 nobisque
1127 1904 1334 1986 singulariter

248 2003 375 2068 dilectis
392 2001 521 2068 ltectori
538 2003 719 2084 ceterisque
736 2002 1054 2084 repraesentantibus
1070 2003 1191 2067 Almam
1206 2003 1335 2071 Univer-

252 2102 377 2168 sitalem
394 2113 536 2168 nostram
553 2103 795 2169 lovaniensem.

293 2300 354 2363 Pnn
390 2299 592 2365 Ascatancas.
618 2334 657 2346 -
685 2301 892 2366 venerabiles
929 2309 960 2366 et
996 2299 1202 2381 singulariter
1239 2299 1332 2366 nobis

250 2397 368 2463 dilecti.
387 2397 465 2463 Cum
481 2416 518 2465 ea
535 2399 576 2464 sit
593 2399 624 2462 in
643 2399 691 2479 pia
707 2399 832 2464 vivendi
851 2399 975 2464 ratione
991 2399 1127 2464 bumana
1150 2397 1331 2474 infirmitas,

249 2499 456 2580 omniumque
482 2499 591 2565 inl'elix
618 2499 824 2575 conditioni
851 2498 912 2562 nisi
940 2514 1052 2580 magna
1079 2497 1245 2578 prudentia
1271 2497 1333 2562 cir·

247 2609 432 2679 conspecte
459 2598 620 2673 fulciatur,
643 2599 792 2679 paulatim
819 2597 958 2672 deliciet,
976 2607 1007 2663 et
1035 2596 1160 2664 tandem
1189 2596 1332 2661 lunditns

248 2708 366 2776 pereat,
385 2714 447 2761 non
470 2697 540 2762 sine
556 2697 679 2764 ratione
696 2697 865 2763 nobiscum
880 2696 1168 2770 consideravimus,
1187 2711 1224 2760 an
1244 2711 1282 2760 ne
1298 2695 1329 2760 id

246 2795 350 2875 ipsum
389 2813 516 2878 quoque
554 2797 585 2860 in
623 2797 837 2862 universitate
875 2796 1079 2872 lovaniensi,
1115 2796 1178 2860 lrlia
1219 2805 1329 2861 nostra

248 2894 417 2974 plurimum
441 2896 569 2972 dilecta,
588 2897 777 2977 praesertim
797 2911 870 2960 cum
894 2912 930 2960 ea
954 2903 1041 2962 tanto
1058 2895 1211 2976 temporis
1227 2894 1331 2975 spatio

246 2992 386 3057 civilium
428 2993 585 3058 bellorum
627 2994 840 3059 incommodis
880 3003 1047 3074 quassata,
1085 3009 1262 3068 concussa,
1300 2999 1332 3058 et

246 3089 371 3155 interim
389 3093 452 3156 imo
470 3109 509 3156 ne
526 3109 542 3155 a
559 3093 713 3158 memoria
734 3093 897 3158 bominum
916 3108 1065 3173 umquam
1082 3093 1207 3156 visitata
1224 3091 1330 3165 luerit,

244 3199 330 3254 etan
348 3207 437 3254 ncea
462 3207 499 3255 ex
522 3207 619 3255 causa
644 3192 796 3256 nonnulla
819 3191 955 3272 collegia
977 3191 1148 3256 obscurata
1171 3199 1203 3255 et
1226 3208 1243 3253 a
1266 3191 1330 3272 pri-

245 3304 352 3352 maeva
366 3304 423 3352 sua
441 3288 641 3354 institutione
656 3290 787 3353 multum
801 3305 912 3354 aversa
927 3299 957 3354 et
970 3289 1084 3364 divisa,
1099 3290 1331 3370 praelectiones

243 3396 274 3451 et
296 3387 401 3452 studia
425 3388 455 3451 in
480 3388 631 3453 omnibus
657 3389 860 3453 facultatibus
885 3405 997 3469 magno
1022 3389 1216 3470 reipublicae
1232 3387 1329 3453 detri-

139 3505 142 3512 ’
245 3498 352 3552 merito
390 3488 576 3553 labefactata
614 3497 644 3553 et
682 3488 824 3569 neglecta
862 3487 1000 3552 luerint?
1039 3487 1263 3564 Quamobrem,
1302 3487 1328 3551 si

244 3586 426 3667 huiusmodi
457 3587 602 3652 delectus
632 3587 752 3652 intelici
787 3587 847 3652 boc
885 3597 1027 3668 tempore
1064 3585 1263 3666 irrepserint,
1296 3599 1329 3651 ut

244 3684 433 3750 visitationis
461 3686 570 3751 fraeno
598 3686 824 3766 reprimantur,
843 3695 873 3750 et
901 3685 979 3750 baec
1006 3696 1068 3749 tam
1092 3684 1229 3749 celebris
1252 3684 1327 3749 Uni·

242 3783 391 3857 versitas,
410 3801 492 3864 quae
507 3785 589 3864 apud
614 3801 727 3850 omrres
751 3785 896 3848 nationes
919 3783 1177 3848 constantissima
1202 3799 1329 3864 semper

241 3882 321 3944 tama
359 3883 532 3957 celebrata,
566 3883 766 3964 summisque
802 3883 969 3947 doctorum
1002 3883 1140 3946 virorum
1172 3883 1328 3947 encomiis

242 3980 423 4060 praedicata
441 3981 509 4048 luit.
528 3993 638 4046 nostra
655 3985 843 4046 auctoritate
860 3981 891 4043 in
909 3981 1105 4062 primaevum
1122 3981 1326 4062 splendorem

243 4077 442 4155 restituatur,
470 4081 643 4145 reiterabili
676 4081 779 4146 abbati
812 4079 975 4156 Parcensi,
1003 4097 1113 4145 sacrae
1148 4080 1328 4161 theologiae

244 4175 418 4252 licentiato,
437 4186 467 4243 et
483 4179 642 4258 Stephano
659 4178 838 4245 Graesbelte
851 4178 934 4258 juris
960 4178 1126 4260 utriusque
1148 4179 1272 4244 doctori
1296 4187 1327 4244 et
