3246 4944
693 453 876 518 -58'1-

245 635 311 711 ivit,
330 635 418 700 illinc
441 653 591 702 reversus
619 636 741 701 luisset.
759 633 857 713 Cujus
884 633 1020 698 reditum
1046 632 1152 696 dietus
1178 647 1327 696 reveren-

241 733 302 799 dus
328 735 478 800 dominus
497 734 595 798 abbas
622 735 701 798 intra
731 735 860 799 biduum
888 733 936 797 rel
965 732 1103 796 triduum
1130 731 1328 810 expectabat.

243 833 507 914 Quandoquidem
533 843 637 898 autem
654 833 774 898 domini
791 831 1004 897 commissarii
1021 832 1058 894 ad
1078 830 1330 894 illustrissimum

242 932 405 996 dominum
423 933 579 997 Nunnium
596 931 731 1013 ablegati
749 931 814 1013 jatn
834 931 967 1010 protecti
990 940 1065 994 sunt
1090 929 1128 992 ad
1152 927 1331 992 illustrissi-

243 1049 324 1096 mam
348 1032 442 1096 Suam
464 1031 615 1106 Gratiam.
637 1033 806 1114 proposuit
830 1029 1018 1113 magnificus
1042 1028 1192 1094 dominus
1213 1027 1331 1092 Rector

241 1131 273 1194 in
300 1131 562 1196 deliberationem
593 1131 830 1207 Universitatis,
855 1129 1005 1212 quidnam
1036 1129 1122 1194 dieto
1152 1128 1329 1194 reverendo

240 1230 372 1294 domino
405 1231 507 1294 abbati
539 1232 725 1296 existiment
755 1230 1027 1311 respondendum.
1057 1233 1093 1292 Et
1123 1228 1262 1308 desuper
1292 1245 1330 1292 ex

243 1330 424 1394 facultatum
455 1330 743 1396 deliberationibus
774 1330 928 1394 conclusit
964 1327 1152 1410 magnificus
1181 1327 1330 1393 dominus

243 1429 361 1494 Rector
389 1431 613 1510 exponendum
644 1447 718 1496 esse
748 1430 836 1494 dicto
864 1430 1042 1494 reverendo
1067 1426 1197 1496 domino
1223 1426 1328 1490 abbati

244 1527 405 1599 Parcensi,
423 1529 585 1609 quomodo
601 1529 816 1595 commissarii
834 1529 872 1592 ad
891 1527 1112 1592 Reverentiam
1125 1527 1220 1590 Suam
1238 1526 1326 1590 missi

242 1644 305 1692 non
322 1627 401 1692 satis
417 1629 605 1709 tempestive
622 1629 810 1693 retulissent
826 1629 976 1709 quidnam
994 1637 1099 1692 actum
1119 1634 1328 1690 tractatumve

241 1743 313 1792 cunt
343 1745 380 1792 ea
410 1729 523 1802 luerat,
552 1729 689 1809 indeque
720 1727 880 1792 accidisse
910 1727 993 1808 quod
1025 1725 1144 1790 domini
1176 1725 1327 1790 commis·

242 1827 331 1902 sarii,
349 1828 402 1908 qui
418 1828 455 1890 ad
473 1827 728 1892 illustrissimum
745 1827 904 1892 Nuncium
927 1843 966 1892 ex
990 1833 1078 1905 parte
1104 1823 1327 1890 Universitatis

242 1925 383 2006 deputati
407 1935 509 2002 erant,
526 1927 673 2007 sequenti
698 1927 749 1991 die
772 1943 898 1990 summo
915 1941 1018 1996 mane,
1037 1924 1221 2004 ignorantes
1240 1921 1327 1988 desi·

242 2024 366 2088 derium
395 2023 478 2089 Suae
508 2026 729 2102 Reverentiae‚
762 2025 894 2106 proiecti
925 2024 1053 2099 luerint,
1084 2040 1121 2086 ac
1158 2031 1326 2102 propterea

243 2123 387 2188 eamdem
412 2126 505 2188 Suam
533 2125 756 2190 Reverentiam
785 2123 957 2206 rogandam
985 2131 1143 2204 quatenus
1168 2120 1326 2202 ejusmodi
1390 2173 1394 2182 .

184 2315 190 2320 ἣ
244 2239 386 2287 errorem
403 2223 495 2304 aequi
512 2223 651 2304 bonique
667 2224 837 2288 consulere
860 2221 1068 2303 dignement
1090 2219 1243 2300 singulari
1267 2235 1327 2296 suo

246 2322 365 2395 lavore,
383 2338 447 2403 quo
470 2323 600 2402 incepit,
618 2322 751 2387 ulterius
773 2322 1019 2386 Universitatent
1038 2319 1186 2401 prosequi
1204 2326 1325 2399 pergat.

287 2558 300 2594 tt
320 2535 377 2600 bie
404 2537 526 2609 martis.
549 2538 700 2617 vigesima
726 2537 861 2617 septima
884 2535 963 2615 junii
991 2535 1063 2598 anni
1093 2533 1326 2604 totalitatem

241 2634 296 2697 luit
325 2636 529 2715 congregatio
558 2637 791 2701 Universitatis.
810 2635 844 2698 ln
871 2651 932 2716 qua
960 2633 1150 2714 magnificus
1176 2631 1324 2696 dominus

241 2730 357 2796 Rector
382 2734 489 2797 retulit
512 2734 597 2814 quod
622 2735 743 2798 domini
771 2733 997 2824 commissarii,
1015 2732 1163 2796 videlicet
1189 2731 1324 2794 eximius

243 2830 391 2895 dominus
419 2844 450 2896 et
477 2833 628 2913 magister
656 2843 765 2898 noster
791 2833 943 2914 degidius
966 2833 1007 2896 du
1033 2831 1105 2911 Ray,
1123 2830 1324 2894 clarissimus

243 2928 393 2993 dominus
416 2929 583 2994 Cornelius
606 2933 732 3006 Silvius,
752 2933 997 3012 expertissimus
1021 2932 1171 2994 dominus
1186 2929 1325 2993 Tbomas

244 3027 447 3100 blanuscum
461 3031 766 3095 dominolicentiato
776 3030 940 3094 Conrardo
953 3030 1063 3104 Siluio,
1074 3029 1187 3094 iterato
1200 3028 1325 3091 iverunt

241 3125 278 3188 ad
295 3127 504 3190 reverendum
519 3128 682 3193 dominum
695 3129 840 3192 abbatem
855 3130 1057 3200 barrensem,
1075 3137 1107 3191 et
1119 3127 1327 3192 contulerunt

241 3225 281 3288 de
298 3225 425 3305 negotio
443 3225 654 3306 publicandae
677 3228 871 3292 visitationis
896 3227 989 3308 bujus
1013 3225 1248 3290 Universitatis.
1267 3223 1325 3296 Qui

241 3323 437 3388 reverendus
466 3325 616 3389 dominus
647 3326 745 3390 abbas
774 3326 895 3390 eisdem
924 3325 1064 3391 dominis
1095 3323 1326 3389 commissariis

148 3481 151 3486 .
241 3422 382 3486 exhibuit
408 3423 529 3500 scripto
553 3426 750 3505 prooemium
774 3426 859 3488 aliud
884 3425 1093 3505 publicandae
1116 3421 1323 3498 visitationis;

242 3521 326 3600 quod
352 3522 539 3601 magnificus
562 3523 713 3588 dontinus
738 3523 855 3588 licetur
877 3523 937 3604 legi
963 3523 1132 3596 mandavit,
1153 3531 1184 3586 et
1207 3521 1322 3586 lectum

241 3627 303 3682 est.
327 3617 424 3700 Cujus
455 3621 609 3701 prooemii
641 3631 732 3687 tenor
762 3622 813 3686 bic
842 3622 1028 3688 successive
1057 3622 1265 3702 subsequitur
1293 3628 1325 3684 et

240 3725 290 3781 est
308 3718 380 3782 talis
400 3742 407 3782 :

282 3867 468 3932 adtuenrus
494 3879 556 3935 etc.
580 3869 657 3936 Cum
685 3874 827 3937 omnium
858 3888 1028 3953 regnorum
1060 3871 1324 3951 subditorumque

240 3963 376 4029 felicitas
402 3983 418 4030 a
447 3977 531 4032 recta
560 3971 718 4050 pendeant
745 3971 958 4049 institutione,
976 3989 1057 4053 quae
1080 3971 1177 4036 rudes
1201 3970 1325 4034 animos

242 4063 280 4126 ad
308 4064 365 4129 bei
392 4068 524 4144 cultum,
550 4069 580 4132 in
612 4071 775 4152 principes
805 4071 1030 4146 obedientiam,
1054 4071 1085 4134 in
1117 4079 1265 4151 parentes
1295 4079 1326 4134 et

245 4163 377 4242 patriam
403 4166 563 4245 pietatem,
580 4186 655 4252 erga
675 4171 879 4253 magistratus
896 4172 1050 4235 bonorem
1067 4180 1098 4236 et
1115 4170 1325 4234 reverentiam
