3112 4942
724 445 889 532 -pp-

262 631 559 697 administrationes
580 631 628 694 rel
654 628 757 693 ellicia
780 627 811 690 in
833 627 1084 702 cathedralibus,
1106 629 1205 694 eciarn
1231 637 1349 694 metro-

264 732 485 812 politattis‚nut
497 728 674 808 collegiatis
689 726 838 806 ecelesiis
854 728 902 790 vel
917 727 987 806 nlijs
1004 729 1155 804 loeis,seu
1175 729 1347 808 prioratus.

263 831 468 912 prepositure
497 829 599 893 cciarn
629 829 860 891 corruenluales
888 826 1012 890 ordinis
1042 828 1285 908 cuiuscumque,
1317 837 1349 892 et

263 929 434 1009 dignitates
449 929 517 1007 ipse
530 927 560 990 in
573 925 927 996 cathedralibuscciam
943 927 1197 1006 metropolitanis
1212 917 1349 990 maiores

264 1027 566 1109 postponendos,
585 1024 834 1105 seucollegintis
855 1024 1003 1105 ecclesiis
1023 1025 1205 1088 huiusmodi
1231 1023 1350 1106 princi-

266 1127 356 1208 pales
378 1126 525 1199 existant,
543 1125 581 1187 ad
606 1141 739 1202 presens
762 1124 908 1187 obtinent
924 1134 979 1187 nul
995 1124 1025 1186 in
1044 1134 1209 1202 posterum
1226 1124 1350 1189 obtine-

264 1225 355 1298 bunt,
383 1240 415 1290 vt
437 1225 580 1302 ipsorutu
604 1223 730 1288 rationo
752 1239 853 1302 nsque
876 1223 912 1283 ad
938 1225 1181 1301 septentrione
1206 1232 1351 1302 ternpore

266 1325 393 1389 illorum
425 1325 555 1402 pacilice
583 1322 807 1403 possessionis.
827 1321 941 1400 adeptu
967 1323 1229 1401 computandum,
1258 1322 1348 1385 durn-

267 1425 362 1487 modo
393 1432 465 1501 post
495 1421 631 1485 ltabitarn
660 1421 821 1500 pucilrcntn
850 1421 1090 1501 possessionem
1117 1421 1263 1494 eundern,
1290 1419 1350 1484 nisi

265 1523 351 1584 aliud
375 1523 422 1586 eis
445 1538 542 1598 supet·
565 1522 627 1584 boc
649 1509 838 1584 cartonieutn
864 1519 1068 1600 suffragetur,
1087 1520 1166 1582 inl'ra
1183 1536 1301 1582 annnrn
1319 1520 1350 1583 in

264 1621 488 1700 subdyncenus
505 1620 563 1682 ritc
578 1622 643 1682 sint
659 1618 809 1698 promoti,
826 1619 865 1681 ud
882 1619 1017 1698 aliquetn
1037 1635 1075 1681 ex
1091 1617 1162 1698 alijs
1179 1618 1349 1682 ordinibus

267 1720 398 1797 ptrclntis
420 1737 454 1783 se
477 1718 659 1799 promoueri
683 1719 787 1782 lucere
811 1717 939 1780 rninirne
956 1727 1135 1791 tencantur,
1155 1735 1214 1782 nce
1229 1718 1268 1780 ud
1286 1718 1349 1780 itla

266 1835 468 1900 quocumque
494 1817 642 1896 cornpclli
671 1816 796 1902 possint
822 1816 924 1890 inniti,
952 1817 1141 1880 auctoritate
1169 1815 1346 1897 apostolica

267 1927 380 1980 tenore
397 1916 598 1994 presencium
616 1915 655 1978 dc
670 1914 801 1995 speciali
818 1913 917 1995 gratia
938 1915 1178 1994 dispensamus.

265 2071 269 2078 ’
319 2082 478 2136 Concessisse
497 2099 555 2135 auc
574 2069 728 2146 bdrrc'picierc
751 2085 790 2132 riu
807 2069 940 2146 priuildpc
961 2079 1125 2147 cle'pcnooir
1147 2088 1293 2147 cnscipncr

578 2190 582 2198 ·
617 2184 640 2226 el
659 2163 767 2227 dlrrdier
786 2178 809 2226 lc
828 2177 901 2226 droit
920 2178 991 2226 eicil.

268 2283 271 2292 ⁴
310 2305 377 2368 lllis
406 2321 481 2369 vero
511 2321 549 2368 ex
580 2304 715 2368 lleclere
745 2313 775 2366 et
805 2303 1021 2386 singularibus
1053 2304 1199 2380 personis
1229 2305 1350 2368 eisdem

267 2405 397 2487 ¹ouibus,
420 2413 529 2482 vtpotc
553 2403 582 2464 in
608 2403 788 2466 sacerdotio
811 2412 864 2464 aut
888 2403 1108 2476 dignitatibus,
1127 2403 1351 2483 personatibus

268 2521 323 2567 seu
351 2503 421 2584 alijs
447 2503 674 2567 ecclesiasticis
702 2501 865 2581 benolicips
895 2502 1103 2580 quibuslibet
1121 2519 1178 2582 ptn
1210 2515 1352 2583 ternpore

268 2602 463 2674 constitutis,
492 2603 580 2682 leges
607 2602 713 2682 legere
743 2601 789 2663 vel
821 2601 952 2664 studere
977 2603 1130 2664 canonica
1161 2603 1353 2666 interdicunt

270 2701 425 2774 instituta,
444 2701 527 2779 quod
548 2701 775 2763 nicltilerninus
800 2699 874 2761 inibi
893 2700 998 2762 dilecti
1024 2699 1077 2780 ttttj
1094 2701 1246 2764 doctores
1266 2702 1352 2764 vidc-

264 2799 345 2862 licet
370 2799 587 2864 vniucrsitatis
614 2799 689 2862 dicti
716 2797 810 2876 studii
839 2799 926 2877 leges
949 2798 1037 2876 ipsas
1067 2801 1186 2877 legere,
1214 2810 1244 2864 et
1271 2799 1352 2863 alios

263 2909 360 2966 actus
376 2899 566 2962 scolasticos
583 2899 613 2958 in
632 2898 695 2960 illis
711 2914 870 2972 exercere,
891 2915 948 2960 nec
966 2914 1028 2980 nen
1046 2898 1178 2977 quilibet
1194 2917 1231 2962 en
1249 2899 1352 2963 scola·

262 2997 359 3060 ribus
381 2997 461 3076 ipsis
483 2998 570 3076 leges
595 2997 776 3060 lruiusrnodi
798 3014 898 3076 usone
921 2997 957 3058 ad
979 2997 1171 3060 decennium
1195 2998 1301 3078 legere
1323 3008 1354 3062 et

263 3096 412 3164 studere.
441 3113 478 3158 ac
503 3096 603 3158 cciarn
628 3095 658 3155 in
685 3095 733 3158 cis
760 3095 936 3176 disputare,
962 3113 1086 3158 necnon
1112 3098 1246 3174 uuosuis
1273 3097 1354 3160 alios

270 3195 462 3259 scolasticos
491 3205 581 3257 actus
613 3193 717 3268 titcerc
747 3201 777 3255 rt
806 3211 968 3267 exercerc,
996 3211 1033 3256 nc
1062 3195 1294 3276 bnecrtlalriatus
1324 3205 1355 3260 et

270 3292 534 3372 licenciegrudus
558 3309 615 3355 nec
633 3311 695 3355 uon
713 3293 899 3356 doctoratus
923 3293 1058 3373 insignia
1078 3296 1235 3374 recipere,
1253 3295 1353 3358 cciatn

262 3391 355 3454 iuxta
378 3391 554 3454 laudabiles
579 3407 698 3454 inurent
723 3401 859 3470 ctvsutu
884 3409 981 3479 supet·
1006 3393 1066 3456 lton
1089 3394 1120 3454 in
1144 3393 1214 3480 alijs
1238 3393 1353 3472 studiis

264 3489 473 3570 generalibus
489 3490 680 3553 obserantes
697 3489 797 3554 libere
813 3503 843 3554 et
859 3492 943 3556 licite
961 3493 1095 3563 valeant,
1114 3494 1225 3556 cadcrn
1242 3503 1353 3558 aucto-

263 3589 362 3652 ritare
378 3589 586 3656 concedimus
602 3598 633 3652 ct
650 3589 853 3669 indulgemus
871 3607 926 3669 per
942 3585 1119 3672 presentes.

265 3747 442 3812 dnrttrlalion
462 3761 507 3808 oles
526 3759 630 3810 clauses
649 3763 681 3810 de
700 3763 773 3810 droit
792 3776 921 3811 commun
938 3764 1091 3812 contraires
1110 3766 1127 3812 dr
1148 3763 1175 3812 la
1195 3766 1351 3814 concessione

265 3845 269 3858 '
716 3855 755 3902 dn
771 3855 913 3916 pria-ildpc.

264 4013 266 4021 ‚
311 3978 477 4044 Gerteralis
500 3981 626 4062 coucilij
657 3998 715 4046 nec
738 3999 802 4046 non
830 3981 932 4046 felicis
959 3982 1192 4046 recordatiouis
1220 3981 1350 4062 llonorij

170 4080 174 4111 ³
203 4092 205 4096 ·
263 4091 350 4158 pape
367 4079 424 4160 dij.
445 4080 684 4157 predecessoris
709 4083 821 4154 posui,
840 4099 877 4143 tic
900 4080 972 4160 nlijs
993 4083 1086 4144 etiarn
1110 4081 1298 4161 apostolicis
1322 4092 1354 4144 ct

268 4177 299 4240 in
325 4179 576 4258 prouincialibus
599 4197 656 4244 seu
680 4180 887 4260 synodalibus
910 4181 1057 4260 conciliis
1079 4180 1173 4244 editis
1196 4181 1353 4244 coustitu-
