3246 4944
699 461 881 532 -001-

249 653 281 711 ut
300 645 332 708 ln
355 644 441 710 omni
465 644 628 725 republica
651 646 777 723 accidit,
794 664 858 712 non
882 645 960 711 nibil
980 663 997 711 a
1020 653 1106 711 recta
1129 646 1330 714 institutione

245 745 394 810 deviasse
418 744 568 826 potuerit,
585 746 827 811 commissarius
852 745 1020 828 elegimus,
1041 745 1150 827 jnncta
1174 745 1329 827 imprimis

246 845 365 908 Surnmi
400 843 562 908 Pontifrcls
598 845 800 922 auctoritate,
828 846 939 911 fideles
974 862 1011 910 ac
1046 845 1164 909 charos
1200 855 1329 912 nostros

246 943 394 1008 dominos
419 944 573 1008 loannem
599 944 760 1019 bruslum,
783 961 894 1009 sacrae
917 943 1100 1026 theologiae
1119 944 1327 1021 licentiatum,

246 1042 390 1106 abbatem
422 1041 621 1120 lercensem,
649 1051 680 1107 et
709 1042 904 1124 Stephanum
934 1043 998 1108 Van
1029 1043 1221 1119 craesbeke,
1245 1045 1329 1126 iuris

247 1141 413 1221 utriusque
436 1141 602 1206 doctorem
625 1151 656 1206 et
680 1150 824 1208 nostrum
848 1143 878 1206 in
904 1142 1072 1207 Brabantia
1096 1143 1326 1223 consiliarium,

245 1240 298 1322 qui
321 1239 437 1306 dictam
459 1241 701 1306 Urtiversitatcm
719 1241 750 1304 in
766 1241 915 1306 omnibus
931 1241 1000 1306 suis
1016 1241 1169 1306 membris
1185 1241 1327 1318 visitent,

245 1348 276 1406 et
291 1339 318 1404 si
335 1357 416 1422 quos
433 1339 578 1405 delectus
594 1339 786 1417 invenerint,
804 1339 989 1418 observent,
1007 1341 1177 1422 omniaque
1200 1341 1239 1406 ad
1263 1342 1328 1408 Nos

245 1439 373 1504 sincere
395 1438 547 1514 referant,
566 1447 598 1503 ut
624 1447 747 1504 maturo
764 1447 796 1504 ot
813 1439 961 1521 prudenti
977 1439 1114 1506 consilio
1130 1441 1161 1503 in
1178 1439 1329 1506 omnibns

247 1537 463 1620 provideatur,
489 1555 552 1620 quo
578 1537 662 1602 dicta
689 1537 885 1604 Universitas
911 1538 949 1603 ad
978 1538 1139 1620 antiquam
1167 1539 1329 1618 perveniat

247 1637 474 1720 perfectionem
490 1646 521 1702 et
537 1636 731 1702 felicitatem.
745 1638 791 1701 Ad
809 1653 903 1719 quem
920 1636 1028 1713 funem,
1045 1636 1152 1701 babitu
1169 1637 1327 1702 dictorum

245 1735 538 1802 commissariorum
573 1736 686 1810 relatu,
714 1736 928 1818 omnibusque
958 1736 1131 1817 prudentor
1159 1745 1191 1801 et
1220 1745 1329 1802 exacte

245 1835 470 1912 consideratis,
496 1844 668 1916 sequentes
694 1835 864 1900 statuimus
891 1835 992 1916 leges,
1015 1852 1096 1916 quas
1125 1835 1329 1900 strictissime

246 1934 373 1999 llectori
395 1933 530 2014 aliisque
546 1933 649 1999 dictae
666 1934 891 1999 Universitatis
908 1934 1147 2015 professoribus
1163 1943 1193 1999 et
1208 1951 1328 2016 suppo-

245 2034 316 2098 sitis
332 2032 506 2099 observare
522 2033 735 2115 praecipimus
750 2033 806 2116 (l).

773 2199 798 2263 l.

286 2331 322 2396 llt
335 2331 366 2394 in
380 2331 503 2412 primis,
515 2349 607 2398 nemo
620 2332 658 2396 ad
672 2331 905 2412 professionem
919 2331 1078 2412 publicam
1096 2349 1155 2397 nec
1171 2330 1324 2412 privatam

245 2430 276 2494 in
301 2431 383 2495 dicta
408 2430 623 2496 Universitate
646 2431 841 2507 admittatur,
865 2430 926 2494 nisi
954 2431 1120 2510 professus
1147 2431 1241 2496 fuerit
1266 2431 1328 2496 sub

240 2529 424 2609 juramento
462 2529 648 2610 religionem
682 2530 871 2599 catholicam
902 2529 1109 2610 apostolicam
1140 2530 1328 2605 Romanam,

244 2629 303 2694 sub
332 2645 432 2709 poena
461 2629 648 2711 privationis
674 2645 691 2693 a
718 2646 775 2695 sua
808 2629 1010 2710 professione
1039 2637 1070 2696 et
1099 2629 1287 2711 expulsione
1313 2645 1329 2692 a

145 2725 149 2732 '
244 2727 326 2794 dicta
345 2728 567 2794 Universitate.

767 2861 807 2924 tl.

286 2991 445 3064 Secundo,
466 2993 549 3072 quod
575 3009 668 3058 numo
690 2993 856 3058 studiosus
880 2991 1057 3057 addictam
1082 2991 1326 3058 Universitatem

243 3090 438 3162 admittatur,
456 3108 559 3172 noque
575 3091 605 3154 in
630 3091 739 3156 eadem
757 3098 916 3172 tamquam
933 3092 1100 3156 studiosus
1116 3091 1247 3166 habitet,
1267 3089 1325 3154 nisi

244 3189 332 3270 prius
354 3199 509 3255 consueto
534 3206 622 3254 more
645 3206 662 3252 a
687 3191 823 3256 flectcre
846 3190 949 3255 dictae
972 3189 1195 3254 Universitatis
1218 3189 1327 3253 intitu-

242 3289 325 3354 latus
356 3289 462 3367 fucrit,
493 3299 524 3356 et
552 3289 707 3355 articulos
738 3290 768 3352 in
799 3289 909 3355 eadem
940 3290 1153 3354 intitulatione
1189 3296 1327 3354 statutos

242 3388 607 3468 solemnitcrjuraverit.

755 3519 812 3584 tlt.

283 3652 383 3718 Porro
408 3653 513 3718 nullos
527 3648 763 3718 'Universitatis
788 3653 986 3718 immunitate
1002 3662 1033 3718 et
1056 3653 1231 3734 privilegiis
1247 3669 1325 3734 gau·

241 3751 318 3816 dere
333 3753 492 3830 volumus,
511 3770 603 3835 quam
621 3769 678 3818 eos
701 3752 766 3834 qui,
781 3753 869 3833 iuxta
894 3762 1039 3818 nostrum
1063 3753 1227 3818 decretum
1252 3752 1325 3817 huic

275 3951 314 4020 (l)
334 3951 423 4022 Voyoz
442 3951 586 4016 oidcssus,
604 3970 649 4022 pp.
665 3951 718 4008 587
740 3969 793 4017 sv..
809 3953 835 4008 la
854 3951 1014 4024 preambule
1034 3950 1150 4023 propose
1169 3969 1220 4022 par
1240 3951 1327 4008 l'cbbe

238 4039 271 4094 de
293 4041 362 4095 Paro
382 4041 451 4095 dans
470 4041 498 4096 la
517 4046 614 4096 sbance
633 4041 763 4113 generale
777 4043 810 4098 de
829 4043 1004 4098 l'Universile
1018 4043 1053 4096 du
1068 4043 1104 4096 27
1117 4043 1177 4114 juin
1196 4043 1274 4099 tcta.
1291 4045 1327 4098 Ce

238 4121 405 4200 preambule,
421 4131 469 4204 qui
484 4149 518 4187 nc
535 4135 577 4186 ful
596 4151 661 4187 sans
682 4135 765 4189 doute
786 4153 834 4204 pas
854 4131 937 4204 agree
956 4152 1005 4205 par
1023 4133 1048 4188 lo
1069 4134 1177 4188 Conseil
1199 4132 1274 4205 privo
1294 4136 1328 4190 de

239 4221 370 4294 Ruebant,
394 4225 588 4292 sauregardail
614 4226 697 4280 d'une
728 4225 848 4280 maniere
876 4227 1015 4296 beaucoup
1042 4225 1104 4298 plus
1130 4223 1258 4300 explicite
1285 4225 1324 4280 les

237 4311 325 4372 droils
338 4314 374 4369 du
388 4313 575 4390 Sciat-siege.
