3222 4944
607 521 610 526 Ι
720 433 904 499 -roo-

268 615 321 696 qui
359 622 425 678 tum
461 613 605 696 diligenti
635 613 868 679 examinatione
896 632 968 678 curn
996 613 1178 696 juramento
1208 613 1350 678 omnium

270 711 561 794 prenominatorum
575 712 798 777 turnomnibus
810 711 881 776 aliis
895 711 1133 778 modisvidcant
1146 721 1177 776 et
1189 711 1352 793 inquirant

268 812 430 894 quomodo
446 811 693 876 constitutiones
711 820 819 876 nostre
837 811 979 890 predicte
995 811 1164 877 observate
1181 810 1298 876 fuerint
1319 819 1350 876 ct

267 909 413 975 defectus
436 909 584 974 correcti.
609 909 750 990 Eronos
777 909 982 975 defectuosus
1005 894 1203 988 comperient
1228 919 1260 974 et
1287 926 1350 975 non

267 1019 433 1074 correctos
449 1009 517 1074 sire
533 1008 564 1071 in
581 1008 783 1074 observando
800 1009 869 1073 sive
886 1011 915 1071 in
932 1007 1114 1074 coercendo
1130 1019 1161 1074 et
1175 1009 1348 1090 puniendo,

267 1107 456 1173 auctoritate
473 1117 581 1173 nostra
598 1107 760 1190 corrigent
777 1107 863 1188 juxta
881 1107 1061 1174 defectuum
1080 1108 1283 1190 exigentiam,
1301 1109 1350 1173 vel

267 1224 328 1288 que
357 1206 503 1288 graviora
541 1215 573 1271 et
610 1207 842 1288 perniciosiora
872 1207 1036 1281 ridebunt,
1069 1207 1161 1271 nobis
1199 1207 1348 1280 referent,

266 1309 417 1386 quouiarn
435 1304 550 1372 mentis
567 1315 676 1370 nostre
692 1314 742 1371 est
757 1305 941 1386 supradicta
958 1306 1135 1370 observari.

309 1455 344 1518 m
374 1471 445 1520 cum
478 1455 704 1520 nonnullorum
735 1455 865 1536 querela
897 1454 1148 1520 intellexerimus
1177 1471 1292 1536 gravas
1321 1465 1353 1520 et

267 1553 452 1619 excessivos
475 1570 548 1618 esse
571 1562 719 1634 sumptus
744 1553 774 1616 in
799 1553 1056 1634 promotionibus
1071 1555 1226 1636 graduum
1243 1553 1350 1634 singu-

267 1651 368 1716 larum
395 1653 593 1728 facultatum,
620 1653 703 1718 unde
727 1653 872 1734 plerique
895 1669 952 1732 pro
973 1652 1128 1734 gradibus
1150 1651 1353 1716 assumendis

266 1752 305 1816 ad
331 1751 410 1816 alias
438 1751 670 1816 Universitates
700 1769 736 1817 se
767 1753 948 1827 conferunt,
983 1750 1178 1832 injungimus
1208 1751 1352 1826 decanis,

265 1850 454 1914 doctoribus
484 1860 514 1915 ct
544 1850 707 1931 magistris
737 1851 937 1930 singularum
968 1849 1164 1924 facultatum,
1196 1858 1352 1931 quatenus

266 1950 347 2014 iutra
364 1950 448 2013 bunc
465 1965 608 2014 mensem
624 1949 859 2014 declarationes
875 1965 1152 2030 quorumcumque
1167 1958 1352 2028 sumptuum

268 2063 326 2128 pro
341 2047 478 2128 singulis
493 2047 646 2129 gradibus
670 2049 701 2110 in
726 2048 870 2127 qualibet
893 2049 1040 2112 facultate
1060 2047 1353 2128 supportandorum

269 2146 500 2226 prenominatis
518 2148 637 2210 nostris
653 2145 846 2211 cancellario
862 2157 893 2210 et
910 2146 1013 2225 primo
1030 2145 1205 2226 presidenti
1230 2145 1354 2208 tradant

269 2246 317 2309 vel
360 2245 587 2321 transmittant,
627 2255 659 2309 ut
698 2245 971 2310 declarationibus
1011 2245 1091 2325 ipsis
1127 2244 1218 2319 visis,
1257 2259 1354 2324 super

271 2344 503 2418 moderatione,
520 2343 547 2408 si
567 2343 670 2408 fienda
687 2343 794 2422 fuerit,
813 2344 988 2423 procedere
1004 2345 1175 2408 ualeamus.

310 2492 399 2568 Quod
417 2501 450 2558 ut
463 2493 589 2557 firmum
602 2501 632 2558 et
645 2493 758 2557 stabile
771 2502 925 2575 perpetuo
939 2501 1134 2573 perseveret,
1150 2490 1354 2571 presentibus

196 2601 204 2606 ·
268 2591 383 2656 litteris
400 2591 520 2656 nostris
537 2601 681 2656 nostrum
700 2592 835 2656 fecimus
851 2591 966 2672 apponi
984 2592 1136 2672 sigillum.

310 2689 420 2754 [latum
443 2691 495 2755 die
523 2691 614 2755 tertia
640 2690 762 2754 mensis
783 2689 920 2770 januarii
944 2707 1028 2754 anno
1046 2688 1170 2754 Domini
1189 2687 1358 2754 millesimo

268 2789 586 2872 quadringentesimo
604 2788 843 2869 septuagesimo
860 2798 964 2854 sexto.

207 3061 210 3070 Ι
270 2985 444 3147 ΝΙιᾶΙῐνὶιιε
474 2985 640 3049 labebatur
672 3009 681 3048 :
712 2987 772 3052 Per
801 2987 965 3052 dominum
995 2988 1120 3052 ducem.
1151 2987 1315 3068 Signatum
1347 3006 1356 3051 :

302 3131 309 3147 .
355 3101 480 3148 aurens.

313 3477 349 3541 18
360 3479 483 3558 joiacim
500 3477 591 3542 llll.
610 3478 760 3543 licctorat
777 3481 816 3544 de
833 3480 960 3546 Nicolus
976 3480 1107 3562 blyon„

313 3673 385 3756 xviij
406 3673 675 3756 mensisjanuarij
690 3676 812 3757 judicia
836 3677 893 3742 fuit
910 3677 1123 3758 congregacio
1139 3676 1358 3742 rniuersitafls

272 3773 354 3856 apud
371 3773 629 3855 Augustinenses
646 3776 723 3839 bora
741 3793 823 3840 nona
839 3793 937 3858 super
953 3776 1014 3857 bijs
1030 3777 1187 3842 articulis.

313 3922 394 4036 item
422 3972 452 4034 in
479 3973 591 4036 eadem
619 3973 875 4055 congregacione
903 3974 1053 4055 magister
1074 3974 1238 4039 lohannes
1259 3971 1362 4052 lnclry

273 4070 413 4154 decanus
441 4071 599 4136 facultatis
627 4073 786 4138 medicine
812 4082 843 4137 et
871 4074 1000 4138 nomine
1026 4073 1170 4138 eiusdem
1201 4069 1360 4137 facultatis

274 4168 352 4232 dixit
380 4171 464 4250 urrod
494 4169 565 4251 jpsa
597 4172 730 4236 facultas
757 4172 916 4237 medicine
942 4173 1103 4253 predictas
1130 4171 1357 4236 ordinacionos
