3260 4944
729 405 914 498 agiis..

316 613 445 680 Gedaen
467 614 499 678 in
515 614 556 680 de
578 615 663 680 stadt
686 632 746 684 van
764 614 917 682 Brussele
939 603 1244 697 nagan-en-tutintig
1259 603 1362 698 dagon

275 713 307 778 in
329 713 371 778 de
392 715 632 780 vcorscirreven
655 714 786 780 maendt
809 729 869 782 van
892 722 1014 780 meerte
1039 712 1070 776 in
1095 712 1117 778 ’t
1136 711 1205 794 jaer
1227 714 1365 795 duysent

274 811 495 894 cyil-houden
520 814 831 898 ean-enserentigu,
859 829 939 881 voor
961 812 1158 880 Pacssclrcu.
1183 811 1272 880 Euda
1294 829 1364 880 was

274 910 531 978 ondertceluent:
553 911 645 976 Lanu.

277 1109 487 1176 L’Uniueraitd
503 1117 605 1176 elotae
625 1128 684 1194 pue
704 1129 783 1175 ceuc
803 1113 856 1194 qui
876 1109 995 1176 reuknt
1015 1111 1154 1176 reccarir
1168 1127 1209 1174 cu
1228 1109 1363 1174 triduani

214 1293 223 1304 ⁸
316 1209 434 1294 d'uppel
445 1212 659 1292 comipnerunt
668 1209 908 1293 prtuiodlement
923 1210 954 1274 lu
969 1228 1084 1275 somme
1101 1210 1139 1274 dc
1149 1210 1246 1274 douae
1256 1210 1364 1288 meina

317 1312 358 1375 du
375 1311 452 1375 Ritu
468 1317 552 1376 entre
566 1309 609 1374 les
625 1313 727 1374 mulne
742 1311 785 1374 da
799 1313 922 1374 notulae
936 1310 974 1374 de
988 1309 1020 1374 lo
1034 1327 1120 1375 eaor.

703 1459 736 1515 al
759 1453 825 1516 solui
849 1458 930 1520 16³3.

316 1582 433 1648 ilector
448 1591 480 1649 et
496 1583 696 1650 Universitas
712 1583 810 1650 studii
826 1583 989 1666 generalis
1011 1581 1121 1665 oppidi
1140 1581 1360 1662 Lovauiensis,

275 1690 308 1746 ut
322 1681 429 1746 omnis
445 1691 567 1750 temere
581 1683 764 1764 appellandi
780 1682 913 1748 occasio
930 1681 1185 1765 praescindatur,
1204 1697 1264 1747 nec
1278 1682 1365 1764 quis·

274 1796 367 1862 quain
382 1797 439 1862 per
454 1782 646 1848 calumniam
656 1782 813 1864 judicium
830 1782 951 1864 fatiget,
966 1780 1146 1847 insistendo
1162 1781 1298 1847 articulo
1310 1782 1364 1846 tilr

273 1880 511 1946 ordinationum
533 1881 691 1947 dictarum
714 1881 876 1947 curiarum
899 1882 941 1948 de
963 1881 1036 1947 data
1066 1879 1118 1944 18·
1136 1881 1247 1963 aprilis
1270 1877 1362 1959 1611,

274 1978 438 2061 incipienti
464 2001 472 2044 :
496 1980 585 2056 noui
604 1980 768 2062 judicatus
792 1981 887 2048 luerit
911 1981 993 2047 malo
1015 1980 1209 2062 appellasse,
1233 1981 1302 2048 sive
1324 1981 1364 2046 ab

277 2077 551 2144 »interlocutoria
584 2080 648 2145 vim
684 2077 872 2146 diffinitivae
901 2079 1052 2158 habente,
1084 2079 1154 2145 siue
1183 2079 1362 2158 diffinitiva,

146 2253 150 2262 ι
275 2198 289 2236 a
307 2175 373 2244 luat
390 2194 526 2260 poenam
541 2178 712 2244 duodecim
726 2179 925 2246 florenorum
939 2179 1012 2260 ipso
1023 2180 1121 2255 iacto,
1135 2179 1231 2245 etiam
1242 2179 1365 2261 absque

275 2293 460 2358 »expressa
483 2277 768 2354 condemnatione;
795 2279 879 2346 idem
903 2277 1020 2346 tietdo
1043 2295 1082 2344 eo
1106 2279 1160 2362 qui
1183 2279 1365 2346 deseruerit

211 2401 214 2408 v
274 2376 553 2458 »appeliationem
570 2401 603 2452 a,
632 2385 663 2444 et
689 2378 840 2460 antiquae
866 2379 926 2443 luae
955 2378 989 2444 in
1017 2386 1106 2460 parte
1132 2379 1363 2456 observationi,

271 2474 441 2558 nauloque
470 2475 610 2560 desuper
645 2476 727 2542 trina
756 2476 888 2542 Consilii
918 2475 1145 2544 Universitatis
1172 2477 1262 2560 juxta
1293 2479 1364 2560 eius

271 2583 389 2640 statuta
411 2575 658 2652 deliberatione,
676 2593 733 2658 per
749 2577 884 2640 formam
907 2575 1005 2642 edicti
1022 2575 1168 2658 perpetui
1184 2585 1366 2644 statuerunt

274 2681 306 2738 ct
318 2681 464 2740 statuunt
477 2692 534 2756 per
552 2685 751 2757 praesentes,
770 2684 814 2750 ut,
827 2675 855 2740 si
868 2675 943 2757 quis
955 2675 1165 2758 imposterum
1177 2693 1194 2741 a
1207 2675 1364 2742 sententia

275 2773 435 2856 magnifici
448 2774 569 2841 domini
585 2774 746 2852 Rectoris,
760 2773 993 2841 venerabilium
1005 2774 1210 2841 dominorum
1223 2776 1365 2858 quinque

273 2871 417 2952 iudicum
441 2873 703 2955 appellationum,
722 2883 776 2938 aut
795 2874 964 2940 reverendi
980 2874 1102 2940 domini
1118 2875 1363 2941 conservatoris

275 2973 530 3056 privilegiorum,
555 2975 801 3058 appellationem
836 2975 1021 3057 interjicere
1050 2975 1138 3051 velit,
1161 2976 1190 3041 is
1225 2977 1265 3042 ad
1301 2979 1363 3042 hoc

276 3073 457 3140 laciendum
481 3091 547 3140 non
569 3075 662 3140 aliter
684 3073 882 3152 admittatur,
899 3091 996 3156 quam
1018 3075 1047 3139 si
1063 3073 1222 3156 imprimis
1244 3085 1365 3141 etanta

275 3173 520 3240 omniarealiter
531 3183 564 3240 et
575 3191 651 3239 cum
662 3173 778 3240 ellectu
792 3175 830 3237 ad
841 3189 955 3239 manus
968 3174 1084 3239 notarii
1096 3173 1228 3256 iudicis,
1242 3191 1260 3240 a
1272 3175 1365 3257 cujus

276 3271 434 3338 sententia
461 3272 678 3356 interpellatio
705 3271 927 3353 interjicieuda
954 3283 1014 3350 est,
1040 3274 1280 3355 consignaverit
1306 3291 1365 3340 seu

276 3372 516 3454 namptizaverit
538 3371 686 3439 muletam
711 3372 883 3437 duodecim
900 3372 1111 3440 cirenensium
1133 3372 1218 3438 dicta
1234 3372 1364 3438 ordina·

277 3469 363 3536 tione
391 3459 513 3538 temere
547 3469 785 3554 appellantibus
814 3470 1017 3551 impositam
1049 3472 1183 3537 eandem
1213 3471 1364 3537 mulctam

276 3568 425 3648 luiturus,
442 3571 493 3637 vel
509 3571 541 3634 in
559 3581 661 3637 totum
683 3587 741 3637 seu
758 3570 790 3634 in
807 3579 928 3651 partem
953 3581 1215 3652 recuperaturus,
1233 3571 1260 3635 si
1285 3581 1317 3636 et
1332 3571 1363 3636 in

275 3676 427 3750 quantum
439 3669 530 3752 iuxta
546 3671 676 3737 easdem
692 3669 915 3736 ordinationes
931 3669 1157 3752 appellationis
1178 3669 1365 3752 interjectae

271 3765 394 3848 iustitia
416 3771 480 3835 lioc
501 3769 617 3852 exiget.
644 3770 852 3852 injungentes
875 3769 1027 3834 omnibus
1050 3779 1082 3835 et
1104 3769 1242 3851 siugulis
1268 3771 1364 3854 huius

276 3877 405 3934 nostrae
421 3867 645 3936 Universitatis
667 3869 859 3952 suppositis,
877 3869 916 3934 ad
933 3885 1017 3950 quos
1033 3885 1086 3934 res
1101 3886 1137 3934 ea
1160 3871 1299 3951 pertinet
1314 3872 1363 3938 vel

275 3965 486 4048 imposterum
527 3967 690 4049 pertinere
726 3967 862 4050 poterit,
895 3977 1056 4051 quatenus
1092 3984 1165 4034 sese
1204 3970 1365 4051 praesenti

275 4073 394 4132 statuto
411 4083 468 4133 seu
484 4066 591 4134 edicto
607 4073 719 4132 nostro
735 4067 950 4133 conforment.

318 4199 411 4267 Anno
434 4199 526 4278 16111,
543 4215 656 4266 mense
678 4199 853 4277 februario,
870 4199 902 4264 in
925 4200 1020 4282 plena
1036 4199 1262 4268 Universitatis
1284 4219 1363 4269 con·

276 4299 475 4382 erogatione,
492 4299 683 4366 conclusum
706 4299 764 4365 luit
785 4297 951 4367 dominum
974 4300 1233 4368 commissarium
1255 4301 1359 4370 domi·
