3246 4944
693 435 812 507 -6lt
842 473 883 490 -·

407 694 420 732 l
438 672 617 739 Admodum
634 673 801 742 reuerendi
818 683 850 742 et
865 675 972 741 eximii
991 675 1129 741 Domini.

284 875 296 912 n
313 855 428 935 decepi
441 855 564 920 litteras
578 856 834 923 nominationum
850 858 1034 924 vestrarum
1049 875 1110 922 una
1124 875 1195 923 cum
1207 857 1330 939 iunctis

241 952 371 1033 scriptis
394 954 572 1034 exemplum
597 957 846 1030 reformationis,
864 957 1085 1021 conclusionis
1108 966 1139 1020 ct
1164 956 1328 1020 missionis

241 1051 444 1118 dominorum
475 1054 514 1119 de
544 1053 759 1120 Universitete
793 1058 854 1120 sub
891 1055 1036 1138 28⁸1ulij
1075 1055 1328 1120 continentibus.

241 1152 350 1224 Quoad
376 1152 407 1215 id
431 1153 515 1232 quod
541 1169 598 1233 pro
620 1163 726 1218 vestra
747 1153 979 1234 justificatione
1003 1154 1157 1226 scribitis,
1184 1154 1328 1234 prolecto

241 1249 283 1314 ita
299 1267 335 1314 se
351 1267 403 1316 rcs
421 1251 526 1328 babet,
542 1260 573 1316 et
585 1253 801 1332 judicavimus
817 1262 908 1316 antea
925 1263 956 1317 et
969 1253 1151 1334 judicamus
1166 1252 1283 1328 adbuc,
1298 1260 1331 1316 el

244 1349 487 1415 universitatem
504 1351 605 1432 ipsam
620 1351 650 1413 in
664 1360 790 1432 sutnnta
803 1352 1027 1426 conclusione,
1042 1363 1074 1417 et
1085 1351 1332 1418 commissarios

243 1448 367 1512 avobis
385 1449 515 1522 missos,
532 1450 671 1530 graviter
686 1467 831 1524 errasse;
857 1468 961 1533 neque
985 1452 1037 1514 illa
1055 1451 1192 1516 debebat
1209 1449 1329 1532 aliquid

243 1547 436 1612 concludere
452 1549 535 1629 quod
554 1549 711 1615 interesse
727 1549 818 1614 Sedis
835 1549 1039 1630 Apostolicae
1059 1557 1187 1632 tangere
1205 1559 1326 1630 posset,

244 1647 295 1709 illa
319 1646 387 1711 sive
410 1647 479 1726 ejus
503 1648 657 1712 ministris
681 1649 890 1722 irrcousultis;
915 1666 1019 1730 neque
1042 1649 1069 1713 si
1092 1666 1189 1729 super
1214 1649 1328 1713 eodem

244 1748 372 1826 negotio
397 1747 499 1821 missi,
524 1747 608 1828 quod
633 1748 679 1828 (ut
702 1747 821 1812 dictum
845 1749 906 1830 est)
929 1757 1052 1828 poterat
1076 1757 1206 1829 tongere
1226 1747 1330 1811 dictae

243 1846 335 1910 Sedis
350 1847 584 1920 auctoritatem,
602 1846 767 1911 Bruxellas
784 1842 958 1926 appellere,
978 1865 1036 1911 uec
1061 1847 1134 1910 inde
1150 1847 1330 1919 discedere,

245 1945 338 2008 nobis
353 1943 394 2008 de
409 1961 457 2016 eo,
483 1943 568 2024 quod
594 1954 684 2008 erant
708 1945 872 2008 tractaturi
898 1945 966 2009 sive
990 1954 1218 2019 tractaverunt,
1244 1944 1333 2026 prius

246 2060 309 2106 nou
327 2043 473 2116 monitis;
497 2044 535 2107 ad
560 2045 621 2108 boc
645 2060 704 2108 nos
728 2044 757 2107 id
781 2044 992 2124 cupiebamus
1018 2059 1080 2108 non
1105 2042 1200 2107 ollrcii
1217 2044 1331 2124 gratia,

244 2143 337 2222 cujus
349 2142 558 2207 omissionem
573 2143 663 2207 lncilc
677 2143 822 2222 uotiuum,
837 2143 912 2224 quin
928 2143 1033 2224 notius
1047 2142 1089 2205 illi
1104 2143 1173 2207 suis
1188 2143 1330 2223 parribus

245 2241 426 2315 doluerunt,
443 2258 536 2322 quarn
555 2241 647 2306 nobis
663 2242 782 2322 aliquid
799 2242 998 2316 ademerunt,
1016 2242 1100 2321 quod
1119 2251 1205 2305 tanto
1223 2243 1328 2305 minus

244 2340 369 2404 Nuncio
391 2341 576 2421 dnostolico
600 2340 704 2421 inscio
727 2341 923 2406 contendere
946 2351 977 2405 et
995 2342 1121 2405 mittere
1149 2340 1327 2414 debebatis,

243 2450 363 2520 occulo
376 2439 415 2501 ab
428 2439 518 2504 iuilio
531 2439 710 2503 consultius
727 2439 809 2504 idem
828 2439 991 2520 negotium
1007 2456 1079 2503 cum
1095 2439 1218 2502 Nunclo
1234 2439 1329 2503 etiam

244 2538 440 2618 noostolico,
469 2548 564 2618 prout
589 2539 708 2610 decuit,
736 2538 1069 2602 cornmuuiooveratis.
1101 2537 1132 2600 Si
1162 2548 1331 2618 utrumque

248 2637 310 2701 ltoc
327 2653 389 2700 nou
406 2637 664 2712 commisissetis,
689 2647 720 2701 et
742 2647 873 2702 sunctae
895 2637 968 2702 Sedi
985 2637 1189 2716 spostolicae
1207 2636 1332 2718 praeju-

248 2735 366 2800 dicium
384 2736 465 2802 lorle
481 2754 544 2800 non
562 2746 648 2801 esset
665 2737 799 2810 illatum,
819 2745 850 2802 ct
865 2736 973 2802 debito
992 2746 1105 2800 nostro
1122 2736 1334 2800 sntisl'ecisso·

250 2835 302 2900 lis.
316 2835 376 2899 Sed
391 2835 648 2917 quandoquidem
659 2835 774 2918 jamim
789 2835 974 2910 factumest,
986 2835 1230 2900 lercudumerit.
1241 2834 1331 2910 Quod

250 2934 362 2996 attinet
377 2935 414 2997 ad
431 2933 545 2998 Sedem
563 2934 790 3013 Apostolicem,
809 2951 866 3013 pro
883 2933 1005 2998 viribus
1023 2934 1273 3011 providebimus,
1292 2951 1333 2998 ne

250 3030 301 3094 illa
318 3041 423 3096 vestra
435 3032 656 3112 culpajurium
671 3049 803 3096 snorum
816 3033 1041 3096 detrimentum
1061 3033 1206 3112 patiatur.
1221 3031 1329 3106 Quoad

249 3147 301 3194 res
317 3139 454 3210 vestras,
470 3148 528 3194 vos
545 3131 604 3210 iusi
623 3131 768 3195 videritis
790 3140 821 3194 et
843 3131 1026 3194 successuri
1051 3131 1081 3194 ln
1099 3131 1181 3194 dictu
1198 3130 1333 3193 Univer-

249 3229 360 3303 sitale;
392 3245 526 3310 quorum
557 3239 644 3294 certe
675 3229 843 3304 misereor,
884 3246 954 3291 nrm
993 3229 1081 3292 luont
1119 3229 1179 3308 ipsi
1217 3245 1338 3308 poenas

249 3327 452 3392 immerentes
469 3328 634 3407 culparum
652 3337 844 3392 vestrarum.
870 3327 946 3390 Rem
968 3345 1095 3391 omnem
1113 3327 1282 3392 exordiae
1301 3328 1338 3392 ad

248 3427 362 3490 Sedent
379 3427 594 3508 Apostolicnm
618 3427 766 3499 reseram,
784 3427 950 3508 iusumque
974 3427 1105 3507 rogabo,
1125 3438 1157 3490 ut
1176 3439 1336 3508 tamquam

250 3525 384 3606 benigna
409 3534 508 3608 rnaler
531 3523 739 3588 obliviscatur
761 3541 913 3605 errorum,
930 3535 1123 3600 vestrorunt,
1146 3541 1182 3588 ac
1200 3542 1257 3603 nro
1274 3541 1331 3589 sua

251 3625 416 3706 prudentia
433 3641 469 3688 oc
487 3625 601 3704 pictate
616 3633 764 3688 occurrat
779 3624 892 3688 suiset
906 3624 1021 3688 vestris
1036 3624 1175 3704 propriis
1191 3623 1330 3688 damnis.

252 3725 388 3789 llonilos
404 3741 461 3788 vos
477 3723 571 3786 etiam
587 3723 672 3794 volo,
692 3733 725 3786 ut
746 3722 777 3785 in
801 3723 941 3787 loturum
960 3740 1129 3804 numquam
1147 3725 1184 3788 ud
1203 3723 1334 3787 conclu-

249 3824 373 3886 sionem
396 3833 426 3886 et
451 3822 637 3886 missionem
664 3821 813 3902 aliquam,
842 3821 873 3885 in
900 3839 960 3902 qua
991 3832 1093 3902 polest
1120 3823 1258 3887 subesse
1287 3822 1337 3887 vel

249 3921 391 4002 suspicio
415 3931 534 3985 toruum
558 3921 714 3984 inlerendi
743 3921 971 4001 praejudicium
996 3921 1213 4002 jurisdictioni
1246 3921 1339 3986 sedis

248 4020 451 4100 spostolicae
474 4029 505 4083 ct
529 4019 620 4082 istius
645 4018 880 4097 Uulrcrsitatis‚
910 4021 961 4083 illa
985 4021 1034 4083 vol
1065 4020 1152 4083 illius
1180 4021 1336 4084 ministris

248 4119 452 4192 inconsultis,
484 4119 675 4190 detct'tiatis3
709 4135 779 4182 nam
812 4136 868 4198 uer
898 4130 966 4181 acta
998 4119 1156 4198 geminato
1190 4119 1333 4182 redditur

334 4290 355 4332 r.
1212 4268 1253 4331 ta
