3100 4942
628 495 812 566 ..153-

691 747 743 812 tt.

168 913 287 969 Εωεναίε
308 919 341 968 de
360 913 524 970 incedemia
547 913 725 970 Lovaniensis
748 919 782 969 de
806 915 978 969 Vernuloeus
999 913 1038 986 (2⁸
1056 911 1115 977 ed„
1136 930 1164 985 p.
1190 911 1263 986 tat),

505 1008 608 1060 ammte
624 1015 647 1060 et
665 1009 771 1074 omnip!
786 1021 842 1072 par
862 1005 936 1060 Bou.

211 1161 396 1246 captiuum
422 1163 575 1228 cautuae
607 1119 799 1242 neurius
828 1163 862 1226 ct
890 1163 953 1226 unt
983 1162 1081 1226 rurs.
1112 1159 1261 1228 ceterum

161 1263 271 1344 priori
295 1262 341 1326 itii
364 1262 402 1325 ad
429 1261 537 1326 dirum
562 1260 690 1328 Petrum
716 1261 856 1342 collegio
880 1259 980 1334 atiud,
999 1259 1086 1340 quod
1110 1257 1267 1322 meuuduc

158 1361 217 1426 ¹uei
234 1377 335 1425 noune
354 1361 547 1440 remoturus
566 1360 757 1441 appetimur,
774 1359 934 1441 adjectum
949 1367 1010 1424 est.
1028 1357 1192 1440 Eugenius
1209 1356 1261 1434 iv,

166 1475 320 1524 summus
349 1458 503 1539 pontifex,
530 1457 709 1540 apostolico
736 1457 911 1540 diplomate
940 1455 1026 1539 quod
1053 1455 1147 1522 Senis
1176 1471 1265 1521 anno

160 1577 200 1621 rr.
225 1575 313 1622 ecce.
337 1575 420 1622 rent.
445 1557 572 1623 decimo
594 1557 747 1622 kalendas
770 1557 865 1638 junii,
881 1556 914 1622 id
936 1565 988 1622 est
1005 1555 1046 1620 23
1070 1555 1142 1620 maii
1156 1554 1259 1628 dudd,

168 1657 358 1737 expeditum
382 1665 443 1732 est,
460 1672 533 1720 cum
558 1671 616 1737 pro
637 1655 780 1722 dotanda
799 1654 970 1722 Academia
990 1653 1168 1738 itt-spantia
1183 1652 1262 1742 dux,

169 1754 242 1836 ipsa
259 1754 434 1820 Academia
449 1762 481 1820 et
497 1762 630 1820 senatos
649 1754 852 1837 populusque
869 1752 1080 1820 Louanieusis
1100 1752 1262 1834 supplica·

168 1863 256 1928 rent,
271 1863 432 1920 certarum
446 1854 478 1918 in
495 1854 664 1920 Brabantia
677 1855 903 1936 parochiarum
916 1852 1039 1920 reditus
1051 1861 1081 1920 ci
1093 1851 1262 1933 vectigalia

168 1969 228 2033 pro
244 1953 411 2035 erigendis
432 1953 599 2033 intemplo
620 1952 684 2016 divi
702 1951 786 2018 Petri
810 1962 857 2018 tot
872 1951 1116 2018 canonicatibus
1138 1961 1171 2018 ct
1187 1968 1261 2032 pro·

168 2053 382 2130 sessionibus,
397 2061 476 2133 nuot
491 2051 660 2119 commode
677 2060 822 2134 possent,
840 2051 923 2116 uniri
942 2051 1129 2132 percipipuc
1141 2049 1261 2130 iussin

168 2167 207 2218 ea
232 2167 314 2216 vero
339 2151 426 2232 iege,
454 2159 488 2215 ut
514 2150 733 2232 proiessores,
757 2152 812 2232 qui
839 2150 879 2215 iis
903 2149 1147 2216 canonicatibus
1174 2149 1259 2216 irue-

169 2260 301 2326 rentur,
329 2249 367 2313 ad
394 2263 507 2314 sacros
533 2249 666 2314 ordines
692 2265 757 2315 non
783 2250 1057 2331 astringerentun
1084 2247 1261 2330 gauderent

169 2359 281 2415 autern
304 2348 417 2413 iisdem
440 2363 575 2430 prorsus
587 2349 721 2430 juribus,
738 2348 916 2430 priciiepiir,
936 2348 1115 2422 icombus,
1136 2347 1260 2412 liberto·

157 2449 267 2524 dibus,
291 2447 545 2525 immunitatibus,
563 2448 689 2512 induitis
710 2447 905 2529 quibuslibet,
928 2452 963 2512 iu
984 2447 1125 2512 omnibus
1147 2453 1175 2514 et
1195 2449 1261 2514 aiu·

167 2547 264 2628 pulis,
278 2549 352 2629 puri
365 2547 455 2611 modo
469 2547 584 2629 ubsque
598 2548 767 2628 differentia
783 2565 987 2630 quonamque,
1004 2545 1122 2628 quibus
1137 2544 1259 2628 antiqui

166 2646 337 2722 eanonici;
363 2664 418 2710 nec
443 2663 505 2710 uon
530 2645 656 2710 sidilum
683 2649 716 2710 iu
742 2646 845 2722 odoro,
869 2645 1030 2728 locumque
1055 2652 1084 2710 et
1106 2662 1207 2710 uorem
1229 2646 1263 2710 in

166 2745 302 2828 capituto
314 2745 469 2823 deberent,
487 2747 529 2810 ita
547 2755 580 2810 ut
597 2763 660 2810 non
683 2746 803 2811 diversi
823 2745 1045 2820 canonicatus,
1062 2744 1119 2810 scd
1144 2753 1263 2814 auctus

167 2845 313 2926 priorum
331 2861 485 2910 numerus
500 2853 707 2920 censeretur;
726 2845 852 2928 ipsique
876 2844 949 2909 novi
965 2843 1112 2909 canonici
1135 2843 1259 2908 reditus

168 2957 250 3009 suos
266 2959 305 3009 ex
319 2959 422 3024 aequo
438 2942 521 3008 inter
537 2935 573 3009 se
590 2943 799 3024 partirentur.
1336 2947 1338 2952 ’

209 3042 412 3108 constitutus
431 3041 585 3123 pontificii
608 3042 793 3122 diplomatis
816 3049 971 3108 executor
992 3041 1050 3106 tuit
1069 3039 1262 3106 Guilieimus

168 3141 317 3214 Bontius,
334 3140 581 3206 archidiaconus
604 3142 859 3222 antuerpiensis,
884 3140 977 3208 etad
1001 3139 1065 3206 diri
1090 3139 1173 3205 Petri
1198 3138 1261 3206 Lu·

166 3241 251 3305 venii
281 3239 438 3306 decanus.
470 3239 501 3304 is
531 3239 645 3306 codern
675 3255 773 3314 anno,
801 3257 875 3306 eum
907 3248 1037 3321 urgeret
1066 3237 1262 3303 dordoniae

166 3339 335 3420 syndicus,
351 3337 600 3419 apostoticarum
621 3339 787 3404 literarum
803 3338 991 3404 auctoritate
1008 3353 1111 3404 novos
1125 3336 1258 3402 canoni-

165 3448 268 3512 catus,
299 3435 494 3517 pontidciam
523 3445 656 3502 secutus
681 3437 916 3510 auctoritatem,
940 3436 1052 3511 erexit,
1069 3445 1101 3500 et
1126 3435 1253 3514 eodem,

165 3553 229 3618 pun
257 3534 393 3617 priores,
407 3535 480 3616 jure
502 3536 647 3611 donauit,
671 3535 852 3602 redditibus
877 3544 999 3602 tantum
1020 3533 1178 3600 distinxit.
1205 3534 1254 3604 dd

166 3651 224 3700 eos
239 3642 346 3700 autem
369 3651 442 3700 eum
459 3646 665 3715 praesentare
681 3635 777 3700 viros.
792 3636 928 3702 idoneos
940 3635 1013 3716 iure
1036 3651 1097 3700 suo
1113 3633 1259 3700 urbanus

166 3733 489 3815 magistratusvettet,
502 3731 647 3807 dontius,
656 3734 721 3800 aiio
735 3732 873 3800 consitio
887 3733 1094 3814 motus,quod
1107 3731 1259 3800 executio

164 3831 339 3912 displicere
362 3831 538 3905 videretur,
562 3833 774 3914 apostoticam
796 3831 1030 3898 iustitutionem
1054 3839 1177 3898 mutare
1198 3847 1258 3898 co·

163 3939 267 4004 natur,
293 3929 513 4012 magistratum
536 3930 569 3994 in
591 3929 719 3996 consilii
744 3929 795 3994 sui
818 3939 925 4011 partes
950 3929 1092 4006 adducit,
1116 3947 1189 3996 eum
1212 3946 1253 4001 co

162 4027 370 4094 concordiam
386 4028 556 4110 quamdam
571 4044 657 4095 anno
674 4048 706 4093 u.
720 4047 783 4093 cce.
798 4045 881 4106 xtrv,
895 4029 1022 4096 decimo
1038 4030 1133 4095 tertio
1146 4028 1252 4094 italen-

161 4127 220 4193 dae
236 4126 401 4203 februarii,
418 4127 477 4193 sed
493 4127 726 4195 diversissimis
741 4145 759 4192 a
781 4128 882 4210 prima
905 4128 1137 4195 canonicorum
1161 4125 1258 4192 insti·

167 4226 290 4293 tutione
305 4225 549 4293 conditionibus
564 4224 634 4291 init.
