3112 4942
642 473 808 538 ..39-

170 657 280 722 uersis
306 665 339 722 ot
364 657 502 740 singulis
532 657 732 730 doctoribus,
763 653 925 735 magistris
954 661 987 718 et
1016 651 1196 718 scolaribus
1225 651 1265 718 ad

169 755 352 835 predictum
376 765 524 820 nostrum
548 754 698 836 generale
721 753 862 819 studium
886 751 1124 816 confluentibus
1149 759 1265 832 etstu-

169 854 300 920 dlorum
324 870 421 919 causa
444 855 635 936 degentibus
662 853 693 916 in
721 854 847 926 eodem,
873 850 1102 932 membrisque,
1125 849 1264 916 seruitu-

170 952 262 1017 ribus
284 962 316 1018 et
339 953 588 1018 successoribus
610 951 809 1023 eorumdem,
826 967 865 1015 ex
888 960 974 1014 certa
999 958 1107 1014 nostru
1122 948 1263 1014 sciencia

171 1067 210 1116 ac
223 1049 266 1115 de
283 1060 393 1116 nostru
410 1065 488 1132 puro
504 1060 536 1116 et
551 1066 639 1116 mers
667 1049 858 1115 liberalitate
880 1047 1086 1123 indulsimus,
1102 1046 1263 1122 dedimus,

171 1149 397 1214 concessimus
419 1157 451 1214 ct
475 1149 680 1221 domuimus,
696 1165 734 1212 ac
757 1156 868 1212 tenore
888 1145 1091 1227 presencium
1107 1145 1148 1210 de
1162 1145 1264 1227 gratia

172 1257 286 1312 nostre
302 1248 435 1328 speciali
452 1248 670 1328 indulgemus,
688 1249 813 1323 demus,
829 1245 1040 1312 concedimus
1055 1256 1086 1310 et
1101 1246 1261 1310 donamus

171 1346 354 1428 priuilegia,
379 1347 510 1428 gretias,
537 1347 714 1422 libertates,
740 1346 958 1410 immunitates
983 1352 1016 1410 et
1041 1343 1262 1425 exemptiones

170 1461 229 1526 per
245 1445 374 1510 modum
391 1456 423 1510 et
439 1447 572 1510 lormum
590 1445 725 1510 inlerius
740 1453 923 1509 annotatos.

168 1605 197 1676 ι)
215 1605 273 1659 Les
298 1610 432 1660 membres
457 1615 481 1660 et
508 1611 554 1694 les⁸
571 1613 683 1674 suppots
709 1611 742 1660 dc
761 1602 937 1659 l'Unlucrsitd
953 1612 1068 1670 peccent
1086 1608 1165 1657 matr
1184 1595 1262 1656 libro·

206 1706 282 1750 ment
300 1703 319 1750 d
339 1697 466 1750 Louooin
485 1705 510 1751 cl
529 1715 563 1752 en
587 1703 709 1764 reporllr
727 1714 791 1752 auec
812 1701 888 1750 leurs
908 1696 1040 1766 familias,
1063 1697 1137 1748 leurs
1158 1690 1259 1748 bordes

207 1799 234 1842 et
253 1793 378 1856 bogoges

213 1921 247 1984 ln
276 1921 388 2000 primis
415 1919 573 2001 siquidem
599 1918 630 1982 in
657 1918 708 1984 dei
736 1919 865 1984 numine
891 1917 1040 1984 omnibus
1066 1925 1098 1982 ct
1123 1914 1260 1997 singulis

168 2019 371 2094 doctoribus,
397 2020 559 2102 rungistris
581 2026 612 2083 et
634 2019 816 2084 scolaribus
838 2034 936 2084 causa
958 2016 1055 2097 studij
1078 2015 1117 2079 ud
1139 2015 1260 2082 dictum

170 2129 319 2185 nostrum
341 2119 472 2199 opidum
496 2119 651 2183 accedere
665 2117 849 2182 volentibus
871 2133 1071 2182 cumeorum
1089 2114 1205 2178 lumilia
1220 2130 1259 2180 uc

169 2217 273 2292 libris,
302 2218 401 2282 rebus
427 2227 458 2282 et
482 2217 576 2282 bonis
603 2217 673 2282 suis
697 2216 965 2298 quibuscumque,
994 2217 1069 2278 durn
1100 2213 1257 2286 venerint,

168 2333 291 2381 moram
319 2316 475 2382 traxerint
501 2317 551 2382 vel
579 2315 773 2382 recesserint
799 2315 838 2379 ab
866 2315 981 2380 eodem
1011 2331 1069 2395 pro
1100 2321 1257 2393 tempore,

167 2432 372 2498 quecumque
394 2431 454 2480 sua
477 2432 543 2489 res,
561 2415 662 2480 libros
684 2425 716 2479 et
737 2415 821 2480 bone
845 2430 954 2478 secum
971 2411 1159 2495 apportandi
1176 2419 1207 2476 et
1221 2427 1259 2476 ea

169 2530 228 2595 pro
243 2531 305 2580 suc
322 2514 412 2580 libito
425 2513 598 2580 voluntatis
610 2513 800 2594 deportandi
814 2513 886 2578 siue
899 2511 1056 2577 vendendi
1072 2527 1128 2591 per
1140 2509 1259 2591 patrius

170 2623 201 2678 et
224 2612 394 2678 districtus
425 2625 567 2686 nostros,
596 2621 659 2675 tam
691 2629 748 2692 per
774 2622 893 2677 terram
922 2628 1017 2692 quem
1048 2627 1104 2692 per
1133 2624 1258 2691 squam,

170 2731 320 2780 securum
343 2725 375 2779 et
398 2714 529 2779 liberum
552 2713 761 2778 concedimus
784 2713 964 2777 lucullutem
991 2727 1029 2776 ec
1055 2710 1203 2776 llducium
1228 2718 1261 2775 et

171 2812 340 2878 licenciam
357 2813 526 2892 speciales,
544 2813 642 2878 nullis
658 2811 845 2892 represulijs
862 2827 899 2876 nc
914 2809 985 2891 alijs
1001 2810 1110 2874 causis
1124 2809 1257 2874 obsten-

173 2911 261 2978 tibus
290 2912 565 2992 quibuscumquc,
597 2910 755 2984 bannitis,
789 2908 979 2990 proscriptis
1007 2918 1039 2972 ct
1068 2907 1210 2988 fugitiuis
1240 2923 1256 2970 n

172 3011 297 3075 uostris
314 3010 481 3074 Brubentie
496 3011 613 3074 ducatu
637 3019 668 3072 rt
690 3009 787 3091 opido
810 3007 989 3072 lousnicnsi
1015 3005 1192 3087 prelibatis,
1207 3013 1262 3070 out

170 3108 224 3190 qui
238 3108 309 3171 suis
323 3107 523 3188 exigentibus
538 3107 704 3172 demeritis
720 3117 751 3171 ct
767 3103 929 3170 lorelactis
945 3105 978 3168 in
993 3104 1185 3185 corporibus
1202 3119 1259 3168 seu

172 3205 328 3272 membris
342 3205 459 3287 corrigi
478 3217 674 3280 meruerunt,
693 3221 821 3287 semper
835 3204 989 3270 exclusis.

237 3378 266 3452 b)
284 3379 328 3434 Lo
340 3385 507 3446 jamdiction
525 3384 688 3434 souverainc
706 3396 758 3433 sur
777 3384 815 3433 les
834 3382 967 3432 membres
985 3386 1011 3431 ol
1030 3383 1067 3432 les
1085 3383 1196 3443 suppose

210 3476 245 3524 de
263 3469 441 3525 l’Unicersr'td
459 3479 499 3524 est
517 3475 616 3524 remise
634 3487 692 3536 pur·
713 3475 738 3524 lc
759 3475 814 3524 duc
836 3487 896 3523 ouo
917 3475 1011 3522 moins
1033 3473 1072 3521 du
1092 3467 1222 3524 Recteur.

213 3609 254 3673 lit
275 3609 410 3690 insuper
425 3610 573 3676 volumus
594 3619 625 3674 et
646 3609 833 3675 ordinamus
849 3609 932 3690 quod
949 3608 1089 3674 omnium
1106 3617 1138 3672 et
1153 3607 1264 3688 singu·

170 3707 274 3772 larum
291 3723 461 3773 causarum
477 3717 508 3774 et
528 3709 735 3790 negociorum
756 3709 898 3790 cognitio
921 3717 1015 3789 etque
1037 3707 1160 3772 decisio
1182 3706 1260 3772 doc-

172 3801 1259 3888 torum,mugisn·orum,scolurium,membrurumutqucserublorum

170 3907 373 3980 corumdem,
386 3906 663 3971 siueclericisiue
677 3906 891 3980 laiciiuerlnt,
906 3917 937 3971 et
952 3906 1052 3970 eciam
1068 3906 1108 3970 dc
1125 3904 1259 3985 quibus-

171 4021 310 4084 cumque
335 4004 526 4070 criminibus
554 4014 586 4070 et
611 4005 800 4070 excessibus
830 4005 991 4069 correctio
1017 4013 1049 4068 et
1075 4003 1199 4084 punitio
1223 4017 1261 4075 oc

169 4103 356 4176 omnimodo
379 4120 478 4184 super
501 4104 566 4169 illis
586 4103 769 4184 jurisdictio
793 4103 831 4167 ud
853 4103 1021 4184 Rectorem
1041 4101 1262 4168 Vniuersitatis

169 4200 268 4282 studij
297 4201 481 4267 huiusmodi
510 4219 568 4283 pro
596 4213 740 4284 tempore
765 4201 967 4278 existentem,
991 4209 1022 4265 et
1050 4216 1113 4265 non
1136 4199 1174 4263 ud
1201 4215 1260 4264 nos
