3194 4940
677 357 862 420 -uflt-

220 535 306 599 alias
321 535 367 600 rel
391 536 485 602 aliter
503 538 745 619 quomodolibet
763 540 980 614 conterendo,
998 541 1218 628 procidendo,
1237 558 1311 624 pre-

220 629 399 712 sentando,
418 634 581 718 eligendo,
605 627 802 703 instituendo
821 639 868 704 rel
892 639 1113 717 inuestiendo,
1137 635 1317 722 disponere

222 743 471 813 presumentes
483 733 697 801 decernentes
710 753 746 802 cx
764 755 849 802 nunc
865 737 990 803 irritum
1006 748 1038 804 et
1053 739 1159 813 inune,
1171 739 1198 804 si
1215 745 1313 828 secus

222 827 326 918 super
346 833 397 897 bis
419 849 435 896 a
459 849 618 916 quoquam
641 837 757 916 quadis
779 837 979 914 auctoritate,
997 837 1139 903 scienter
1155 837 1203 902 uel
1220 823 1318 922 igno-j

222 940 346 1005 canter,
364 933 534 1014 contigerit
549 935 741 1016 attemptari.
1099 922 1111 934 ’Ν
1301 919 1304 932 ’

230 1141 237 1150 ·
345 1115 529 1170 Nominotion
549 1121 583 1171 de
600 1119 727 1184 Μᾶρκός
743 1136 819 1186 pour
838 1117 998 1174 raasson
1018 1123 1052 1173 de
1071 1124 1099 1173 lo
1117 1123 1198 1174 bullo.
1266 1107 1270 1112 ’
1299 1106 1318 1166 ‘l

268 1284 464 1368 missaper
491 1297 524 1352 nt
550 1288 610 1354 beo
633 1301 743 1356 nostre
769 1290 993 1356 concessionis
1015 1300 1048 1355 ct
1075 1289 1189 1356 indulti
1211 1289 1313 1371 pratia

220 1385 397 1452 certiorem
428 1387 582 1452 sortiatur
611 1388 777 1466 ellectum,
806 1389 932 1454 dilectis
963 1387 1040 1454 liliis
1064 1387 1097 1452 S.
1125 1388 1312 1464 Gortrudis,

225 1484 322 1558 intra,
336 1493 365 1550 et
382 1483 562 1559 Parcensis,
576 1497 664 1552 extra
681 1504 793 1552 muros
808 1487 1027 1553 louaniensos
1043 1488 1313 1554 monasteriorum

222 1583 408 1655 abbatibus,
424 1599 463 1648 ac
484 1584 608 1650 decano
630 1587 769 1652 ecclesie
791 1586 824 1650 S.
841 1586 965 1652 Guduie
983 1585 1212 1663 Bruxeliensis,
1229 1585 1315 1654 dicte

229 1682 418 1758 beodiensis
431 1695 462 1748 et
474 1683 716 1748 Cameracensis
728 1685 919 1759 diocesium,
935 1703 991 1766 per
1002 1685 1178 1765 apostolica
1193 1686 1314 1767 scripta

227 1781 429 1850 mandamus,
445 1792 606 1863 quatenus
629 1783 689 1865 ipsi
714 1785 763 1850 rei
786 1785 862 1863 duo,
879 1795 933 1849 aut
950 1801 1033 1849 unus
1055 1800 1179 1858 eorum,
1198 1801 1256 1864 per
1273 1799 1314 1851 se

225 1881 276 1944 nel
307 1881 416 1953 alium,
444 1897 502 1946 seu
531 1882 625 1956 alins,
653 1883 681 1947 si
708 1894 739 1948 et
770 1892 937 1963 postquam
967 1884 1008 1947 de
1038 1885 1257 1949 nominatione
1283 1891 1316 1949 et

225 1979 450 2059 acceptatione
465 1981 649 2046 huiusmodi
666 1994 752 2046 certa
771 1983 852 2046 tides
867 1983 916 2046 eis
933 1982 1012 2046 lacta
1029 1982 1136 2051 luerit,
1149 1998 1187 2044 ac
1203 1982 1315 2061 prelati

230 2078 381 2157 capitula,
410 2091 604 2154 conuentus,
630 2081 773 2161 collegia
810 2092 842 2144 et
875 2097 1014 2160 persone
1051 2083 1183 2160 pretate,
1215 2081 1318 2144 literis

227 2177 351 2242 nostris
380 2178 564 2242 huiusmodi
596 2195 709 2258 ponere
741 2180 976 2252 recusauerim,
1004 2189 1058 2243 aut
1089 2195 1147 2258 per
1175 2179 1316 2244 triduum

226 2277 429 2356 neglexerint
457 2277 504 2340 vei
536 2277 732 2352 distulerint,
761 2278 916 2342 beneficia
943 2288 974 2342 et
998 2277 1103 2342 otiicia
1131 2275 1315 2342 huiusmodi

227 2391 289 2456 per·
315 2376 496 2440 nominatos
523 2378 570 2440 vel
604 2387 831 2456 procuratores
860 2377 1041 2452 predictos,
1073 2387 1107 2440 ut
1137 2377 1315 2456 prefertur,

227 2487 406 2556 acceptata,
423 2475 471 2540 eis
489 2485 561 2556 post
582 2477 835 2556 acceptationem
861 2475 1045 2541 huiusmodi
1069 2491 1141 2538 curo
1165 2473 1318 2539 omnibus

231 2573 357 2638 iuribus
372 2585 403 2638 et
419 2574 623 2654 pertinentiis
647 2576 716 2639 suis
739 2575 931 2641 auctoritate
955 2575 1074 2654 prelata
1097 2573 1266 2638 conterant
1287 2583 1320 2638 et

226 2675 409 2754 assignent,
433 2673 623 2740 inducentes
646 2675 832 2754 persensi
856 2675 964 2750 alium,
989 2689 1045 2737 seu
1069 2673 1163 2745 alios,
1187 2672 1319 2736 eosdem

231 2772 427 2847 nominatos,
447 2774 496 2837 vel
520 2785 748 2852 procuratores
771 2791 849 2838 suos
870 2773 1054 2837 nominibus
1070 2772 1270 2846 eorumdem,
1288 2771 1320 2833 ic

226 2872 434 2953 corporalem
449 2873 690 2951 possessionen
703 2871 980 2948 beneficiorum,et
992 2869 1322 2942 officiorumiurium·

229 2989 296 3052 oue
311 2981 342 3035 et
358 2971 621 3051 pertinentiarum
639 2971 869 3051 predictorum,
882 2980 914 3036 et
929 2969 1140 3035 defendentes
1157 2968 1319 3042 inductos,

228 3087 270 3136 ao
292 3071 446 3136 iacientes
470 3069 665 3144 nominatos,
683 3071 733 3134 vel
757 3077 987 3150 procuratores
1011 3067 1152 3148 prelatos
1175 3083 1234 3148 pro
1256 3065 1319 3132 eis·

230 3171 317 3243 deni,
332 3170 370 3233 ad
388 3169 543 3234 beneiicia
558 3179 591 3234 et
606 3166 710 3232 oibcia
727 3167 925 3244 huiusmodi,
943 3177 976 3231 ut
991 3177 1041 3232 est
1058 3165 1169 3239 moris,
1183 3164 1319 3239 admitti,

230 3267 360 3348 sibique
382 3273 423 3332 dc
446 3267 573 3334 illorum
598 3266 768 3342 fructibus,
793 3267 984 3343 redditibus,
1003 3266 1226 3346 prouentibus,
1244 3263 1322 3328 iuri·

230 3367 294 3431 bns
309 3376 340 3432 et
356 3365 606 3432 obuentionibus
627 3365 790 3430 uniuersis
813 3367 937 3447 integre
959 3362 1169 3444 responderi;
1192 3355 1322 3426 contra·

231 3467 377 3532 dictores
398 3481 640 3546 percensuram
660 3465 914 3530 ecelesiasticam
934 3472 967 3528 et
986 3461 1048 3526 alis
1068 3462 1147 3526 iuris
1163 3458 1321 3528 remedia.

232 3565 346 3631 eedem
368 3566 546 3646 apostolica
568 3567 772 3637 auctoritate,
788 3563 1003 3644 appellatione
1026 3561 1215 3641 postposita,
1232 3571 1321 3623 com·

231 3663 409 3744 poscendo.

230 3849 407 3916 emendation
427 3851 474 3900 der
491 3850 598 3900 cheres
617 3852 651 3900 de
669 3851 742 3901 droit
760 3861 890 3900 commun
909 3849 1062 3898 contraires
1080 3847 1099 3894 d
1120 3846 1148 3896 lo
1167 3844 1322 3908 mencines

678 3941 718 3991 du
736 3939 876 4002 melleae.

234 4123 237 4130 ¹
277 4105 345 4170 Non
363 4105 567 4171 obstantibus
589 4103 875 4170 constitutionibus
897 4113 929 4168 el
944 4101 1203 4168 ordinationibus
1226 4067 1323 4182 apos?

232 4203 342 4269 tolicis
357 4221 394 4269 ao
409 4203 578 4270 concessis
595 4219 651 4284 per
666 4201 743 4277 iios,
761 4213 793 4268 et
808 4219 888 4284 quas
909 4219 967 4284 per
982 4201 1093 4268 sedem
1109 4199 1322 4282 apostolicam
