3240 4946
779 476 818 487 -
841 440 963 504 ⁴92-

327 621 544 689 uniuersitatis
557 621 616 686 sub
631 619 765 701 pristino
778 619 951 700 etantiqua
964 625 1047 682 statu
1062 617 1410 700 recipiendisallarium

327 720 554 786 officiariorum
581 719 670 789 curie
696 718 852 793 eiusdem,
877 717 914 781 ad
940 716 1143 782 releuandam
1168 716 1409 782 uniuersitatem

327 820 367 884 ab
382 836 482 885 onere
496 819 642 885 soluendi
658 834 763 882 annue
778 817 934 882 ducentos
951 825 1060 897 petros
1076 831 1263 882 communes
1279 815 1410 880 domino

328 919 549 1000 conseruatori
566 918 681 983 eteius
697 916 868 997 assessorj.

606 1060 675 1114 Acta
693 1060 893 1122 Uniocrattatts,
909 1058 943 1123 V,
959 1059 1008 1114 tol.
1024 1055 1126 1127 cxxxiij
1142 1065 1168 1112 r⁰
1182 1061 1209 1113 et
1222 1063 1259 1112 νῦ.

370 1232 409 1296 23
424 1231 580 1296 decembre
597 1231 687 1295 taut.
706 1230 855 1296 Rectorat
872 1229 911 1296 de
926 1230 1062 1312 lacques
1078 1230 1224 1311 Bogaurt.

372 1413 426 1478 [lie
447 1413 522 1477 lune
544 1412 616 1494 xxiij
641 1413 761 1478 mensis
783 1401 965 1478 decembris
986 1409 1107 1491 jndicta
1129 1409 1187 1474 luit
1202 1407 1411 1490 congregatio

327 1512 545 1581 uniuersitatis
568 1513 651 1593 apud
674 1513 928 1594 augustinenses
947 1511 1034 1591 inter
1059 1525 1173 1575 ironam
1200 1517 1231 1573 et
1253 1507 1411 1573 decimam

328 1613 426 1678 horas
442 1621 514 1677 ante
531 1611 695 1676 meridiem
713 1627 811 1691 super
827 1609 888 1691 hijs
906 1608 1062 1674 articulis.

371 1808 490 1873 Deinde
518 1810 659 1872 narrauit
684 1809 834 1873 dominus
861 1813 966 1872 rer-tor
990 1805 1126 1888 qualiter
1147 1823 1185 1870 ex
1207 1803 1412 1869 ordinatione

328 1908 531 1973 dominorum
559 1908 781 1986 deputatorum
812 1907 1031 1972 uniuersitatis
1061 1913 1191 1986 propter
1220 1905 1328 1969 onera'
1348 1921 1412 1984 que

329 2007 522 2072 uniuersitas
547 2005 655 2070 lrabnit
678 2017 708 2070 et
731 2006 824 2070 lrabet
847 2023 884 2070 er
908 2003 1146 2069 conseruatoria
1164 2004 1285 2067 ratione
1302 2003 1409 2066 nouis·

331 2107 411 2169 sime
434 2105 648 2170 restitutionis
672 2107 709 2170 ad
734 2122 824 2170 usum
849 2105 1006 2178 eiusdem,
1026 2120 1082 2183 per
1103 2119 1196 2184 uuam
1220 2101 1415 2165 uniuersitas

330 2212 481 2286 grauatur
496 2203 533 2266 ad
551 2205 743 2268 soluendum
768 2221 873 2268 arrnue
895 2203 1026 2268 domino
1048 2201 1268 2280 conseruatori
1291 2210 1322 2265 et
1344 2199 1416 2264 eius

331 2304 489 2384 assessorJ¹
519 2304 677 2370 ducentos
701 2314 821 2385 petros,
846 2304 935 2368 missi
959 2303 1086 2368 luerunt
1109 2303 1147 2366 ad
1170 2300 1416 2367 Reuerendissi-

332 2420 416 2468 mum
440 2403 604 2467 dominum
629 2403 823 2483 Episcopum
848 2402 1100 2466 attrebatensem
1126 2399 1278 2480 magister
1304 2409 1417 2463 noster

332 2503 491 2566 Adrianus
517 2501 667 2582 Florentii
685 2503 723 2566 de
738 2501 885 2566 Treiecto
901 2501 1044 2565 decanus
1060 2499 1198 2564 ecclesie
1214 2497 1313 2578 sancti
1332 2498 1415 2562 Petri

333 2599 543 2665 Louauiensis
560 2606 590 2664 et
606 2599 758 2681 magister
773 2599 923 2663 Nicotaus
944 2597 1095 2678 llnerardj
1120 2597 1160 2662 de
1181 2595 1414 2678 lliddelburgo‚

334 2699 372 2762 ad
401 2697 638 2762 sollicitandum
662 2708 694 2761 rt
718 2698 867 2778 princeps
889 2697 1075 2778 dignaretur
1097 2696 1266 2760 restituere
1289 2695 1418 2784 urriuer-

338 2796 464 2860 sitatem
487 2796 524 2859 ad
549 2813 639 2860 usum
657 2796 897 2861 conseruatorie
913 2795 973 2860 sub
990 2793 1126 2874 pristino
1142 2803 1225 2859 statu
1243 2792 1418 2872 recipiendi

338 2893 500 2962 saliarium
517 2893 745 2958 officiariorum
761 2895 849 2958 curie
868 2893 989 2958 domini
1012 2893 1252 2958 conseruatoris
1274 2891 1312 2954 ad
1335 2891 1419 2956 rele-

338 2992 473 3057 uandam
490 2993 728 3058 uniuersitatem
745 2993 784 3056 de
801 2993 895 3057 dictis
911 2993 1059 3057 ducentis
1073 2991 1190 3071 petris;
1204 2991 1255 3072 quj
1271 2989 1417 3054 maximis

336 3109 447 3156 eorum
471 3091 645 3173 diligentiis
668 3101 699 3156 et
721 3091 1002 3158 sollicitationibus
1025 3089 1272 3171 precedentibus
1289 3089 1416 3153 tandem

323 3189 442 3254 'medio
457 3191 606 3255 antedicti
623 3191 743 3256 domini
759 3191 907 3271 Episcopi
919 3201 955 3256 et
977 3191 1070 3255 etiam
1094 3189 1246 3270 prepositi
1269 3187 1417 3252 attreba-

337 3290 438 3353 tensis
456 3289 694 3354 ostendentium
711 3307 783 3356 sese
800 3290 942 3353 lautores
958 3298 988 3353 et
1005 3289 1125 3352 amicos
1141 3285 1418 3368 singularissimos

328 3389 565 3464 uniuersitatis,
593 3405 610 3452 a
641 3389 783 3470 principe
810 3387 845 3469 jn
874 3389 971 3469 opido
1000 3386 1237 3467 Antwerpiensi
1263 3385 1419 3450 existente

337 3488 545 3553 obtinuerunt
567 3488 805 3553 uniuersitatem
830 3487 953 3568 restituj
978 3505 1035 3568 pro
1057 3485 1252 3552 releuamine
1274 3485 1418 3550 eiusdem

337 3605 354 3650 a
383 3587 478 3651 dictis
508 3587 654 3651 ducentis
685 3588 795 3666 petris,
823 3591 861 3650 ad
893 3587 1061 3667 pristinum
1091 3594 1208 3649 statum
1239 3601 1296 3648 seu
1325 3599 1418 3647 usum

337 3685 511 3765 recipiendi
536 3686 697 3749 sallarium
726 3687 952 3750 officiariornm
980 3695 1170 3749 consuetum
1196 3691 1291 3764 prout
1317 3683 1419 3746 tuerat

335 3793 409 3848 ante
439 3785 676 3848 reuocationem
707 3786 951 3850 conseruatorie
980 3781 1210 3856 uniuersitatis,
1239 3791 1271 3846 et
1296 3781 1419 3844 litteras

337 3892 482 3961 patentes
508 3881 542 3961 J’n
574 3883 674 3946 torma
704 3885 764 3948 sub
800 3884 907 3962 sigillo
947 3882 1101 3963 principis
1138 3877 1293 3960 expediri,
1327 3888 1422 3958 prout

338 3979 518 4044 antedictus
541 3981 690 4045 dominus
713 3984 854 4046 decanus
874 3983 993 4062 jbidem
1016 3981 1053 4044 ad
1080 3980 1208 4060 longum
1232 3977 1373 4040 narrauit
1390 3986 1422 4040 et

340 4078 499 4154 recitauit,
516 4081 654 4144 dicendo
678 4089 708 4146 et
730 4081 922 4146 declarando
945 4097 983 4144 ex
1005 4079 1114 4143 causis
1139 4095 1195 4157 per
1215 4069 1421 4157 e'umjbidem

341 4175 485 4260 allegatis
510 4179 595 4262 quod
624 4179 699 4244 licet
725 4179 759 4262 jn
789 4179 883 4246 dictis
913 4177 1014 4244 literis
1045 4177 1194 4259 princeps
1223 4174 1420 4241 commiserit
