3236 4944
793 381 978 448 -386-
1078 422 1080 426 .

337 562 1425 649 quouisquesitocoloreomnibusdoloetfraudeaeclusisalicujffl

336 681 394 748 pro
410 663 517 729 cilicio
533 663 720 745 optinendo,
740 680 799 729 uec
814 681 830 728 a
847 663 1027 729 scolaribus
1045 677 1176 727 inunera
1193 661 1350 743 recipient
1366 677 1426 728 nec

336 772 526 845 receperunt
547 763 578 826 in
602 761 746 828 fauorem
771 763 992 843 promocionis
1015 762 1171 844 ipsorum,
1188 761 1282 826 cuius
1299 766 1426 826 contra*

337 862 420 928 rium
437 861 464 927 si
481 861 640 928 exstiterit
655 863 720 928 sint
738 862 852 944 priuati
868 863 940 943 ipso
957 863 1041 927 facto
1057 879 1075 924 a
1092 860 1254 926 facultate.

384 985 396 1022 n
415 961 490 1027 item
505 961 658 1043 jurabunt
674 957 759 1043 quod
777 961 815 1025 ad
833 961 995 1026 vitandum
1016 961 1139 1026 abusus
1162 960 1330 1042 hucusque
1345 977 1423 1026 con·

338 1069 448 1126 suetos
481 1077 542 1125 non
580 1061 804 1127 deliberabunt
840 1060 1034 1138 cancellario
1070 1059 1201 1128 cedulas
1239 1077 1295 1124 seu
1333 1059 1424 1142 signa

339 1159 556 1240 promotionis
573 1159 746 1224 scolarium
761 1159 790 1222 in
809 1159 932 1239 priuato
946 1159 1001 1226 sed
1019 1176 1092 1232 cum
1109 1157 1232 1224 eisdem
1247 1159 1277 1222 in
1292 1175 1424 1240 presen-

336 1259 384 1324 cia
408 1259 590 1325 cancellarii
615 1259 686 1340 ipso
710 1259 893 1332 inducente,
919 1276 1029 1324 eornm
1054 1269 1125 1324 vota
1149 1258 1324 1339 colligente
1340 1267 1371 1324 ct
1386 1276 1424 1324 ex

336 1355 384 1423 eis
407 1357 633 1430 concludente,
659 1357 752 1422 simul
778 1358 1010 1439 comparebunt
1034 1368 1066 1424 ct
1093 1357 1258 1433 locabunt;
1284 1358 1368 1440 quod
1397 1358 1425 1423 si

336 1456 550 1522 cancellarius
580 1465 749 1536 acceptare
776 1457 941 1522 rennuerit
974 1474 1033 1542 nec
1063 1457 1170 1522 lacere
1200 1456 1280 1522 velit
1309 1456 1426 1522 faciant

338 1556 573 1622 examinatores
603 1555 792 1621 cancellat-ii
816 1573 909 1620 vitam
940 1557 1086 1621 cedulam
1117 1573 1176 1622 sue
1204 1555 1424 1621 ordinacionis

337 1673 540 1722 communem
571 1671 664 1738 quam
694 1655 887 1720 cancellario
918 1649 1090 1721 exiribeant
1119 1656 1212 1720 cuius
1242 1655 1334 1736 eopia
1367 1670 1424 1736 pro

338 1745 700 1820 facultate'reseruetun
718 1754 754 1819 Et
769 1755 831 1820 ltoc
847 1754 928 1818 infra
946 1755 1085 1820 triduum
1103 1765 1177 1836 post
1194 1755 1288 1820 finem
1305 1754 1423 1820 exami-

339 1853 389 1918 nis
406 1853 466 1919 sub
484 1871 562 1936 pena
580 1853 777 1936 priuacionis
793 1853 992 1935 expediatur.

380 2003 652 2068 »examinatores
675 2020 692 2066 a
715 2003 909 2068 cancellario
932 2002 1026 2067 electi
1052 2011 1127 2068 ante
1153 2001 1347 2066 exercicium
1371 2001 1422 2066 sui

339 2100 434 2166 officii
448 2100 601 2182 jurabunt
617 2118 751 2167 seruate
774 2101 893 2182 prelata
913 2100 1106 2182 juramenta,
1125 2101 1210 2182 quod
1234 2102 1261 2165 si
1287 2117 1424 2166 rennue-

341 2199 405 2265 rint
420 2211 580 2281 tamnuam
599 2201 821 2266 inobedientes
838 2200 902 2265 sint
919 2201 989 2280 ipso
1007 2202 1118 2264 tactoa
1134 2199 1282 2264 facultate
1296 2201 1422 2280 priuati,

342 2315 401 2364 nec
425 2315 562 2380 unquam
584 2300 621 2362 ad
639 2299 782 2364 eamdem
801 2300 894 2365 unico
918 2300 1113 2364 reclamante
1136 2307 1287 2380 poterunt
1310 2313 1424 2364 recan-

338 2397 439 2462 siliari
457 2406 488 2462 et
505 2397 715 2478 incorporari.

381 2528 448 2593 »Et
472 2529 661 2610 placuerunt
685 2529 823 2593 facultati
848 2531 989 2609 predicta
1009 2529 1188 2610 juramenta
1210 2538 1241 2594 et
1264 2527 1423 2594 conclusit

337 2644 395 2707 pro
419 2629 466 2693 eis
490 2627 590 2708 prima
607 2627 675 2692 viee
698 2627 735 2692 ad
759 2629 1007 2692 statuendum.»
1032 2627 1110 2692 dcta
1132 2627 1291 2693 facultatis
1307 2628 1421 2692 artium

336 2727 372 2789 tt
392 2726 494 2790 martii
512 2724 601 2800 1436,
620 2726 684 2791 νοΙ.
704 2725 728 2802 f,
747 2726 802 2789 fol.
823 2726 880 2789 155
896 2727 1005 2790 raldo
1023 2739 1062 2790 t⁰.

380 2898 392 2936 x
412 2875 567 2940 Vicesima
583 2874 725 2940 secunda
742 2875 793 2939 die
809 2873 953 2940 eiusdem
972 2873 1093 2939 mensis
1115 2875 1194 2940 lacta
1211 2875 1268 2940 fuit
1283 2891 1419 2956 congre·

334 2973 425 3054 gacio
450 2990 507 3053 per
519 2972 734 3054 juramentum
755 2974 792 3037 ad
810 2973 1069 3039 concludendum
1089 2976 1230 3039 secunda
1243 2973 1423 3055 vicesuper

331 3072 522 3154 juramentis
550 3071 714 3152 predictis.
746 3073 849 3153 Super
875 3091 940 3155 quo
971 3073 1089 3154 placuit
1116 3073 1253 3139 facultati
1281 3074 1423 3138 secunda

333 3172 404 3236 vice
427 3171 621 3236 concludere
645 3188 703 3252 pro
726 3173 827 3237 cisat
851 3171 899 3237 sic
922 3173 1083 3237 conclusit
1106 3161 1144 3236 ad
1169 3173 1421 3238 statuendumn

330 3272 409 3335 dcta
427 3271 585 3336 facultatis
601 3269 716 3335 artium
732 3271 771 3333 fa
789 3272 891 3336 martii
912 3270 1003 3347 1436,
1022 3271 1086 3336 tol.
1106 3272 1130 3349 l,
1148 3272 1202 3336 fol.
1222 3271 1281 3336 too
1296 3281 1339 3336 ν’.

378 3417 561 3483 uVicesima
575 3417 672 3483 tercia
690 3418 741 3484 die
754 3419 897 3484 eiusdem
912 3419 1033 3484 mensis
1048 3420 1126 3484 facta
1141 3419 1198 3484 fuit
1211 3419 1424 3502 congregacio

332 3515 490 3581 lacttltatis
503 3517 540 3580 ad
555 3517 811 3582 concludendum
822 3517 922 3583 turcio
935 3535 1033 3598 super
1044 3517 1197 3600 predictis
1207 3517 1399 3600 juramentis
1411 3525 1423 3594 ;’

332 3625 364 3679 et
387 3615 548 3680 conclusit
571 3617 704 3681 facultas
724 3617 864 3699 desuper
887 3617 985 3682 tercia
1009 3617 1076 3682 vice
1092 3617 1128 3680 ad
1155 3617 1372 3693 statuendum,
1390 3626 1423 3682 et

331 3713 454 3794 redegit
477 3714 588 3779 eadem
620 3715 650 3777 in
674 3715 738 3778 vim
763 3725 1000 3780 statutorum.»
1025 3718 1101 3782 dcta
1126 3716 1285 3781 facultatis
1308 3716 1424 3781 artium

329 3813 369 3878 23
387 3815 490 3879 martii
508 3816 598 3891 1436,
615 3817 680 3882 rol.
700 3816 722 3890 l,
742 3816 795 3881 fol.
816 3815 875 3878 fdd
891 3827 933 3879 νο.
1248 3819 1250 3826 “

371 3946 557 4012 »vicesima
574 3955 685 4030 quarta
709 3947 853 4012 eiusdem
872 3948 993 4013 mensis
1015 3927 1102 4013 circa
1120 3957 1245 4013 noctem
1270 3962 1420 4014 accesse-

359 4144 395 4219 μ)
417 4145 458 4200 On
473 4145 546 4200 aruit
559 4145 669 4200 d'abord
683 4145 751 4201 derit
763 4151 940 4202 cancellario.
