3260 4944
714 453 836 518 -3eb
868 486 910 501 -

261 637 369 705 benaa
384 635 499 700 babeat
521 649 580 700 sex
593 633 749 711 staturos,
765 641 797 700 et
811 633 945 716 quilibet
961 633 1182 702 ministrorum
1199 636 1355 720 eiustnes

225 730 235 736 ”
264 735 422 808 sturmus,
438 743 471 798 et
494 749 551 814 pro
575 732 829 798 incarceratione
852 733 968 798 babeat
990 741 1129 815 quatuor
1151 736 1303 812 elmerus,
1321 748 1356 802 at
1473 757 1477 762 ·

261 850 327 916 ,pro
342 832 430 897 duali
446 832 642 898 relaxatione
658 831 866 898 tantumdem.

309 973 362 1037 ll.
386 972 556 1038 Promotor
577 970 686 1036 statim
710 981 879 1053 postquam
894 971 1032 1054 aliquem
1055 971 1280 1054 apprehendit,
1297 986 1353 1040 aut

263 1072 382 1137 saltem
395 1075 494 1136 altera
509 1069 609 1146 die‚id
622 1069 754 1135 domino
767 1069 895 1136 {lectori
908 1071 1214 1154 significetipsique
1227 1073 1354 1155 captivo

267 1172 350 1235 intra
367 1170 507 1236 triduum
531 1170 701 1251 petitiones
717 1185 774 1234 seu
791 1169 947 1234 articulos
962 1169 1047 1248 edat,
1064 1179 1118 1235 aut
1142 1171 1170 1235 si
1189 1189 1251 1236 uon
1268 1172 1354 1250 edel,

262 1269 413 1352 captivus
434 1269 472 1332 ad
492 1285 576 1333 onus
598 1280 631 1334 et
645 1283 805 1349 expensas
829 1269 989 1348 praetoris
1007 1269 1039 1332 in
1056 1285 1189 1335 carcere
1206 1270 1353 1336 inclusus

264 1367 363 1434 etiam
380 1367 436 1432 illo
453 1365 560 1431 triduo
577 1373 714 1443 maneat,
732 1366 835 1432 donec
852 1367 981 1432 realiter
997 1367 1185 1449 petitionem
1205 1369 1355 1434 ediderit.

312 1507 360 1572 te.
386 1507 452 1572 Sub
475 1523 575 1587 poena
597 1505 726 1588 periurii
749 1515 781 1571 et
794 1507 1023 1572 concussionis
1048 1524 1107 1572 nec
1133 1525 1195 1572 non
1220 1508 1356 1590 ignomi-

262 1607 382 1671 niosae
396 1605 616 1671 destitutionis
635 1621 653 1668 a
669 1605 804 1686 captivis
820 1605 861 1678 vi,
879 1605 1052 1671 tormentis
1075 1616 1129 1670 aut
1144 1607 1360 1690 denegatione

270 1704 347 1782 cibi,
365 1703 495 1769 minima
517 1707 704 1783 extorqueat
723 1703 860 1784 aliquam
877 1703 1130 1779 corriessioueur‚
1148 1715 1201 1800 aut
1223 1705 1357 1771 cosdem

268 1805 414 1884 captivos
429 1811 522 1883 cogat
541 1802 579 1866 ad
596 1801 734 1882 aliquam
751 1801 999 1882 responsionem
1024 1801 1055 1866 in
1072 1802 1217 1868 absentia
1233 1804 1355 1868 domini

273 1903 420 1967 Rectoris
435 1909 490 1966 aut
507 1899 621 1964 notarii
637 1902 674 1962 ad
693 1901 755 1965 boc
770 1899 924 1981 deputati.

315 2041 363 2104 13.
379 2044 496 2118 Arma,
514 2057 586 2104 cunr
603 2040 721 2119 ouibus
744 2040 860 2120 captivi
880 2039 1176 2121 deprehendentur.
1194 2050 1361 2122 promotor

272 2139 539 2304 :iidgrlitieiziggadat
561 2138 693 2203 doruino
717 2138 859 2217 Rectori,
883 2155 984 2220 eaque
1007 2155 1080 2204 urum
1104 2139 1216 2206 eodem
1240 2155 1359 2220 aequa-

314 2378 364 2442 ll.
391 2377 562 2443 Promotor
584 2377 805 2458 apprehensos
832 2394 890 2458 par
912 2393 997 2451 euru,
1023 2376 1086 2441 nisi
1110 2376 1176 2442 sint
1200 2377 1362 2442 notabiles

273 2493 444 2560 personae,
469 2477 500 2540 in
524 2476 711 2541 carceribus
734 2475 958 2541 Universitatis
980 2482 1012 2541 et
1036 2491 1101 2540 non
1123 2475 1199 2540 alibi
1221 2476 1363 2541 collocet

268 2587 304 2643 et
319 2575 479 2642 custodiat
494 2576 565 2640 sine
581 2575 713 2656 speciali
730 2575 858 2640 licentia
874 2573 994 2639 domini
1013 2573 1176 2650 Rectoris;
1193 2574 1247 2656 qui
1266 2584 1357 2639 notu·

272 2675 355 2741 biles
373 2691 529 2755 personas
552 2674 714 2738 mandabit
728 2673 887 2739 custodiri
911 2673 942 2736 in
958 2673 1067 2754 aliquo
1084 2673 1280 2740 monasterio
1296 2673 1360 2753 ipsi

276 2772 481 2840 Universitati
501 2773 719 2853 incorporato,
736 2773 764 2838 si
779 2773 821 2836 ita
842 2771 1011 2837 ridebitur.
1029 2771 1133 2847 Quum
1155 2787 1232 2837 roro
1248 2787 1304 2836 aas
1319 2775 1363 2836 de

202 2921 204 2924 -
276 2889 438 2939 consensu
461 2870 581 2937 domiui
604 2871 751 2936 Rectoris
774 2870 849 2935 alibi
870 2869 1363 2952 custodiri-coutinget,-bubeut

277 2972 446 3036 Promotou
468 2985 525 3052 per
538 2969 623 3034 dium
647 2978 679 3033 et
694 2977 822 3034 noctem
844 2968 1015 3034 duodecim
1030 2968 1173 3034 stuleros
1194 2968 1361 3049 etsinguli

275 3069 345 3152 eius
362 3067 500 3133 ministri
522 3075 596 3136 ooto
611 3065 765 3141 atalenos,
783 3066 811 3130 si
827 3066 870 3130 ibi
886 3066 1006 3132 rictum
1030 3082 1095 3131 lton
1111 3065 1259 3142 habeant.
1279 3066 1362 3131 alio·

274 3169 351 3250 quin
366 3177 503 3250 quatuor
518 3165 660 3230 stularos
674 3166 856 3240 damtunam
872 3165 958 3246 quod
975 3165 1070 3230 etiam
1085 3164 1253 3230 observari
1268 3165 1360 3230 volu-

277 3283 360 3344 mus,
376 3267 503 3347 querulo
524 3271 691 3345 promotor
714 3261 746 3326 in
762 3261 858 3326 bonis
879 3262 1015 3345 alicujus
1038 3263 1172 3328 mittitur
1192 3263 1363 3328 custodiae

276 3381 386 3431 causa.

319 3497 367 3558 15.
394 3493 563 3558 Promotou
578 3508 637 3574 pro
652 3491 799 3557 custodia
822 3491 995 3572 cujuslibet
1009 3491 1126 3573 captiui
1150 3491 1182 3555 in
1196 3490 1361 3556 communi

273 3611 406 3661 earcere
422 3610 486 3658 uon
506 3592 628 3658 detenti
644 3591 781 3673 siugulis
796 3591 912 3656 diebus
929 3607 1027 3658 uuum
1049 3592 1218 3664 stolorum,
1233 3589 1273 3655 ab
1287 3589 1362 3654 aliis

277 3710 354 3758 vero
369 3693 402 3756 in
417 3691 579 3757 communi
594 3706 727 3756 carcere
746 3688 886 3756 detentis
901 3689 1067 3755 dimidium
1083 3689 1241 3756 stolorum
1257 3689 1361 3770 perci·

277 3793 353 3873 piat.
380 3791 510 3872 &itque
538 3789 673 3872 captiuis
699 3788 837 3854 liberum
862 3789 1060 3868 promotoris
1085 3787 1159 3854 cibo
1186 3788 1285 3864 vesci,
1307 3795 1365 3854 aut

277 3890 407 3972 propria
421 3889 541 3971 quadra
564 3889 673 3953 vivere
689 3907 697 3948 ε
715 3888 801 3968 quod
817 3886 845 3951 si
860 3902 878 3950 a
894 3897 1079 3968 promotore
1100 3886 1218 3951 victum
1233 3885 1363 3968 capiant

272 3990 503 4069 commuuione
518 3987 752 4068 cibo„copteuti
767 3986 987 4060 sintcolvcnt
1008 3985 1146 4066 singulis
1169 3984 1283 4050 diebus
1300 4001 1363 4048 una

272 4105 350 4152 cum
360 4086 487 4168 juribus
500 4081 666 4151 custodiae
679 4083 821 4165 quinque
833 4085 988 4158 mulares,
1001 4083 1145 4166 exeeptis
1157 4083 1233 4150 vino
1247 4092 1279 4150 et
1290 4082 1363 4150 aliis

268 4183 541 4252 extraordinariis
557 4183 719 4264 expensis.
737 4183 799 4248 Pro
814 4199 878 4265 quo
894 4185 999 4266 pretio
1020 4183 1181 4250 tenebitur
1196 4191 1366 4266 promotor
