3236 4944
696 510 882 576 -tts-

245 710 280 755 ca
308 691 487 758 honoribus
513 700 543 758 et
570 691 723 774 dignitate
750 694 880 758 decorat
907 700 1001 773 prout
1028 693 1153 757 illorum
1187 691 1328 772 pensatis

244 789 495 871 circumstantiis
534 791 695 875 uniuersis
732 792 893 872 conspicit
930 791 960 854 in
998 791 1129 856 domino
1159 789 1331 857 salubriter

243 889 406 970 expedire.

639 1001 752 1068 Ecposd
766 1007 813 1056 des
832 1007 934 1066 motifs.

285 1129 428 1194 Exlribito
461 1131 618 1211 siquidem
650 1131 742 1195 nobis
774 1149 874 1212 nuper
905 1148 962 1212 pro
1002 1141 1090 1212 parte
1127 1130 1233 1196 dilecti
1273 1129 1327 1212 lilii

243 1229 366 1294 Nobilis
389 1229 448 1294 riri
466 1229 602 1310 Philippi
621 1231 803 1311 Burgundlc
819 1241 913 1312 etque
927 1229 1093 1296 brabantie
1110 1229 1204 1294 llucls
1217 1229 1329 1310 petitio

243 1327 427 1392 continebat
450 1327 535 1408 cuod
561 1329 636 1392 licet
661 1329 887 1393 llonestrrium
913 1340 1023 1394 sarrrcte
1046 1329 1214 1393 Gertrndis
1237 1327 1329 1408 Opidi

244 1425 456 1490 Louaniensis
489 1427 627 1491 [locatus
658 1427 839 1503 brabantie,
866 1429 989 1492 ordinis
1018 1429 1119 1493 sancti
1146 1426 1328 1508 Augustini,

245 1524 432 1590 Lentiensis
454 1525 608 1602 diocesis,
633 1525 672 1590 ab
696 1526 797 1607 ipsius
823 1527 919 1591 Ducis
945 1527 1229 1608 predecessoribus
1252 1527 1328 1589 Bra·

242 1623 348 1688 bontie
380 1624 519 1690 uocibus
550 1625 670 1689 dudum
702 1625 866 1690 lundatum
899 1627 1017 1708 pariter
1053 1633 1148 1707 etque
1184 1626 1326 1689 dotatum

240 1722 423 1804 aliquandiu
451 1732 483 1788 ut
506 1723 623 1788 dicitur
646 1724 842 1789 abbatialem
866 1725 1051 1806 dignitatem
1076 1725 1195 1789 babere
1217 1739 1254 1787 ac
1270 1739 1328 1804 per

243 1821 396 1886 Abbetem
418 1823 484 1903 regi
508 1823 747 1900 consueuisset‚
765 1833 870 1890 tamen
895 1834 966 1905 post
990 1841 1024 1889 ea
1050 1841 1106 1904 per
1128 1821 1326 1904 prepositum

243 1921 493 2002 Conuentnalem
525 1921 601 1985 inibi
630 1923 865 2004 Proposituram
892 1923 1088 1988 obtinentem
1115 1922 1325 2004 gubernatum

243 2018 301 2082 luit
323 2029 354 2084 et
378 2021 541 2085 modernis
565 2021 764 2102 temporibus
786 2005 994 2103 gubernatur.
1015 2021 1092 2086 Cum
1115 2031 1219 2086 eutem
1244 2019 1327 2085 sicut

242 2118 354 2182 eadem
390 2118 501 2200 petitio
538 2119 751 2200 subiungebat
788 2121 819 2182 in
857 2120 959 2201 Opido
997 2120 1141 2201 predicto
1176 2119 1326 2200 generale

128 2291 133 2301 Ι
243 2218 383 2280 studium
407 2217 467 2280 iam
490 2218 543 2282 diu
569 2219 704 2300 ulgus-rit
722 2229 754 2283 et
770 2220 865 2284 lrodie
881 2220 989 2300 uigere
1007 2227 1170 2293 noscatur,
1188 2235 1225 2282 ac
1241 2217 1325 2284 idern

245 2313 429 2395 Propositus
442 2317 692 2396 apostolicorum
706 2326 736 2381 et
749 2319 882 2382 allorum
897 2317 1022 2382 dilectis
1037 2317 1110 2398 filijs
1125 2316 1324 2381 uniuersiteti

243 2413 338 2494 studij
357 2414 531 2493 supradicti
549 2432 606 2495 pro
623 2425 767 2498 tempore
783 2433 1012 2482 coracessorom
1032 2415 1270 2496 priuilegiorum
1294 2424 1326 2480 ct

241 2511 418 2576 litterarum
444 2530 579 2577 unacum
601 2514 793 2595 quibusdam
819 2515 890 2596 aliis
917 2515 1056 2595 desuper
1082 2513 1216 2595 collegis
1243 2515 1325 2577 Con·

240 2621 388 2676 seruator
405 2621 578 2692 perpetuus
594 2613 784 2702 auctoritate
799 2615 974 2694 apostoliea
997 2615 1168 2694 deputatos
1191 2612 1325 2687 existat;

240 2699 364 2774 necnon
390 2712 531 2789 prelatus
555 2712 620 2776 llus
646 2713 705 2775 sub
729 2713 821 2777 cuius
845 2713 1011 2794 temporali
1029 2713 1171 2776 dominio
1188 2709 1324 2792 Opidum

238 2807 342 2887 ipsum
360 2809 484 2890 insigne
499 2821 594 2892 atque
612 2811 750 2875 notabile
766 2811 916 2876 consistit
931 2813 969 2875 cd
987 2812 1154 2886 bonorem,
1172 2809 1322 2874 decorem

238 2920 270 2972 et
286 2919 485 2975 uenustatem
503 2911 698 2992 llonasterij,
717 2909 808 2992 Opidi
828 2921 859 2976 et
882 2912 1100 2977 uniuersitatis
1127 2911 1322 2992 prefatorum

242 3005 479 3088 Propositoram
520 3011 692 3090 predictam
730 3011 762 3072 in
799 3011 994 3076 Abbatialem
1028 3011 1213 3092 dignitatem
1244 3009 1323 3092 erigi

240 3107 460 3187 concupiscat,
492 3126 549 3189 pro
580 3117 668 3189 parte
698 3108 774 3172 dieti
805 3110 898 3173 uocis
936 3110 1030 3174 nobis
1068 3109 1126 3174 luit
1162 3108 1324 3174 humiliter

240 3205 453 3286 supplicatum
482 3217 515 3272 ut
540 3207 701 3272 desiderio
727 3225 788 3272 suo
815 3207 996 3273 huiusmodi
1022 3225 1165 3272 annuere
1188 3217 1219 3272 et
1242 3206 1321 3270 alies

239 3305 379 3386 desuper
422 3315 581 3385 oportune
623 3306 793 3386 prouidere
831 3307 871 3370 de
911 3307 1106 3387 benignitate
1146 3305 1324 3387 apostolica

239 3401 458 3485 dignaremur.

515 3529 676 3584 Concessr'cn
697 3535 730 3584 de
750 3535 778 3584 la
796 3536 896 3595 foucur
914 3531 1048 3588 sollicites.

282 3659 347 3724 Nos
383 3659 481 3739 igitur
516 3661 711 3725 desiderium
749 3660 845 3726 Ducis
878 3661 1061 3726 huiusmodi
1091 3659 1260 3741 condignis
1289 3659 1321 3724 in

240 3757 371 3822 domino
401 3758 549 3823 laudibus
578 3761 854 3834 commendantes
875 3760 997 3825 eisdem
1032 3758 1322 3840 supplicationibus

240 3854 392 3930 inclinati,
433 3855 670 3936 preposituram
710 3859 882 3938 predictam
922 3859 1008 3922 illius
1038 3859 1166 3924 nornine
1196 3857 1323 3940 penitus

239 3971 417 4036 suppresso
442 3955 472 4018 in
497 3955 694 4022 abbatialem
720 3959 907 4038 dignitatem
933 3958 1121 4024 auctoritate
1146 3957 1324 4039 apostolica

239 4061 350 4117 tenore
373 4056 570 4134 presentium
594 4055 748 4135 erigimus
772 4065 802 4120 ct
821 4056 860 4121 de
879 4073 962 4121 nouo
977 4072 1136 4131 creamus,
1155 4057 1324 4138 ipsumque

243 4153 469 4217 monesterium
483 4153 514 4215 in
528 4153 749 4234 spiritualibus
762 4167 792 4220 et
807 4157 1037 4236 temporalibus
1049 4173 1086 4221 ex
1101 4173 1185 4221 nurrc
1197 4155 1324 4222 inantea

243 4251 406 4332 perpetuis
422 4251 538 4317 suturis
554 4253 753 4334 temporibus
769 4272 826 4336 per
848 4256 1001 4321 Abbatem
1024 4256 1186 4321 dumtaxat
1208 4271 1323 4338 regen·
