3246 4944
783 361 968 446 attt-

334 557 367 624 io
393 575 541 642 magnum
571 560 811 643 suppositorum
838 562 1062 630 Universitalis
1089 571 1120 630 et
1147 565 1262 632 civium
1289 585 1418 650 quoque

333 675 516 741 gravamen,
533 667 624 725 curet
647 661 764 726 Rector
785 671 816 727 et
839 662 1038 729 Univensitas
1062 681 1122 729 nna
1138 681 1210 730 cum
1227 665 1367 743 civitate,
1384 677 1418 734 ut

334 758 467 824 istorum
491 775 624 825 onerum
647 769 679 826 et
702 769 913 840 proventuum
940 763 1144 828 exactISsima
1161 781 1178 828 a
1196 767 1418 846 receptoribus

333 857 471 938 singulis
493 858 585 924 annis
608 859 639 922 in
663 860 817 926 vacerriis
834 861 988 928 messium
1006 862 1158 928 reddatur
1175 865 1268 938 ratio,
1285 873 1317 930 et
1332 867 1415 947 quod

334 965 483 1038 superest
505 957 543 1022 ad
567 957 799 1040 extinguendos
827 959 960 1036 reditus,
981 977 1038 1042 pro
1065 962 1183 1042 qulbus
1208 963 1293 1028 dicta
1319 981 1417 1030 onera

333 1065 409 1120 sunt
424 1056 573 1138 obligata,
591 1057 661 1124 sine
677 1074 765 1124 mora
781 1059 961 1141 applicetur
975 1068 1006 1124 et
1024 1059 1238 1142 impendatur.

832 1223 916 1288 XXI.

374 1353 412 1418 Et
437 1363 469 1419 ut
495 1361 558 1419 tam
585 1354 784 1421 Universitas
810 1371 904 1437 quam
927 1356 1041 1422 civitas
1064 1359 1235 1440 abaliquo
1258 1359 1415 1425 dictorum

333 1468 467 1517 onerum
480 1452 575 1518 citius
593 1453 642 1519 vel
659 1453 845 1520 sublevetur
866 1455 914 1520 vel
932 1455 1073 1522 totaliter
1088 1456 1250 1532 liberetur,
1265 1473 1417 1539 expresse

334 1551 532 1628 ordinamus,
551 1569 590 1618 ne
605 1553 816 1634 imposterum
834 1553 908 1634 quid
926 1572 965 1620 cx
987 1554 1027 1619 iis
1049 1555 1086 1620 ad
1111 1555 1191 1620 alios
1215 1573 1306 1630 usus,
1323 1574 1417 1637 quam

334 1649 373 1715 ad
390 1651 624 1716 exsolutionem
641 1660 671 1717 et
687 1651 941 1734 decollationem
957 1653 1115 1720 redituum
1134 1653 1332 1730 desumatur,
1354 1656 1416 1722 nisi

334 1751 441 1832 gravis
470 1760 501 1816 et
530 1749 662 1815 evidens
692 1752 869 1817 necessitas
892 1759 946 1818 aut
976 1751 1037 1815 alia
1070 1769 1187 1834 urgens
1218 1770 1327 1830 causa,
1359 1772 1418 1837 pro

334 1849 387 1914 tali
417 1849 456 1914 ab
486 1849 699 1915 Universitale
727 1860 759 1915 et
788 1851 915 1916 civitate
943 1851 1149 1917 concorditer
1175 1851 1359 1933 iudicanda,
1385 1863 1418 1921 et

334 1948 500 2030 utriusque
516 1964 690 2026 consenso,
708 1947 793 2014 aliud
810 1949 992 2030 compellat.

827 2113 925 2177 XXII.

375 2243 529 2321 QuonIam
559 2253 663 2311 aulem
693 2245 889 2312 Universitas
920 2253 1040 2324 nostra,
1070 2253 1165 2327 prout
1193 2245 1414 2329 intelligimus,

338 2345 384 2410 vel
412 2345 533 2410 nullum
556 2345 605 2410 vel
628 2344 776 2426 exiguum
799 2344 956 2410 aerarium
979 2343 1086 2420 habet,
1103 2353 1134 2411 et
1156 2353 1260 2411 tamen
1284 2353 1417 2426 propter

334 2443 438 2509 varias
454 2452 663 2508 occurrentes
678 2442 883 2508 difficultates
898 2444 1088 2525 diversaque
1103 2460 1200 2509 onera
1217 2443 1277 2524 ipsi
1294 2443 1416 2510 incum-

333 2543 439 2608 bentia
456 2551 487 2608 et
501 2541 761 2624 supervenientia
777 2541 899 2623 absque
914 2541 1102 2623 congruenti
1122 2542 1245 2606 aerario
1260 2559 1335 2608 esse
1351 2558 1417 2608 non

333 2641 700 2722 possitconveniatque,
717 2647 748 2704 ut
760 2639 887 2722 aliquod
904 2641 1060 2706 aerarium
1077 2640 1119 2706 sit
1134 2640 1195 2722 ipsi
1208 2639 1416 2707 Universilati

332 2755 404 2805 cum
427 2739 554 2806 civitate
576 2756 758 2816 commune,
776 2747 841 2804 tum
866 2745 899 2803 ut
922 2738 1120 2804 in‘mutuum
1147 2755 1288 2804 amorem
1312 2739 1417 2821 magis

332 2837 516 2918 conspirent
532 2856 570 2905 ac
585 2840 668 2905 inter
684 2857 740 2906 eos
758 2846 910 2904 constans
927 2837 1082 2920 firmaque
1095 2838 1268 2904 concordia
1285 2855 1417 2920 semper

332 2946 490 3012 servetur,
521 2937 720 3014 tumeliam,
752 2946 784 3002 et
816 2936 1031 3018 potissimum,
1059 2943 1092 3003 ut
1121 2937 1302 3003 communia
1332 2954 1416 3019 quae

331 3035 559 3117 superveniunt
581 3051 679 3101 onera
702 3035 902 3102 commodius
925 3036 1028 3100 serant
1050 3045 1081 3102 et
1104 3036 1274 3118 plerasque
1297 3052 1416 3101 causas

330 3133 598 3216 difficultatesque
620 3150 808 3200 communes
831 3133 945 3200 lortius
968 3143 999 3201 et
1023 3134 1148 3200 lacilius
1165 3145 1367 3217 propugnent
1382 3145 1416 3200 et

330 3242 488 3308 tueantur,
506 3235 554 3298 vel
572 3241 700 3299 arceant
716 3241 746 3298 et
762 3233 952 3316 propellant,
971 3234 1043 3300 ideo
1067 3234 1314 3315 permittendum
1338 3251 1415 3300 esse

325 3331 551 3416 judicavimus,
569 3333 652 3398 siout
666 3342 698 3398 et
715 3350 770 3413 per
787 3341 973 3414 praesentes
992 3333 1218 3415 permittimus,
1238 3341 1282 3408 ut,
1300 3333 1415 3414 dequi-

329 3432 402 3497 tatis
418 3431 583 3509 reditibus,
603 3449 675 3514 pars
691 3433 795 3515 aliqua
811 3433 969 3500 dictorum
985 3449 1132 3509 onerum,
1149 3442 1180 3498 et
1196 3432 1267 3497 talis
1281 3433 1414 3514 quidem

329 3531 454 3613 qualem
477 3531 675 3598 Universitas
698 3540 729 3597 et
750 3531 863 3596 civitas
880 3531 1029 3613 junctim,
1047 3540 1216 3612 praesente
1232 3538 1261 3597 cl
1276 3531 1415 3597 interve·

329 3629 436 3695 niente
466 3648 504 3696 eo
541 3648 634 3712 quem
673 3639 783 3711 postea
824 3631 1060 3696 constituemus
1097 3640 1129 3696 et
1164 3629 1414 3704 nominabimus,

327 3730 489 3794 censuerit
506 3731 731 3806 necessariam,
748 3738 871 3796 maneat
888 3747 946 3811 pro
965 3747 1023 3794 usu
1041 3739 1072 3795 ct
1088 3731 1211 3795 aerario
1228 3731 1415 3807 cummuni;

326 3827 417 3908 cnjus
430 3828 524 3892 eliam
540 3829 676 3910 singulis
692 3829 785 3894 annis
802 3831 832 3892 in
845 3829 999 3894 vacantiis
1016 3829 1167 3894 messium
1185 3829 1416 3894 Universitatis

326 3934 357 3990 et
372 3924 510 3990 civitatis
526 3927 683 4008 deputatis
700 3936 809 3994 exacta
827 3928 978 3994 reddatur
993 3929 1087 3994 ratio.

810 4093 924 4160 lllllll.

370 4221 522 4288 Volumus
536 4234 654 4302 autem,
670 4234 703 4292 ut
715 4227 894 4291 communis
907 4227 1042 4307 pecunIa
1056 4245 1118 4294 non
1131 4227 1191 4292 sub
1204 4237 1413 4308 receptorum
