3194 4940
661 419 846 488 -itl-

196 607 235 682 cl
254 597 437 674 micinno.
459 615 497 672 uo
519 608 625 677 cutura
647 600 815 686 supposita
838 601 921 675 alno
944 601 1171 674 voiuensttatia
1196 604 1295 699 stqdit
1456 679 1458 684 ,

201 697 429 781 Ιρυιιῐιὶοηείε.
446 697 544 768 immo
560 705 591 768 st
603 714 717 775 eorutn
734 699 923 775 familiares,
938 700 1119 770 seruiturus
1141 711 1173 770 et
1189 719 1297 775 carru·
1364 779 1366 784 ¹

198 796 321 872 wion.
342 795 574 872 conductitios,
591 806 623 870 ct
647 815 871 879 ,poscuntque
895 799 1115 875 otiosorum
1139 801 1178 874 ud
1204 803 1295 882 ipsos

199 894 252 967 rel
277 911 390 967 corum
415 895 551 966 alterum
579 896 745 981 pertinens
773 897 965 970 inducentes
991 899 1040 966 uel
1068 900 1291 980 importaturos.

200 994 289 1085 quod
314 993 565 1070 inuocauerunt
586 1003 619 1063 ei
641 1011 716 1062 csse
739 995 857 1066 debent
879 996 911 1060 iu
938 1006 1127 1080 perpetuum
1152 995 1244 1064 liberi
1264 1009 1295 1086 et

202 1094 378 1167 immunes.
404 1089 484 1164 buin
511 1091 609 1162 immo
639 1091 700 1172 ipsi
730 1093 896 1168 ductores.
929 1095 1085 1176 magistri,
1113 1098 1293 1168 studentes.

202 1191 373 1266 sauciares
399 1199 429 1256 et
455 1191 624 1270 supposita
650 1199 836 1270 potueruut,
864 1203 1003 1274 possunt
1031 1209 1069 1258 cc
1095 1193 1126 1258 in
1153 1195 1293 1266 loturum

204 1299 357 1366 poterunt
372 1289 478 1354 lacere
499 1288 572 1354 duci
590 1289 718 1370 inulam
735 1291 773 1368 (1)
789 1289 828 1356 ab
844 1303 934 1358 entra
958 1308 1016 1372 pro
1032 1292 1177 1374 ipsorum
1205 1304 1295 1374 putu,

202 1388 327 1469 ubsque
353 1389 415 1452 boc
435 1389 519 1470 qoud
548 1388 596 1452 eis
621 1389 668 1452 uel
698 1405 810 1459 eorum
835 1389 926 1456 alleri
954 1407 1012 1470 pro
1037 1401 1126 1474 purte
1149 1391 1294 1460 eiusdem

200 1486 292 1576 opidi
307 1487 435 1566 aliquod
452 1486 506 1552 llct
521 1487 570 1551 vel
588 1497 767 1567 apponetur
789 1488 1071 1569 impedimentum
1089 1491 1241 1571 «qnodque
1255 1491 1296 1556 de

202 1585 301 1666 bupla
323 1593 355 1649 et
375 1583 447 1649 aliis
471 1585 599 1663 potibus
621 1585 892 1667 quibuscumque,
908 1587 958 1652 uel
981 1587 1077 1666 etism
1101 1587 1199 1653 rebus
1221 1589 1295 1653 aliis

199 1683 375 1765 quibusuis
402 1683 561 1764 ipsorum,
589 1686 638 1748 vel
665 1683 799 1750 alterins
829 1702 952 1756 curum.
981 1687 1102 1751 nullam
1131 1688 1294 1760 assisiam,

201 1781 1291 1866 exactionemvelimpositionemqnamcomquesoluerebabebuul.

200 1881 368 1948 debebunt
389 1882 437 1946 vel
460 1881 666 1958 tenebuntur,
684 1893 778 1964 prout
795 1883 889 1948 ctiam
913 1895 945 1949 ct
969 1885 1237 1965 quemadmodum
1262 1887 1305 1950 io,

203 1993 293 2046 certa
321 1981 453 2046 scedula
489 1997 638 2062 papyreo,
669 1999 766 2048 manu
804 1982 917 2062 prebui
954 1982 1075 2048 domini
1112 1986 1296 2068 concellarii

202 2081 338 2160 scripta,
355 2082 549 2148 continetur.
566 2080 660 2146 cuius
682 2091 777 2146 tenor
797 2081 1027 2156 subscribitur,
1045 2083 1196 2148 omnibus
1219 2085 1297 2150 dulc

202 2189 236 2246 ei
257 2179 369 2246 liaude
388 2179 526 2245 seclusis
548 2180 579 2244 io
604 2181 785 2260 premissis.
807 2179 1040 2250 chcnlicntcs
1064 2181 1292 2252 nichilominus

202 2279 300 2350 iidem
324 2277 562 2360 borgimagistri
587 2295 624 2344 ac
645 2279 800 2345 consules
823 2297 880 2344 sen
905 2279 1083 2345 consiliarii
1099 2281 1204 2362 quoad
1222 2299 1294 2362 pre·

203 2379 302 2444 missa
322 2378 472 2452 omnibus
495 2387 526 2443 et
548 2377 687 2459 singulis
709 2377 846 2452 loribus.
865 2377 1079 2458 libertatibus,
1096 2379 1295 2460 exceptioni·

201 2479 276 2553 bus,
294 2475 564 2557 exemptionibus,
589 2475 768 2563 priuilegils
791 2493 828 2542 ac
851 2475 924 2540 aliis
945 2476 1202 2542 immunitatibus
1224 2477 1295 2559 qul-

203 2577 419 2656 cuneumque,
444 2575 562 2655 quibus
586 2575 743 2656 premissa
766 2575 798 2638 in
823 2582 913 2655 parte
936 2575 986 2639 vel
1014 2574 1046 2638 in
1073 2583 1142 2640 totu
1168 2576 1294 2648 uiolari.

203 2675 348 2756 incingi,
364 2673 522 2738 annullari
541 2683 691 2750 poterunt
708 2673 950 2755 quomodolibet
966 2673 1016 2738 vel
1040 2673 1297 2756 uduornicorum

203 2773 323 2854 quibus
348 2772 500 2838 omnibus
525 2781 557 2837 et
583 2771 720 2854 singulis
748 2782 883 2854 utraque
911 2771 1047 2851 partium
1075 2773 1293 2851 predictarum

204 2871 268 2936 sibi
285 2889 302 2934 a
319 2887 370 2936 me
385 2870 511 2934 nobrio
526 2869 655 2950 publico
670 2869 855 2951 subscripto
872 2868 1034 2950 poblicum
1051 2868 1120 2934 fleri
1135 2871 1297 2949 petierunt

205 2972 457 3035 instrumentum
484 2985 541 3034 seo
568 2967 694 3050 publiea
719 2967 944 3033 instrumenta.
973 2969 1050 3034 bela
1079 2967 1205 3034 luerunt
1235 2970 1296 3036 bec

207 3068 340 3134 ltcuanii
357 3068 388 3130 iu
404 3067 502 3133 domo
517 3067 723 3132 scabinorum
747 3067 818 3134 siue
840 3067 1010 3141 consulum
1035 3067 1169 3148 predicti
1192 3069 1295 3144 opidi,

203 3185 304 3248 supra
320 3182 479 3232 cumeram
496 3166 590 3231 altam
608 3165 815 3233 mediocrem.
835 3165 1041 3246 presentibus
1058 3165 1176 3230 ibidem
1193 3167 1294 3242 bono

204 3265 363 3342 rabilibus
395 3276 428 3332 ct
462 3264 615 3330 discretis
645 3263 723 3332 viris
758 3263 932 3329 Jcbanne
968 3261 1147 3334 Othonis.
1176 3265 1293 3336 artium

204 3365 361 3448 magistro
373 3365 447 3430 etin
460 3363 530 3430 iure
541 3364 698 3429 canonico
715 3363 890 3442 licentiato¹
915 3358 1075 3444 Asgidin
1099 3364 1140 3428 de
1161 3347 1294 3436 Stcc‘n.

203 3467 237 3530 io
254 3464 380 3546 iegibus
397 3464 620 3538 baccalaurec.
637 3471 668 3527 et
694 3461 865 3528 cerardo
890 3461 936 3526 de
961 3462 1161 3534 Bsnssele,
1186 3478 1294 3528 secre-

204 3565 297 3633 tariis
323 3563 456 3644 predicti
483 3561 583 3644 opidi,
607 3561 738 3627 clericis
764 3559 953 3626 leodiensis
981 3559 1137 3636 diocesis,
1158 3559 1298 3643 aliisque

205 3661 355 3744 pluribus
370 3661 509 3734 testibus
523 3661 586 3730 ilde
600 3660 708 3747 dignis
730 3660 771 3728 ad
789 3659 945 3740 premissa
972 3657 1095 3723 vocatis
1110 3658 1296 3744 specialiter

205 3761 390 3850 circadiis.

248 3859 349 3933 tenor
363 3877 434 3932 uero
455 3859 589 3936 nundus,
604 3859 719 3942 dequo
736 3875 832 3944 supero
851 3859 886 3938 fit
902 3857 1028 3930 mentio,
1045 3855 1184 3941 aequitio
1207 3862 1237 3920 el
1252 3861 1299 3924 cti

242 4077 284 4151 ,(1)
303 4073 699 4157 duab.1umdur‚.h0ublm,
713 4079 754 4138 et,
765 4089 816 4144 pur
834 4071 990 4136 annosior.
1012 4071 1087 4128 bidrn
1104 4069 1214 4134 brou&
1230 4087 1298 4129 urse

209 4167 384 4236 ltibnnbton.
