3194 4940
729 482 912 575 ..ffl-

283 655 361 734 noti,
378 667 437 726 sen
452 656 534 725 alias·
546 654 678 726 omuino
688 655 852 742 deperditi
868 661 1007 739 luerunt,
1026 661 1173 745 pecuniis
1186 676 1226 728 ex
1241 655 1368 728 eorum-

282 755 357 824 deut
369 751 554 825 venditione
567 765 624 825 sou
640 751 910 843 lmplpunoratloue
922 753 1190 844 prouenlentibus
1205 755 1246 826 ab
1258 751 1366 825 butri

285 850 372 923 tundi
407 853 612 926 scholaribus
641 861 672 924 in
702 853 783 927 ulbs
812 873 892 927 usus
922 859 1063 944 proinsls
1091 867 1123 928 et
1152 850 1366 941 consumptis.

284 957 344 1032 Qut
360 949 488 1040 quiden
503 953 672 1026 scholares
688 965 857 1043 propterea
874 957 904 1025 in
922 969 1033 1026 eurutn
1046 953 1163 1026 studiis
1179 953 1368 1041 plerumque

285 1053 450 1135 rcidrduli,
481 1057 545 1123 iulo
578 1061 780 1141 capescente
815 1057 952 1126 scientie
980 1058 1112 1125 omniuo
1148 1049 1309 1122 inhabiles
1337 1065 1368 1140 et

110 1186 118 1194 ·
284 1153 688 1237 memienetteuttsnnss
700 1157 874 1224 emetientis
888 1157 984 1225 didm
1007 1157 1176 1240 potentum
1194 1157 1367 1236 rusiorum·
1457 1161 1462 1169 “

282 1261 495 1336 pitssnotbtut
511 1250 544 1320 tn
559 1257 693 1322 eosdem
713 1251 881 1323 scholares
896 1251 1060 1322 iracundia
1083 1267 1117 1322 et
1135 1237 1366 1336 indignatione,

285 1369 325 1418 eo
348 1353 519 1434 presertim
539 1355 625 1438 quod
642 1356 745 1423 libros
767 1373 824 1422 ecs
841 1357 1010 1431 notabiles,
1026 1373 1111 1438 quos
1126 1371 1144 1420 u
1161 1343 1296 1435 prelatis
1315 1345 1371 1416 aut

284 1452 358 1517 aliis
374 1453 485 1519 amicis
507 1456 712 1522 commodato
733 1466 940 1537 receperunt,
959 1455 992 1520 iu
1013 1465 1165 1522 esconium
1188 1451 1368 1534 prodicium

287 1551 468 1630 restituere,
485 1569 543 1620 seu
560 1555 601 1620 tle
615 1554 663 1619 eis
679 1557 878 1636 respondere
894 1555 1023 1620 minime
1047 1561 1238 1635 potuerunt:
1257 1552 1371 1615 subse·

284 1649 461 1731 questibus
483 1669 611 1735 quoqne
633 1653 706 1719 aliis
729 1655 876 1735 plurimis
900 1655 992 1718 malis
1010 1663 1042 1718 et
1063 1651 1291 1724 incommodis,
1308 1663 1370 1730 que

283 1750 393 1815 omnia
409 1751 440 1814 in
456 1752 609 1828 dedecus,
627 1753 813 1818 scandalum
830 1763 859 1818 et
876 1752 1112 1834 displicentiam
1129 1768 1191 1818 uon
1209 1749 1366 1814 modicum

286 1849 429 1930 predicte
442 1850 510 1916 illie
526 1862 637 1918 nostre
648 1853 874 1918 Uniuersitatis
887 1851 1108 1928 nouantensts,
1120 1851 1367 1928 doctorumque,

286 1947 512 2029 magistrorum
538 1961 570 2015 ot
594 1952 792 2016 studentium
820 1951 1000 2020 incudem,
1026 1967 1084 2015 neu
1111 1965 1175 2014 tion
1201 1957 1367 2028 parentum

280 2056 319 2112 ‚et
344 2047 520 2113 anticorum
547 2050 748 2115 subditotum
775 2059 960 2115 nostrorum
986 2060 1018 2113 et
1043 2050 1202 2120 diorum,
1229 2046 1283 2127 cui
1310 2047 1370 2108 lios

285 2147 454 2212 scholares
480 2149 512 2210 in
540 2149 716 2214 litteratura
743 2161 776 2212 et
806 2150 949 2213 moribus
974 2148 1173 2212 erudiendos
1202 2147 1242 2210 ud
1268 2145 1370 2224 ipsam

290 2245 537 2312 Uniuersitatem
585 2249 653 2311 suis
697 2250 878 2330 sumptibus
922 2247 1193 2317 truuusuniserunt,
1239 2259 1373 2324 vet‘goue

286 2347 540 2426 digitoscuntur,
572 2359 602 2412 et
633 2345 737 2413 indies
775 2351 874 2428 tnagis
904 2365 1037 2429 vergere
1068 2349 1136 2427 ipsu
1168 2345 1232 2408 lilia
1264 2354 1372 2408 nostre

288 2443 486 2520 reiormidat,
505 2447 565 2510 nisi
590 2463 647 2527 per
664 2463 722 2511 nos
739 2447 800 2511 sibi
824 2449 864 2512 dc
880 2447 1024 2512 remedio
1048 2445 1256 2526 prouidentur
1276 2459 1371 2522 opot-

289 2553 379 2619 tnuo,
397 2543 559 2608 humiliter
584 2546 676 2610 nobis
700 2547 887 2626 supplicans
911 2561 969 2626 pro
991 2545 1116 2609 eodem.
1137 2543 1253 2608 Notum
1278 2539 1372 2622 igitur

289 2641 425 2706 iacimus
449 2645 533 2724 quod
563 2659 633 2719 nos,
660 2645 828 2724 premissis
851 2643 1065 2709 coutsideratis
1091 2651 1122 2706 et
1145 2655 1243 2721 super
1268 2641 1370 2706 eisin

287 2739 432 2805 Consilio
455 2753 567 2806 nostro
591 2741 753 2822 potebbbitu
776 2743 1008 2807 deliberatione
1033 2741 1275 2812 maturantem
1299 2749 1374 2818 snp-

292 2837 455 2920 plicaticni
465 2835 627 2922 'tamqnam
637 2839 724 2922 juste
739 2855 771 2906 et
783 2841 965 2907 rationabili
985 2839 1204 2905 innutabiliter
1217 2837 1374 2910 inclinati,

290 2939 412 3018 pretate
435 2937 500 3004 illie
523 2952 632 3005 nostre
657 2941 861 3006 liuiuersituti
886 2940 1092 3014 bononiensi,
1110 2937 1373 3017 doctoribusque,

290 3035 454 3118 magistris
477 3047 507 3103 et
530 3040 733 3104 studentibus
756 3041 787 3104 in
811 3038 936 3115 eedem,
962 3051 1025 3104 tum
1049 3037 1253 3120 presentibus
1279 3048 1373 3118 quatu

290 3137 419 3209 luituris,
438 3153 494 3217 per
510 3137 638 3202 modum
655 3139 763 3203 statuti
783 3151 815 3204 et
831 3139 1045 3204 ordinationis
1067 3147 1223 3218 perpetue
1237 3149 1374 3200 conces

290 3235 406 3308 simus,
423 3245 454 3301 et
469 3237 510 3301 de
524 3237 625 3317 gratis
641 3237 771 3317 speciali
789 3237 997 3303 concedimus
1015 3254 1071 3318 per
1088 3243 1269 3316 presentes,
1287 3235 1371 3315 quod

289 3339 330 3398 ex
354 3349 439 3399 unite
459 3332 586 3399 inantea
609 3335 716 3400 nullus
731 3337 930 3412 lombardus,
948 3353 1004 3400 sen
1021 3336 1103 3400 alins
1121 3335 1260 3399 rabulum
1286 3345 1378 3396 nnm-

292 3433 456 3497 muluriam
471 3433 500 3496 in
514 3433 611 3498 dietis
625 3433 738 3514 patriis
755 3437 876 3499 nostris
890 3441 1015 3510 tenens,
1031 3433 1157 3514 publice
1174 3433 1221 3496 rel
1236 3432 1376 3504 occulte,

290 3548 349 3596 seu
373 3533 481 3612 puluis
502 3532 598 3607 alius,
614 3533 856 3598 ecclesiasticus
880 3533 928 3600 rel
952 3533 1121 3606 secularis,
1146 3529 1378 3610 cuiuscumque

290 3635 395 3694 status
421 3639 474 3694 aut
500 3631 698 3697 conditionis
721 3631 845 3705 existat,
869 3633 909 3696 ab
931 3633 1090 3715 aliqnibus
1115 3628 1322 3695 opitularibus
1345 3627 1376 3691 iu

292 3727 376 3792 dieta
393 3729 609 3794 Uniuersitnte
631 3732 833 3811 degentibus,
851 3741 905 3796 ant
919 3731 960 3795 ab
981 3731 1089 3811 aliquo
1107 3731 1307 3801 eorumdem,
1325 3734 1378 3791 eut

227 3909 230 3916 ¹
291 3823 388 3890 etiam
410 3825 543 3897 abillis.
561 3831 614 3910 qui
639 3831 678 3895 ad
694 3831 755 3895 lton
776 3831 815 3894 nb
831 3831 953 3894 eisdem
971 3827 1176 3917 scholaribus
1200 3828 1304 3909 reguli
1319 3837 1377 3892 scu

292 3925 459 3988 commissi
489 3938 611 4003 essent,
642 3929 768 4010 aliquos
799 3929 900 3993 libros
929 3929 1000 3993 sine
1033 3941 1190 4008 expresso
1214 3933 1379 3992 consessu

294 4019 441 4088 doctoris
464 4022 549 4091 dicte
567 4023 790 4092 liniuersitstis
814 4029 874 4093 sibi
899 4043 1086 4110 comparere
1109 4031 1378 4100 intumescunt

297 4123 462 4202 pecuniam
500 4140 559 4190 sen
588 4123 725 4208 aliquem
762 4125 856 4190 aliam
887 4137 953 4192 rein
992 4127 1024 4188 lu
1055 4125 1172 4207 pignus
1205 4132 1307 4204 supet
1333 4123 1382 4188 eis

296 4223 447 4299 mutuari,
471 4227 525 4288 tut
550 4225 613 4289 alio
639 4225 756 4306 quouis
779 4223 874 4291 tundo
900 4243 958 4290 eos
980 4225 1213 4306 impignouetos
1238 4223 1380 4289 retinete
