<?xml version="1.0" encoding="UTF-8"?>
<!DOCTYPE html PUBLIC "-//W3C//DTD XHTML 1.0 Transitional//EN"
    "http://www.w3.org/TR/xhtml1/DTD/xhtml1-transitional.dtd">
<html xmlns="http://www.w3.org/1999/xhtml" xml:lang="en" lang="en">
 <head>
  <title>
</title>
<meta http-equiv="Content-Type" content="text/html;charset=utf-8" />
  <meta name='ocr-system' content='tesseract 3.04.00' />
  <meta name='ocr-capabilities' content='ocr_page ocr_carea ocr_par ocr_line ocrx_word'/>
</head>
<body>
  <div class='ocr_page' id='page_1' title='image "./documentsrelati00reusgoog_0374.png"; bbox 0 0 3260 4944; ppageno 0'>
   <div class='ocr_carea' id='block_1_1' title="bbox 731 461 916 526">
    <p class='ocr_par' dir='ltr' id='par_1_1' title="bbox 731 461 916 526">
     <span class='ocr_line' id='line_1_1' title="bbox 731 461 916 526; baseline -0.011 0"><span class='ocrx_word' id='word_1_1' title='bbox 731 461 854 526; x_wconf 70' lang='grc'><strong>-369</strong></span> <span class='ocrx_word' id='word_1_2' title='bbox 880 497 916 512; x_wconf 91' lang='lat'><strong>-·</strong></span> 
     </span>
    </p>
   </div>
   <div class='ocr_carea' id='block_1_2' title="bbox 278 643 1365 1422">
    <p class='ocr_par' dir='ltr' id='par_1_2' title="bbox 278 643 1363 1021">
     <span class='ocr_line' id='line_1_2' title="bbox 279 643 1362 726; baseline 0.004 -22"><span class='ocrx_word' id='word_1_3' title='bbox 279 649 531 713; x_wconf 84' lang='lat' dir='ltr'><strong>assumunt.aot</strong></span> <span class='ocrx_word' id='word_1_4' title='bbox 548 659 608 706; x_wconf 83' lang='lat' dir='ltr'><strong>ecs</strong></span> <span class='ocrx_word' id='word_1_5' title='bbox 621 660 701 708; x_wconf 88' lang='lat' dir='ltr'><strong>sane</strong></span> <span class='ocrx_word' id='word_1_6' title='bbox 717 646 901 710; x_wconf 86' lang='lat' dir='ltr'><strong>consulunt.</strong></span> <span class='ocrx_word' id='word_1_7' title='bbox 921 643 1005 708; x_wconf 87' lang='lat' dir='ltr'><strong>ldom</strong></span> <span class='ocrx_word' id='word_1_8' title='bbox 1023 643 1105 722; x_wconf 90' lang='lat' dir='ltr'><strong>apud</strong></span> <span class='ocrx_word' id='word_1_9' title='bbox 1123 659 1192 715; x_wconf 87' lang='lat' dir='ltr'><strong>ecs.</strong></span> <span class='ocrx_word' id='word_1_10' title='bbox 1209 645 1263 726; x_wconf 94' lang='lat' dir='ltr'><strong>qui</strong></span> <span class='ocrx_word' id='word_1_11' title='bbox 1278 646 1362 726; x_wconf 90' lang='lat' dir='ltr'><strong>apud</strong></span> 
     </span>
     <span class='ocr_line' id='line_1_3' title="bbox 280 742 1362 834; baseline 0 -26"><span class='ocrx_word' id='word_1_12' title='bbox 280 742 459 814; x_wconf 79' lang='lat' dir='ltr'><strong>Rectorem,</strong></span> <span class='ocrx_word' id='word_1_13' title='bbox 476 743 632 818; x_wconf 83' lang='lat' dir='ltr'><strong>notarius,</strong></span> <span class='ocrx_word' id='word_1_14' title='bbox 648 743 808 825; x_wconf 86' lang='lat' dir='ltr'><strong>iidemque</strong></span> <span class='ocrx_word' id='word_1_15' title='bbox 825 747 855 808; x_wconf 90' lang='lat' dir='ltr'><strong>ln</strong></span> <span class='ocrx_word' id='word_1_16' title='bbox 871 757 1005 834; x_wconf 87' lang='lat' dir='ltr'><strong>utraque</strong></span> <span class='ocrx_word' id='word_1_17' title='bbox 1020 745 1110 808; x_wconf 88' lang='lat' dir='ltr'><strong>curia</strong></span> <span class='ocrx_word' id='word_1_18' title='bbox 1124 753 1362 822; x_wconf 72' lang='lat' dir='ltr'><strong>procuratores.</strong></span> 
     </span>
     <span class='ocr_line' id='line_1_4' title="bbox 278 841 1362 932; baseline -0.002 -26"><span class='ocrx_word' id='word_1_19' title='bbox 278 841 453 932; x_wconf 78' lang='lat' dir='ltr'><strong>dilationes</strong></span> <span class='ocrx_word' id='word_1_20' title='bbox 465 841 559 906; x_wconf 84' lang='lat' dir='ltr'><strong>aliam</strong></span> <span class='ocrx_word' id='word_1_21' title='bbox 573 843 745 926; x_wconf 83' lang='lat' dir='ltr'><strong>utrobique</strong></span> <span class='ocrx_word' id='word_1_22' title='bbox 758 862 815 924; x_wconf 90' lang='lat' dir='ltr'><strong>per</strong></span> <span class='ocrx_word' id='word_1_23' title='bbox 827 859 986 910; x_wconf 83' lang='lat' dir='ltr'><strong>accerrsos</strong></span> <span class='ocrx_word' id='word_1_24' title='bbox 1000 843 1068 909; x_wconf 86' lang='lat' dir='ltr'><strong>siue</strong></span> <span class='ocrx_word' id='word_1_25' title='bbox 1080 841 1225 908; x_wconf 83' lang='lat' dir='ltr'><strong>bedellos</strong></span> <span class='ocrx_word' id='word_1_26' title='bbox 1241 843 1362 908; x_wconf 75' lang='lat' dir='ltr'><strong>liunt-r</strong></span> 
     </span>
     <span class='ocr_line' id='line_1_5' title="bbox 279 927 1363 1021; baseline 0.003 -19"><span class='ocrx_word' id='word_1_27' title='bbox 279 939 490 1016; x_wconf 74' lang='lat' dir='ltr'><strong>Verrucosus.</strong></span> <span class='ocrx_word' id='word_1_28' title='bbox 514 941 685 1008; x_wconf 78' lang='lat' dir='ltr'><strong><em>Academia</em></strong></span> <span class='ocrx_word' id='word_1_29' title='bbox 708 945 923 1020; x_wconf 79' lang='lat' dir='ltr'><strong>bononiensia,</strong></span> <span class='ocrx_word' id='word_1_30' title='bbox 946 944 997 1010; x_wconf 87' lang='lat' dir='ltr'><strong>ed.</strong></span> <span class='ocrx_word' id='word_1_31' title='bbox 1025 941 1137 1021; x_wconf 86' lang='lat' dir='ltr'><strong>altera,</strong></span> <span class='ocrx_word' id='word_1_32' title='bbox 1166 943 1242 1008; x_wconf 82' lang='lat' dir='ltr'><strong>Lon.</strong></span> <span class='ocrx_word' id='word_1_33' title='bbox 1271 927 1363 1020; x_wconf 68' lang='grc'><strong>1667,</strong></span> 
     </span>
    </p>

    <p class='ocr_par' dir='ltr' id='par_1_3' title="bbox 280 1138 1365 1422">
     <span class='ocr_line' id='line_1_6' title="bbox 320 1138 1365 1224; baseline 0.004 -20"><span class='ocrx_word' id='word_1_34' title='bbox 320 1138 490 1222; x_wconf 80' lang='lat' dir='ltr'><strong>Sequentia</strong></span> <span class='ocrx_word' id='word_1_35' title='bbox 507 1141 547 1208; x_wconf 88' lang='lat' dir='ltr'><strong>de</strong></span> <span class='ocrx_word' id='word_1_36' title='bbox 564 1141 616 1207; x_wconf 90' lang='lat' dir='ltr'><strong>bis</strong></span> <span class='ocrx_word' id='word_1_37' title='bbox 631 1141 797 1224; x_wconf 83' lang='lat' dir='ltr'><strong>judicibus</strong></span> <span class='ocrx_word' id='word_1_38' title='bbox 811 1143 962 1224; x_wconf 85' lang='lat' dir='ltr'><strong>leguntur</strong></span> <span class='ocrx_word' id='word_1_39' title='bbox 986 1142 1016 1207; x_wconf 92' lang='lat' dir='ltr'><strong>in</strong></span> <span class='ocrx_word' id='word_1_40' title='bbox 1034 1142 1164 1209; x_wconf 77' lang='lat' dir='ltr'><strong>statutio</strong></span> <span class='ocrx_word' id='word_1_41' title='bbox 1180 1145 1365 1210; x_wconf 79' lang='lat' dir='ltr'><strong>Academiae</strong></span> 
     </span>
     <span class='ocr_line' id='line_1_7' title="bbox 280 1240 1362 1330; baseline 0.001 -25"><span class='ocrx_word' id='word_1_42' title='bbox 280 1241 478 1306; x_wconf 75' lang='lat' dir='ltr'><strong>lovaniensia</strong></span> <span class='ocrx_word' id='word_1_43' title='bbox 500 1240 594 1324; x_wconf 84' lang='lat' dir='ltr'><strong>(apud</strong></span> <span class='ocrx_word' id='word_1_44' title='bbox 620 1241 777 1318; x_wconf 81' lang='lat' dir='ltr'><strong>Mouauuu,</strong></span> <span class='ocrx_word' id='word_1_45' title='bbox 802 1245 884 1312; x_wconf 83' lang='lat' dir='ltr'><strong>illst.</strong></span> <span class='ocrx_word' id='word_1_46' title='bbox 911 1246 1040 1318; x_wconf 81' lang='lat' dir='ltr'><strong>Lacon..</strong></span> <span class='ocrx_word' id='word_1_47' title='bbox 1065 1242 1118 1310; x_wconf 88' lang='lat' dir='ltr'><strong>ed.</strong></span> <span class='ocrx_word' id='word_1_48' title='bbox 1144 1243 1299 1330; x_wconf 82' lang='lat' dir='ltr'><strong>bellam,</strong></span> <span class='ocrx_word' id='word_1_49' title='bbox 1324 1243 1362 1317; x_wconf 88' lang='lat' dir='ltr'><strong>ll,</strong></span> 
     </span>
     <span class='ocr_line' id='line_1_8' title="bbox 281 1338 515 1422; baseline 0.004 -19"><span class='ocrx_word' id='word_1_50' title='bbox 281 1345 334 1422; x_wconf 78' lang='lat' dir='ltr'><strong>pp.</strong></span> <span class='ocrx_word' id='word_1_51' title='bbox 352 1338 412 1403; x_wconf 89' lang='lat'><strong>898</strong></span> <span class='ocrx_word' id='word_1_52' title='bbox 428 1344 490 1422; x_wconf 83' lang='lat' dir='ltr'><strong>sq.)</strong></span> <span class='ocrx_word' id='word_1_53' title='bbox 508 1364 515 1404; x_wconf 90' lang='lat'>:</span> 
     </span>
    </p>
   </div>
   <div class='ocr_carea' id='block_1_3' title="bbox 280 1473 1372 2961">
    <p class='ocr_par' dir='ltr' id='par_1_4' title="bbox 327 1473 1320 1560">
     <span class='ocr_line' id='line_1_9' title="bbox 327 1473 1320 1560; baseline 0.002 -22"><span class='ocrx_word' id='word_1_54' title='bbox 327 1473 372 1538; x_wconf 84' lang='lat' dir='ltr'><strong>Dc</strong></span> <span class='ocrx_word' id='word_1_55' title='bbox 395 1473 494 1554; x_wconf 77' lang='lat' dir='ltr'><strong>officio</strong></span> <span class='ocrx_word' id='word_1_56' title='bbox 518 1481 547 1539; x_wconf 85' lang='lat' dir='ltr'><strong>ct</strong></span> <span class='ocrx_word' id='word_1_57' title='bbox 562 1475 783 1556; x_wconf 75' lang='lat' dir='ltr'><strong>jurisdictione</strong></span> <span class='ocrx_word' id='word_1_58' title='bbox 807 1477 1002 1542; x_wconf 86' lang='lat' dir='ltr'><strong>dominorum</strong></span> <span class='ocrx_word' id='word_1_59' title='bbox 1025 1477 1160 1560; x_wconf 86' lang='lat' dir='ltr'><strong>quinque</strong></span> <span class='ocrx_word' id='word_1_60' title='bbox 1178 1476 1320 1556; x_wconf 80' lang='lat' dir='ltr'><strong>judicum</strong></span> 
     </span>
    </p>

    <p class='ocr_par' dir='ltr' id='par_1_5' title="bbox 599 1576 1044 1659">
     <span class='ocr_line' id='line_1_10' title="bbox 599 1576 1044 1659; baseline 0.002 -21"><span class='ocrx_word' id='word_1_61' title='bbox 599 1591 763 1640; x_wconf 80' lang='lat' dir='ltr'><strong>muratam</strong></span> <span class='ocrx_word' id='word_1_62' title='bbox 789 1576 1044 1659; x_wconf 79' lang='lat' dir='ltr'><strong>appellationum.</strong></span> 
     </span>
    </p>

    <p class='ocr_par' dir='ltr' id='par_1_6' title="bbox 280 1689 1372 2961">
     <span class='ocr_line' id='line_1_11' title="bbox 321 1689 1364 1774; baseline 0.003 -21"><span class='ocrx_word' id='word_1_63' title='bbox 321 1689 351 1753; x_wconf 91' lang='lat' dir='ltr'><strong>l.</strong></span> <span class='ocrx_word' id='word_1_64' title='bbox 376 1689 438 1754; x_wconf 84' lang='lat' dir='ltr'><strong>Pro</strong></span> <span class='ocrx_word' id='word_1_65' title='bbox 455 1705 544 1755; x_wconf 90' lang='lat' dir='ltr'><strong>more</strong></span> <span class='ocrx_word' id='word_1_66' title='bbox 559 1697 591 1754; x_wconf 92' lang='lat' dir='ltr'><strong>et</strong></span> <span class='ocrx_word' id='word_1_67' title='bbox 605 1690 841 1756; x_wconf 87' lang='lat' dir='ltr'><strong>consuetudine</strong></span> <span class='ocrx_word' id='word_1_68' title='bbox 857 1692 943 1758; x_wconf 91' lang='lat' dir='ltr'><strong>circa</strong></span> <span class='ocrx_word' id='word_1_69' title='bbox 960 1691 1151 1758; x_wconf 77' lang='lat' dir='ltr'><strong>electionem</strong></span> <span class='ocrx_word' id='word_1_70' title='bbox 1168 1698 1201 1758; x_wconf 93' lang='lat' dir='ltr'><strong>et</strong></span> <span class='ocrx_word' id='word_1_71' title='bbox 1211 1689 1364 1774; x_wconf 78' lang='lat' dir='ltr'><strong>iurisdic-</strong></span> 
     </span>
     <span class='ocr_line' id='line_1_12' title="bbox 280 1788 1365 1871; baseline 0.004 -19"><span class='ocrx_word' id='word_1_72' title='bbox 280 1788 401 1854; x_wconf 87' lang='lat' dir='ltr'><strong>tionem</strong></span> <span class='ocrx_word' id='word_1_73' title='bbox 421 1788 626 1854; x_wconf 89' lang='lat' dir='ltr'><strong>dominorum</strong></span> <span class='ocrx_word' id='word_1_74' title='bbox 648 1789 790 1871; x_wconf 91' lang='lat' dir='ltr'><strong>quinque</strong></span> <span class='ocrx_word' id='word_1_75' title='bbox 809 1791 954 1871; x_wconf 78' lang='lat' dir='ltr'><strong>iudicum</strong></span> <span class='ocrx_word' id='word_1_76' title='bbox 977 1805 1148 1858; x_wconf 77' lang='lat' dir='ltr'><strong>causarum</strong></span> <span class='ocrx_word' id='word_1_77' title='bbox 1177 1789 1365 1871; x_wconf 85' lang='lat' dir='ltr'><strong>appellatio·</strong></span> 
     </span>
     <span class='ocr_line' id='line_1_13' title="bbox 281 1887 1362 1972; baseline 0.002 -20"><span class='ocrx_word' id='word_1_78' title='bbox 281 1904 355 1969; x_wconf 88' lang='lat' dir='ltr'><strong>nom</strong></span> <span class='ocrx_word' id='word_1_79' title='bbox 379 1887 460 1952; x_wconf 91' lang='lat' dir='ltr'><strong>ultra</strong></span> <span class='ocrx_word' id='word_1_80' title='bbox 478 1887 663 1952; x_wconf 90' lang='lat' dir='ltr'><strong>memoriam</strong></span> <span class='ocrx_word' id='word_1_81' title='bbox 680 1889 845 1954; x_wconf 90' lang='lat' dir='ltr'><strong>bominum</strong></span> <span class='ocrx_word' id='word_1_82' title='bbox 861 1889 1044 1956; x_wconf 86' lang='lat' dir='ltr'><strong>observatis</strong></span> <span class='ocrx_word' id='word_1_83' title='bbox 1060 1889 1091 1952; x_wconf 92' lang='lat' dir='ltr'><strong>in</strong></span> <span class='ocrx_word' id='word_1_84' title='bbox 1114 1888 1362 1972; x_wconf 76' lang='lat' dir='ltr'><strong>congregatione</strong></span> 
     </span>
     <span class='ocr_line' id='line_1_14' title="bbox 282 1985 1365 2070; baseline 0.001 -18"><span class='ocrx_word' id='word_1_85' title='bbox 282 1985 518 2062; x_wconf 85' lang='lat' dir='ltr'><strong>Universitatls,</strong></span> <span class='ocrx_word' id='word_1_86' title='bbox 532 2003 614 2068; x_wconf 87' lang='lat' dir='ltr'><strong>quae</strong></span> <span class='ocrx_word' id='word_1_87' title='bbox 631 1987 866 2068; x_wconf 88' lang='lat' dir='ltr'><strong>praelectione</strong></span> <span class='ocrx_word' id='word_1_88' title='bbox 884 1988 956 2052; x_wconf 86' lang='lat' dir='ltr'><strong>novi</strong></span> <span class='ocrx_word' id='word_1_89' title='bbox 974 1988 1123 2053; x_wconf 89' lang='lat' dir='ltr'><strong>llectoris</strong></span> <span class='ocrx_word' id='word_1_90' title='bbox 1140 1987 1204 2062; x_wconf 86' lang='lat' dir='ltr'><strong>ilat,</strong></span> <span class='ocrx_word' id='word_1_91' title='bbox 1218 1987 1365 2070; x_wconf 80' lang='lat' dir='ltr'><strong>singulae</strong></span> 
     </span>
     <span class='ocr_line' id='line_1_15' title="bbox 283 2085 1366 2169; baseline -0.001 -19"><span class='ocrx_word' id='word_1_92' title='bbox 283 2085 450 2151; x_wconf 74' lang='lat' dir='ltr'><strong>facultates</strong></span> <span class='ocrx_word' id='word_1_93' title='bbox 474 2103 572 2150; x_wconf 93' lang='lat' dir='ltr'><strong>unum</strong></span> <span class='ocrx_word' id='word_1_94' title='bbox 600 2085 740 2168; x_wconf 88' lang='lat' dir='ltr'><strong>judicem</strong></span> <span class='ocrx_word' id='word_1_95' title='bbox 763 2103 934 2153; x_wconf 89' lang='lat' dir='ltr'><strong>causarum</strong></span> <span class='ocrx_word' id='word_1_96' title='bbox 960 2086 1212 2169; x_wconf 85' lang='lat' dir='ltr'><strong>appellationum</strong></span> <span class='ocrx_word' id='word_1_97' title='bbox 1235 2086 1366 2168; x_wconf 82' lang='lat' dir='ltr'><strong>eligant.</strong></span> 
     </span>
     <span class='ocr_line' id='line_1_16' title="bbox 282 2183 1368 2267; baseline -0.002 -17"><span class='ocrx_word' id='word_1_98' title='bbox 282 2184 465 2266; x_wconf 84' lang='lat' dir='ltr'><strong>singulique</strong></span> <span class='ocrx_word' id='word_1_99' title='bbox 478 2183 605 2266; x_wconf 88' lang='lat' dir='ltr'><strong>judices</strong></span> <span class='ocrx_word' id='word_1_100' title='bbox 626 2185 675 2250; x_wconf 89' lang='lat' dir='ltr'><strong>sic</strong></span> <span class='ocrx_word' id='word_1_101' title='bbox 690 2186 784 2252; x_wconf 88' lang='lat' dir='ltr'><strong>electi</strong></span> <span class='ocrx_word' id='word_1_102' title='bbox 808 2187 839 2250; x_wconf 93' lang='lat' dir='ltr'><strong>in</strong></span> <span class='ocrx_word' id='word_1_103' title='bbox 857 2187 969 2252; x_wconf 89' lang='lat' dir='ltr'><strong>eadem</strong></span> <span class='ocrx_word' id='word_1_104' title='bbox 985 2185 1234 2267; x_wconf 80' lang='lat' dir='ltr'><strong>congregatione</strong></span> <span class='ocrx_word' id='word_1_105' title='bbox 1257 2203 1296 2250; x_wconf 85' lang='lat' dir='ltr'><strong>ex</strong></span> <span class='ocrx_word' id='word_1_106' title='bbox 1312 2201 1368 2249; x_wconf 91' lang='lat' dir='ltr'><strong>sua</strong></span> 
     </span>
     <span class='ocr_line' id='line_1_17' title="bbox 283 2281 1370 2365; baseline 0 -18"><span class='ocrx_word' id='word_1_107' title='bbox 283 2281 446 2358; x_wconf 75' lang='lat' dir='ltr'><strong>facultate,</strong></span> <span class='ocrx_word' id='word_1_108' title='bbox 464 2285 497 2348; x_wconf 92' lang='lat' dir='ltr'><strong>iu</strong></span> <span class='ocrx_word' id='word_1_109' title='bbox 512 2299 623 2349; x_wconf 90' lang='lat' dir='ltr'><strong>casum</strong></span> <span class='ocrx_word' id='word_1_110' title='bbox 646 2301 725 2350; x_wconf 88' lang='lat' dir='ltr'><strong>suae</strong></span> <span class='ocrx_word' id='word_1_111' title='bbox 746 2285 911 2352; x_wconf 85' lang='lat' dir='ltr'><strong>absentiae</strong></span> <span class='ocrx_word' id='word_1_112' title='bbox 931 2285 981 2351; x_wconf 87' lang='lat' dir='ltr'><strong>vel</strong></span> <span class='ocrx_word' id='word_1_113' title='bbox 1003 2284 1233 2365; x_wconf 87' lang='lat' dir='ltr'><strong>impedimenti,</strong></span> <span class='ocrx_word' id='word_1_114' title='bbox 1251 2283 1370 2349; x_wconf 89' lang='lat' dir='ltr'><strong>substi-</strong></span> 
     </span>
     <span class='ocr_line' id='line_1_18' title="bbox 283 2383 1368 2464; baseline -0.003 -16"><span class='ocrx_word' id='word_1_115' title='bbox 283 2391 374 2448; x_wconf 88' lang='lat' dir='ltr'><strong>tuant</strong></span> <span class='ocrx_word' id='word_1_116' title='bbox 395 2397 546 2448; x_wconf 87' lang='lat' dir='ltr'><strong>acanum</strong></span> <span class='ocrx_word' id='word_1_117' title='bbox 572 2399 611 2448; x_wconf 87' lang='lat' dir='ltr'><strong>ex</strong></span> <span class='ocrx_word' id='word_1_118' title='bbox 626 2399 738 2449; x_wconf 88' lang='lat' dir='ltr'><strong>eorum</strong></span> <span class='ocrx_word' id='word_1_119' title='bbox 756 2384 890 2464; x_wconf 80' lang='lat' dir='ltr'><strong>collsqis</strong></span> <span class='ocrx_word' id='word_1_120' title='bbox 913 2384 945 2450; x_wconf 92' lang='lat' dir='ltr'><strong>in</strong></span> <span class='ocrx_word' id='word_1_121' title='bbox 961 2383 1220 2449; x_wconf 86' lang='lat' dir='ltr'><strong>commissarium</strong></span> <span class='ocrx_word' id='word_1_122' title='bbox 1237 2383 1368 2464; x_wconf 88' lang='lat' dir='ltr'><strong>eligant,</strong></span> 
     </span>
     <span class='ocr_line' id='line_1_19' title="bbox 284 2480 1368 2564; baseline -0.001 -19"><span class='ocrx_word' id='word_1_123' title='bbox 284 2480 466 2546; x_wconf 90' lang='lat' dir='ltr'><strong>mandando</strong></span> <span class='ocrx_word' id='word_1_124' title='bbox 491 2481 536 2545; x_wconf 92' lang='lat' dir='ltr'><strong>illi</strong></span> <span class='ocrx_word' id='word_1_125' title='bbox 559 2483 648 2547; x_wconf 88' lang='lat' dir='ltr'><strong>vices</strong></span> <span class='ocrx_word' id='word_1_126' title='bbox 671 2499 749 2547; x_wconf 90' lang='lat' dir='ltr'><strong>suas</strong></span> <span class='ocrx_word' id='word_1_127' title='bbox 772 2499 829 2564; x_wconf 92' lang='lat' dir='ltr'><strong>pro</strong></span> <span class='ocrx_word' id='word_1_128' title='bbox 853 2483 1080 2548; x_wconf 85' lang='lat' dir='ltr'><strong>observatione</strong></span> <span class='ocrx_word' id='word_1_129' title='bbox 1104 2482 1313 2548; x_wconf 90' lang='lat' dir='ltr'><strong>terminorum</strong></span> <span class='ocrx_word' id='word_1_130' title='bbox 1337 2481 1368 2545; x_wconf 93' lang='lat' dir='ltr'><strong>in</strong></span> 
     </span>
     <span class='ocr_line' id='line_1_20' title="bbox 283 2579 1370 2662; baseline -0.003 -15"><span class='ocrx_word' id='word_1_131' title='bbox 283 2580 392 2648; x_wconf 89' lang='lat' dir='ltr'><strong>causis</strong></span> <span class='ocrx_word' id='word_1_132' title='bbox 421 2579 672 2662; x_wconf 90' lang='lat' dir='ltr'><strong>appellationum</strong></span> <span class='ocrx_word' id='word_1_133' title='bbox 699 2581 931 2647; x_wconf 87' lang='lat' dir='ltr'><strong>servandorum</strong></span> <span class='ocrx_word' id='word_1_134' title='bbox 961 2596 999 2646; x_wconf 91' lang='lat' dir='ltr'><strong>ac</strong></span> <span class='ocrx_word' id='word_1_135' title='bbox 1030 2597 1087 2661; x_wconf 92' lang='lat' dir='ltr'><strong>pro</strong></span> <span class='ocrx_word' id='word_1_136' title='bbox 1117 2581 1370 2646; x_wconf 88' lang='lat' dir='ltr'><strong>interlocutoriis</strong></span> 
     </span>
     <span class='ocr_line' id='line_1_21' title="bbox 284 2677 1372 2754; baseline -0.002 -9"><span class='ocrx_word' id='word_1_137' title='bbox 284 2680 348 2746; x_wconf 88' lang='lat' dir='ltr'><strong>vim</strong></span> <span class='ocrx_word' id='word_1_138' title='bbox 363 2677 550 2745; x_wconf 87' lang='lat' dir='ltr'><strong>diffinitivae</strong></span> <span class='ocrx_word' id='word_1_139' title='bbox 571 2681 751 2745; x_wconf 90' lang='lat' dir='ltr'><strong>sententiae</strong></span> <span class='ocrx_word' id='word_1_140' title='bbox 776 2697 840 2745; x_wconf 91' lang='lat' dir='ltr'><strong>noo</strong></span> <span class='ocrx_word' id='word_1_141' title='bbox 862 2679 1054 2745; x_wconf 87' lang='lat' dir='ltr'><strong>habentibus</strong></span> <span class='ocrx_word' id='word_1_142' title='bbox 1077 2679 1237 2754; x_wconf 86' lang='lat' dir='ltr'><strong>terendis;</strong></span> <span class='ocrx_word' id='word_1_143' title='bbox 1254 2678 1306 2745; x_wconf 89' lang='lat' dir='ltr'><strong>coi</strong></span> <span class='ocrx_word' id='word_1_144' title='bbox 1330 2679 1372 2743; x_wconf 91' lang='lat' dir='ltr'><strong>sit</strong></span> 
     </span>
     <span class='ocr_line' id='line_1_22' title="bbox 283 2778 1368 2861; baseline -0.002 -17"><span class='ocrx_word' id='word_1_145' title='bbox 283 2779 459 2846; x_wconf 88' lang='lat' dir='ltr'><strong>auctoritas</strong></span> <span class='ocrx_word' id='word_1_146' title='bbox 481 2787 512 2844; x_wconf 91' lang='lat' dir='ltr'><strong>et</strong></span> <span class='ocrx_word' id='word_1_147' title='bbox 529 2785 673 2860; x_wconf 90' lang='lat' dir='ltr'><strong>potestas</strong></span> <span class='ocrx_word' id='word_1_148' title='bbox 696 2778 777 2845; x_wconf 91' lang='lat' dir='ltr'><strong>alios</strong></span> <span class='ocrx_word' id='word_1_149' title='bbox 791 2779 916 2861; x_wconf 85' lang='lat' dir='ltr'><strong>judices</strong></span> <span class='ocrx_word' id='word_1_150' title='bbox 932 2787 964 2848; x_wconf 88' lang='lat' dir='ltr'><strong>et</strong></span> <span class='ocrx_word' id='word_1_151' title='bbox 979 2779 1121 2861; x_wconf 89' lang='lat' dir='ltr'><strong>collegas</strong></span> <span class='ocrx_word' id='word_1_152' title='bbox 1145 2795 1201 2860; x_wconf 85' lang='lat' dir='ltr'><strong>per</strong></span> <span class='ocrx_word' id='word_1_153' title='bbox 1218 2794 1314 2843; x_wconf 90' lang='lat' dir='ltr'><strong>unum</strong></span> <span class='ocrx_word' id='word_1_154' title='bbox 1330 2795 1368 2842; x_wconf 83' lang='lat' dir='ltr'><strong>ex</strong></span> 
     </span>
     <span class='ocr_line' id='line_1_23' title="bbox 284 2877 1040 2961; baseline 0 -17"><span class='ocrx_word' id='word_1_155' title='bbox 284 2878 419 2946; x_wconf 91' lang='lat' dir='ltr'><strong>bedellis</strong></span> <span class='ocrx_word' id='word_1_156' title='bbox 434 2878 649 2954; x_wconf 84' lang='lat' dir='ltr'><strong>convocandi,</strong></span> <span class='ocrx_word' id='word_1_157' title='bbox 668 2895 767 2960; x_wconf 91' lang='lat' dir='ltr'><strong>quum</strong></span> <span class='ocrx_word' id='word_1_158' title='bbox 783 2895 836 2944; x_wconf 90' lang='lat' dir='ltr'><strong>res</strong></span> <span class='ocrx_word' id='word_1_159' title='bbox 852 2877 1040 2961; x_wconf 89' lang='lat' dir='ltr'><strong>postulabit.</strong></span> 
     </span>
    </p>
   </div>
   <div class='ocr_carea' id='block_1_4' title="bbox 285 3009 1371 3291">
    <p class='ocr_par' dir='ltr' id='par_1_7' title="bbox 285 3009 1371 3291">
     <span class='ocr_line' id='line_1_24' title="bbox 326 3009 1371 3094; baseline -0.002 -18"><span class='ocrx_word' id='word_1_160' title='bbox 326 3012 357 3076; x_wconf 77' lang='lat'><strong>2.</strong></span> <span class='ocrx_word' id='word_1_161' title='bbox 381 3010 530 3093; x_wconf 81' lang='lat' dir='ltr'><strong>Quinque</strong></span> <span class='ocrx_word' id='word_1_162' title='bbox 546 3010 674 3093; x_wconf 88' lang='lat' dir='ltr'><strong>judices</strong></span> <span class='ocrx_word' id='word_1_163' title='bbox 700 3011 950 3094; x_wconf 89' lang='lat' dir='ltr'><strong>appellationum</strong></span> <span class='ocrx_word' id='word_1_164' title='bbox 974 3011 1069 3076; x_wconf 87' lang='lat' dir='ltr'><strong>simol</strong></span> <span class='ocrx_word' id='word_1_165' title='bbox 1092 3011 1141 3076; x_wconf 89' lang='lat' dir='ltr'><strong>vel</strong></span> <span class='ocrx_word' id='word_1_166' title='bbox 1170 3009 1271 3093; x_wconf 82' lang='lat' dir='ltr'><strong>major</strong></span> <span class='ocrx_word' id='word_1_167' title='bbox 1297 3026 1371 3092; x_wconf 86' lang='lat' dir='ltr'><strong>pars</strong></span> 
     </span>
     <span class='ocr_line' id='line_1_25' title="bbox 285 3109 1370 3193; baseline -0.004 -17"><span class='ocrx_word' id='word_1_168' title='bbox 285 3111 442 3193; x_wconf 89' lang='lat' dir='ltr'><strong>ipsorum,</strong></span> <span class='ocrx_word' id='word_1_169' title='bbox 471 3109 623 3176; x_wconf 92' lang='lat' dir='ltr'><strong>omnibus</strong></span> <span class='ocrx_word' id='word_1_170' title='bbox 660 3117 766 3176; x_wconf 89' lang='lat' dir='ltr'><strong>tamen</strong></span> <span class='ocrx_word' id='word_1_171' title='bbox 804 3112 941 3186; x_wconf 85' lang='lat' dir='ltr'><strong>vocatis,</strong></span> <span class='ocrx_word' id='word_1_172' title='bbox 972 3125 1085 3176; x_wconf 87' lang='lat' dir='ltr'><strong>causas</strong></span> <span class='ocrx_word' id='word_1_173' title='bbox 1121 3109 1370 3192; x_wconf 91' lang='lat' dir='ltr'><strong>appellationum</strong></span> 
     </span>
     <span class='ocr_line' id='line_1_26' title="bbox 286 3207 1370 3291; baseline -0.004 -15"><span class='ocrx_word' id='word_1_174' title='bbox 286 3208 491 3276; x_wconf 88' lang='lat' dir='ltr'><strong>assatentiis</strong></span> <span class='ocrx_word' id='word_1_175' title='bbox 514 3207 663 3274; x_wconf 86' lang='lat' dir='ltr'><strong>Rectoris</strong></span> <span class='ocrx_word' id='word_1_176' title='bbox 689 3209 728 3274; x_wconf 87' lang='lat' dir='ltr'><strong>ad</strong></span> <span class='ocrx_word' id='word_1_177' title='bbox 755 3209 846 3291; x_wconf 92' lang='lat' dir='ltr'><strong>ipsos</strong></span> <span class='ocrx_word' id='word_1_178' title='bbox 872 3209 1134 3291; x_wconf 89' lang='lat' dir='ltr'><strong>interpositarum</strong></span> <span class='ocrx_word' id='word_1_179' title='bbox 1161 3216 1370 3290; x_wconf 86' lang='lat' dir='ltr'><strong>cognoscant,</strong></span> 
     </span>
    </p>
   </div>
   <div class='ocr_carea' id='block_1_5' title="bbox 285 3307 1374 3590">
    <p class='ocr_par' dir='ltr' id='par_1_8' title="bbox 285 3307 1374 3590">
     <span class='ocr_line' id='line_1_27' title="bbox 287 3307 1374 3392; baseline -0.002 -18"><span class='ocrx_word' id='word_1_180' title='bbox 287 3309 415 3392; x_wconf 89' lang='lat' dir='ltr'><strong>llneque</strong></span> <span class='ocrx_word' id='word_1_181' title='bbox 439 3307 547 3374; x_wconf 88' lang='lat' dir='ltr'><strong>debito</strong></span> <span class='ocrx_word' id='word_1_182' title='bbox 571 3324 666 3390; x_wconf 90' lang='lat' dir='ltr'><strong>quam</strong></span> <span class='ocrx_word' id='word_1_183' title='bbox 690 3309 882 3376; x_wconf 87' lang='lat' dir='ltr'><strong>brevissime</strong></span> <span class='ocrx_word' id='word_1_184' title='bbox 904 3309 1078 3375; x_wconf 88' lang='lat' dir='ltr'><strong>terminent</strong></span> <span class='ocrx_word' id='word_1_185' title='bbox 1100 3325 1138 3373; x_wconf 89' lang='lat' dir='ltr'><strong>ac</strong></span> <span class='ocrx_word' id='word_1_186' title='bbox 1159 3307 1324 3383; x_wconf 86' lang='lat' dir='ltr'><strong>deliniant.</strong></span> <span class='ocrx_word' id='word_1_187' title='bbox 1342 3317 1374 3372; x_wconf 92' lang='lat' dir='ltr'><strong>ct</strong></span> 
     </span>
     <span class='ocr_line' id='line_1_28' title="bbox 286 3405 1373 3490; baseline -0.004 -16"><span class='ocrx_word' id='word_1_188' title='bbox 286 3408 410 3474; x_wconf 88' lang='lat' dir='ltr'><strong>eisdem</strong></span> <span class='ocrx_word' id='word_1_189' title='bbox 435 3407 564 3484; x_wconf 85' lang='lat' dir='ltr'><strong>diebus,</strong></span> <span class='ocrx_word' id='word_1_190' title='bbox 589 3407 707 3490; x_wconf 90' lang='lat' dir='ltr'><strong>quibus</strong></span> <span class='ocrx_word' id='word_1_191' title='bbox 734 3409 852 3474; x_wconf 86' lang='lat' dir='ltr'><strong>Rector</strong></span> <span class='ocrx_word' id='word_1_192' title='bbox 876 3425 933 3490; x_wconf 91' lang='lat' dir='ltr'><strong>pro</strong></span> <span class='ocrx_word' id='word_1_193' title='bbox 961 3407 1110 3474; x_wconf 92' lang='lat' dir='ltr'><strong>tribunali</strong></span> <span class='ocrx_word' id='word_1_194' title='bbox 1137 3407 1252 3474; x_wconf 87' lang='lat' dir='ltr'><strong>sedere</strong></span> <span class='ocrx_word' id='word_1_195' title='bbox 1277 3405 1373 3482; x_wconf 91' lang='lat' dir='ltr'><strong>solet,</strong></span> 
     </span>
     <span class='ocr_line' id='line_1_29' title="bbox 285 3507 473 3590; baseline -0.011 -17"><span class='ocrx_word' id='word_1_196' title='bbox 285 3507 339 3590; x_wconf 77' lang='lat' dir='ltr'><strong>ius</strong></span> <span class='ocrx_word' id='word_1_197' title='bbox 354 3507 473 3572; x_wconf 86' lang='lat' dir='ltr'><strong>dicant.</strong></span> 
     </span>
    </p>
   </div>
   <div class='ocr_carea' id='block_1_6' title="bbox 289 3637 1376 4220">
    <p class='ocr_par' dir='ltr' id='par_1_9' title="bbox 289 3637 1376 4220">
     <span class='ocr_line' id='line_1_30' title="bbox 330 3637 1373 3723; baseline 0.003 -20"><span class='ocrx_word' id='word_1_198' title='bbox 330 3638 360 3704; x_wconf 87' lang='lat'><strong>3.</strong></span> <span class='ocrx_word' id='word_1_199' title='bbox 385 3638 508 3706; x_wconf 85' lang='lat' dir='ltr'><strong>Causae</strong></span> <span class='ocrx_word' id='word_1_200' title='bbox 526 3640 775 3723; x_wconf 86' lang='lat' dir='ltr'><strong>appellationum</strong></span> <span class='ocrx_word' id='word_1_201' title='bbox 796 3657 813 3704; x_wconf 89' lang='lat' dir='ltr'><strong>a</strong></span> <span class='ocrx_word' id='word_1_202' title='bbox 836 3639 994 3705; x_wconf 88' lang='lat' dir='ltr'><strong>sententia</strong></span> <span class='ocrx_word' id='word_1_203' title='bbox 1010 3637 1157 3705; x_wconf 86' lang='lat' dir='ltr'><strong>Rectoris</strong></span> <span class='ocrx_word' id='word_1_204' title='bbox 1180 3639 1213 3702; x_wconf 92' lang='lat' dir='ltr'><strong>io</strong></span> <span class='ocrx_word' id='word_1_205' title='bbox 1235 3637 1373 3706; x_wconf 84' lang='lat' dir='ltr'><strong>articulo</strong></span> 
     </span>
     <span class='ocr_line' id='line_1_31' title="bbox 289 3737 1371 3822; baseline -0.005 -17"><span class='ocrx_word' id='word_1_206' title='bbox 289 3738 503 3805; x_wconf 86' lang='lat' dir='ltr'><strong>correctionis</strong></span> <span class='ocrx_word' id='word_1_207' title='bbox 518 3739 587 3805; x_wconf 88' lang='lat' dir='ltr'><strong>slve</strong></span> <span class='ocrx_word' id='word_1_208' title='bbox 602 3740 713 3805; x_wconf 87' lang='lat' dir='ltr'><strong>statuti</strong></span> <span class='ocrx_word' id='word_1_209' title='bbox 737 3739 881 3822; x_wconf 89' lang='lat' dir='ltr'><strong>poenalis</strong></span> <span class='ocrx_word' id='word_1_210' title='bbox 897 3739 958 3804; x_wconf 86' lang='lat' dir='ltr'><strong>lata</strong></span> <span class='ocrx_word' id='word_1_211' title='bbox 976 3737 1239 3819; x_wconf 86' lang='lat' dir='ltr'><strong>interpositarum</strong></span> <span class='ocrx_word' id='word_1_212' title='bbox 1256 3737 1371 3803; x_wconf 84' lang='lat' dir='ltr'><strong>exemi·</strong></span> 
     </span>
     <span class='ocr_line' id='line_1_32' title="bbox 290 3836 1374 3921; baseline -0.006 -17"><span class='ocrx_word' id='word_1_213' title='bbox 290 3845 408 3904; x_wconf 90' lang='lat' dir='ltr'><strong>nentur</strong></span> <span class='ocrx_word' id='word_1_214' title='bbox 436 3837 643 3921; x_wconf 75' lang='lat' dir='ltr'><strong>periodicas</strong></span> <span class='ocrx_word' id='word_1_215' title='bbox 670 3839 932 3920; x_wconf 76' lang='lat' dir='ltr'><strong>aqrpsllatiouom</strong></span> <span class='ocrx_word' id='word_1_216' title='bbox 960 3836 1103 3902; x_wconf 88' lang='lat' dir='ltr'><strong>adnibito</strong></span> <span class='ocrx_word' id='word_1_217' title='bbox 1129 3851 1299 3902; x_wconf 86' lang='lat' dir='ltr'><strong>assessore</strong></span> <span class='ocrx_word' id='word_1_218' title='bbox 1325 3836 1374 3902; x_wconf 87' lang='lat' dir='ltr'><strong>rel</strong></span> 
     </span>
     <span class='ocr_line' id='line_1_33' title="bbox 291 3935 1375 4014; baseline -0.003 -12"><span class='ocrx_word' id='word_1_219' title='bbox 291 3935 439 4014; x_wconf 81' lang='lat' dir='ltr'><strong>Rectore,</strong></span> <span class='ocrx_word' id='word_1_220' title='bbox 467 3938 496 4002; x_wconf 88' lang='lat' dir='ltr'><strong>si</strong></span> <span class='ocrx_word' id='word_1_221' title='bbox 517 3953 688 4005; x_wconf 87' lang='lat' dir='ltr'><strong>assessore</strong></span> <span class='ocrx_word' id='word_1_222' title='bbox 712 3955 790 4004; x_wconf 89' lang='lat' dir='ltr'><strong>usus</strong></span> <span class='ocrx_word' id='word_1_223' title='bbox 816 3953 880 4003; x_wconf 91' lang='lat' dir='ltr'><strong>non</strong></span> <span class='ocrx_word' id='word_1_224' title='bbox 907 3937 976 4012; x_wconf 81' lang='lat' dir='ltr'><strong>luit,</strong></span> <span class='ocrx_word' id='word_1_225' title='bbox 999 3945 1033 4002; x_wconf 91' lang='lat' dir='ltr'><strong>et</strong></span> <span class='ocrx_word' id='word_1_226' title='bbox 1057 3935 1139 4001; x_wconf 84' lang='lat' dir='ltr'><strong>intra</strong></span> <span class='ocrx_word' id='word_1_227' title='bbox 1158 3935 1271 4002; x_wconf 88' lang='lat' dir='ltr'><strong>dacem</strong></span> <span class='ocrx_word' id='word_1_228' title='bbox 1292 3935 1375 4012; x_wconf 85' lang='lat' dir='ltr'><strong>dies,</strong></span> 
     </span>
     <span class='ocr_line' id='line_1_34' title="bbox 292 4033 1376 4121; baseline -0.005 -17"><span class='ocrx_word' id='word_1_229' title='bbox 292 4044 500 4121; x_wconf 86' lang='lat' dir='ltr'><strong>posteaquam</strong></span> <span class='ocrx_word' id='word_1_230' title='bbox 522 4037 556 4103; x_wconf 93' lang='lat' dir='ltr'><strong>iu</strong></span> <span class='ocrx_word' id='word_1_231' title='bbox 581 4053 680 4104; x_wconf 88' lang='lat' dir='ltr'><strong>causa</strong></span> <span class='ocrx_word' id='word_1_232' title='bbox 703 4037 766 4121; x_wconf 83' lang='lat' dir='ltr'><strong>erit</strong></span> <span class='ocrx_word' id='word_1_233' title='bbox 789 4037 992 4114; x_wconf 86' lang='lat' dir='ltr'><strong>conclusum,</strong></span> <span class='ocrx_word' id='word_1_234' title='bbox 1023 4035 1229 4112; x_wconf 86' lang='lat' dir='ltr'><strong>deliniantur,</strong></span> <span class='ocrx_word' id='word_1_235' title='bbox 1256 4033 1376 4117; x_wconf 88' lang='lat' dir='ltr'><strong>alioqui</strong></span> 
     </span>
     <span class='ocr_line' id='line_1_35' title="bbox 292 4133 1374 4220; baseline 0.001 -17"><span class='ocrx_word' id='word_1_236' title='bbox 292 4135 452 4220; x_wconf 82' lang='lat' dir='ltr'><strong>ejusmodi</strong></span> <span class='ocrx_word' id='word_1_237' title='bbox 467 4145 613 4219; x_wconf 91' lang='lat' dir='ltr'><strong>tempore</strong></span> <span class='ocrx_word' id='word_1_238' title='bbox 627 4137 719 4219; x_wconf 85' lang='lat' dir='ltr'><strong>lapsa</strong></span> <span class='ocrx_word' id='word_1_239' title='bbox 735 4135 873 4203; x_wconf 90' lang='lat' dir='ltr'><strong>liberum</strong></span> <span class='ocrx_word' id='word_1_240' title='bbox 894 4136 936 4202; x_wconf 89' lang='lat' dir='ltr'><strong>sit</strong></span> <span class='ocrx_word' id='word_1_241' title='bbox 952 4134 1081 4203; x_wconf 84' lang='lat' dir='ltr'><strong>llectori</strong></span> <span class='ocrx_word' id='word_1_242' title='bbox 1095 4133 1135 4200; x_wconf 86' lang='lat' dir='ltr'><strong>ad</strong></span> <span class='ocrx_word' id='word_1_243' title='bbox 1153 4133 1374 4206; x_wconf 83' lang='lat' dir='ltr'><strong>executionem</strong></span> 
     </span>
    </p>
   </div>
   <div class='ocr_carea' id='block_1_7' title="bbox 294 4236 770 4327">
    <p class='ocr_par' dir='ltr' id='par_1_10' title="bbox 294 4236 770 4327">
     <span class='ocr_line' id='line_1_36' title="bbox 294 4236 770 4327; baseline 0 -19"><span class='ocrx_word' id='word_1_244' title='bbox 294 4253 372 4310; x_wconf 86' lang='lat' dir='ltr'><strong>suae</strong></span> <span class='ocrx_word' id='word_1_245' title='bbox 386 4237 567 4308; x_wconf 88' lang='lat' dir='ltr'><strong>sententiaa</strong></span> <span class='ocrx_word' id='word_1_246' title='bbox 582 4236 770 4327; x_wconf 79' lang='lat' dir='ltr'><strong>proaedere.</strong></span> 
     </span>
    </p>
   </div>
   <div class='ocr_carea' id='block_1_8' title="bbox 0 0 1649 4944">
    <p class='ocr_par' dir='ltr' id='par_1_11' title="bbox 0 0 1649 4944">
     <span class='ocr_line' id='line_1_37' title="bbox 0 0 1649 4944; baseline 0 0"><span class='ocrx_word' id='word_1_247' title='bbox 0 0 1649 4944; x_wconf 95' lang='lat' dir='ltr'><strong> </strong></span> 
     </span>
    </p>
   </div>
  </div>
 </body>
</html>
