3194 4940
731 444 920 522 --tat-.

282 634 390 727 nolim
415 644 510 720 caput
537 653 576 704 eo
597 637 706 704 velere
731 638 849 711 soient,
873 648 904 704 et
930 638 978 716 sic
1003 643 1143 719 gestare.
1167 631 1235 700 lloc
1259 629 1364 716 palam

282 762 295 804 e
313 739 414 821 liquet
428 754 468 804 ex
483 737 648 820 pontificio
663 737 849 819 diplomate,
866 738 898 802 in
915 754 979 820 quo
994 736 1113 804 Rector
1127 733 1322 802 describitur
1334 740 1366 797 et

281 847 446 924 tornatur
460 835 598 920 (fallitur
617 836 665 902 hie
685 837 816 918 Lipsius,
834 843 867 901 ul
885 837 963 902 tttud
983 835 1082 900 obiter
1100 839 1218 910 uciem‚·
1233 831 1366 897 scribere

283 939 393 1002 neuim
419 936 523 1002 debuit
547 955 610 1002 nou
635 953 674 1002 ex
699 935 864 1017 pontificio
890 936 1074 1017 diplomate,
1102 934 1158 998 aed
1183 949 1222 998 ex
1244 933 1364 997 instru-

283 1062 296 1100 ι
314 1045 422 1102 mento
437 1035 610 1102 creationis
628 1035 720 1115 primi
736 1035 916 1122 Rectorisl:
936 1042 1050 1116 estque
1065 1051 1082 1098 a
1101 1031 1281 1115 principum
1294 1030 1365 1095 imi·

283 1135 435 1202 »tatione
460 1144 492 1200 et
517 1135 682 1216 exemplo,
706 1151 844 1216 quorum
868 1135 948 1200 tales
971 1135 1026 1200 ille
1052 1132 1128 1198 olim
1157 1131 1277 1198 cultus.
1305 1129 1364 1194 llic

283 1259 296 1296 ι
314 1236 443 1310 Baeton,
463 1242 496 1298 nt
517 1234 617 1316 tetigi,
635 1235 686 1298 ius
707 1250 805 1300 omne
825 1234 858 1298 in
874 1233 1090 1300 scholasticos
1106 1231 1213 1308 habet,
1230 1245 1365 1296 caussas

282 1333 413 1408 caudit,
431 1332 562 1408 decidit,
584 1333 728 1408 mulctat,
747 1333 838 1414 punit
853 1333 905 1412 (l).
928 1332 986 1398 Cui
1009 1331 1055 1397 rei
1080 1339 1246 1412 promotor
1269 1328 1365 1396 etiam

281 1442 362 1500 sest
383 1433 441 1511 (sic
464 1441 635 1513 praetorem
660 1440 805 1498 nostrum
831 1432 1041 1514 appellamus)
1059 1453 1066 1495 :
1084 1431 1137 1512 qui
1160 1429 1289 1494 iubente
1311 1435 1366 1492 aut

282 1531 537 1598 econsentiente
567 1531 723 1606 Rectore,
755 1548 859 1612 neque
887 1531 998 1606 aliter,
1031 1547 1144 1596 manns
1180 1528 1301 1610 inlicit,
1333 1525 1365 1590 in

283 1631 494 1698 »custodium
517 1640 550 1696 et
564 1630 691 1696 vincula
714 1631 810 1697 etiam
834 1631 933 1696 ducit.
957 1630 1146 1696 Grandioris
1170 1645 1263 1696 noxae
1286 1642 1364 1692 con·

283 1731 416 1796 euictos
439 1730 541 1810 punit,
558 1729 608 1795 vel
632 1729 747 1810 capite,
765 1729 792 1794 si
809 1730 912 1795 visum
936 1740 996 1808 est,
1014 1729 1072 1796 sed
1093 1745 1166 1794 raro
1182 1730 1285 1794 uisum
1304 1747 1312 1789 e
1333 1733 1365 1790 et

283 1854 297 1892 ιι
314 1829 420 1896 omnis
435 1830 496 1895 ista
512 1829 704 1894 iudiciorum
720 1829 876 1896 seueritas
888 1831 920 1894 in
935 1829 1137 1912 pecuniarias
1149 1829 1216 1894 iere
1230 1826 1365 1892 mulctas

283 1928 446 2004 »desinit‚
471 1927 657 2010 mitigatque
679 1928 801 1994 crirnen
825 1929 875 1996 vel
897 1940 975 1994 aetas
997 1927 1239 2001 adolescentie.
1259 1923 1308 1990 vel
1335 1933 1367 1988 et

284 2051 297 2114 e
315 2028 404 2092 lavor
418 2026 472 2108 qui
488 2026 605 2092 studiis
621 2025 767 2092 debetur.
784 2050 797 2088 e
817 2026 902 2094 llaec
918 2027 1057 2108 lipsius.
1070 2027 1164 2094 Notat
1180 2042 1256 2092 vero
1271 2023 1366 2088 Nico-

279 2127 351 2192 taus
367 2125 569 2199 Vernnlaeus,
592 2125 667 2190 dum
691 2126 835 2192 eamdem
857 2127 1062 2192 Academiam
1083 2124 1251 2196 describit.
1269 2123 1324 2187 lib.
1342 2122 1366 2198 Ι,

280 2239 351 2308 cap.
377 2223 424 2299 vl,
452 2239 571 2288 annum
592 2241 777 2300 mmmmm„
806 2241 870 2306 quo
893 2225 1028 2292 Carolus
1049 2225 1224 2306 imperator
1244 2221 1368 2286 tudooo

280 2321 523 2410 Rauensteinio‚
551 2322 715 2396 Tiletano.
743 2339 846 2389 sacrm
876 2324 1047 2406 theologias
1076 2322 1259 2398 licentiato,
1291 2329 1368 2385 tunc

281 2421 422 2497 idoctori,
451 2421 534 2486 latus
562 2421 686 2486 texerit.
716 2421 803 2488 idem
830 2423 944 2488 eodem
974 2424 1047 2489 loeo
1073 2438 1193 2488 annum
1219 2418 1367 2500 designat

280 2537 564 2602 clanculumque
581 2521 743 2586 Gerardus
758 2523 799 2586 de
814 2521 1032 2600 Groesltceck‚
1045 2522 1219 2604 episcopus
1235 2531 1267 2586 et
1282 2519 1369 2600 prin·

281 2637 359 2700 ceps
382 2619 582 2694 Leodiensis,
600 2629 631 2684 et
653 2621 798 2686 Andreas
821 2619 967 2698 Grillius,
991 2621 1153 2703 Rudolphi
1169 2620 1209 2696 tt,
1231 2621 1368 2700 impera·

282 2719 362 2784 toris
378 2720 416 2783 ad
435 2718 549 2800 Belgas
572 2718 710 2800 legatus,
728 2719 876 2786 [lectoris
899 2721 998 2786 latera
1017 2721 1177 2802 utrimque
1196 2717 1367 2784 cinxerint.

323 2841 341 2877 ιι
359 2817 474 2900 Negari
498 2833 575 2898 ergo
602 2834 666 2882 non
690 2827 797 2900 potest
813 2843 831 2880 u
857 2819 971 2902 linquit
995 2820 1148 2886 Nicolaus
1173 2817 1367 2892 Eversrdus

283 2917 367 2982 inter
391 2917 494 2997 prima
509 2916 690 2982 Academiae
711 2917 807 2984 huius
823 2918 943 2984 lumina
966 2919 999 2984 in
1014 2921 1105 2986 Locis
1120 2918 1189 2984 suis
1205 2916 1366 2999 localibus,

282 3017 356 3102 ioco
372 3033 464 3092 cxvi„
482 3015 524 3080 lie
540 3022 698 3097 tamquam
708 3035 763 3082 reu
774 3017 961 3100 uespertinis)
977 3043 993 3078 tt
1010 3018 1086 3100 quin
1103 3019 1222 3084 nector
1234 3017 1368 3081 Univer-

287 3114 423 3180 »sitatis
444 3115 487 3178 sit
508 3125 603 3195 caput
627 3114 864 3198 Unirepsitatis,
888 3126 920 3185 et
943 3135 1007 3184 non
1033 3119 1208 3201 episcopus
1234 3115 1296 3183 loci
1318 3114 1368 3181 rel

288 3211 481 3288 edioecesis,
509 3229 526 3278 a
548 3214 643 3280 cuius
666 3215 889 3283 iurisdictione
911 3219 1030 3284 Rector
1048 3225 1080 3284 et
1101 3233 1213 3284 omnes
1236 3216 1276 3282 do
1291 3213 1370 3280 Uni·

287 3311 473 3378 »versitate
495 3329 553 3394 per
574 3313 716 3394 speciale
738 3316 939 3398 privilegium
964 3326 1040 3382 sunt
1064 3316 1193 3398 penitus
1218 3313 1368 3394 exempti.

287 3434 302 3480 r
319 3409 358 3475 lit
375 3427 414 3476 ex
429 3413 639 3494 consequenti
661 3413 787 3480 videtur
802 3415 920 3482 Rector
936 3416 1155 3497 praeiercndus
1173 3415 1205 3480 in
1221 3415 1371 3481 sessione

289 3509 415 3576 »etiam
440 3510 594 3592 episcopo
618 3512 679 3578 ioci
695 3513 745 3578 vel
765 3515 930 3591 dioecesis,
946 3515 1001 3597 qui
1024 3515 1159 3582 interest
1180 3512 1265 3580 actui
1284 3512 1368 3578 ccle-

289 3632 303 3670 ι
322 3608 446 3675 orando
462 3609 495 3674 in
511 3609 736 3688 Universitate,
751 3630 814 3680 non
832 3624 864 3680 ut
876 3613 1047 3692 scholaris,
1061 3615 1118 3682 sed
1137 3623 1170 3680 ut
1182 3614 1368 3694 episcopus.

322 3840 359 3916 (l)
374 3867 388 3890 ι
400 3839 488 3908 Quem
502 3845 622 3917 amplam
633 3845 803 3906 Martinusll
816 3848 923 3906 dederit
935 3849 1082 3922 megnidco
1095 3849 1207 3906 domino
1218 3849 1328 3908 Rectori
1343 3850 1372 3906 ie

289 3956 302 3984 ι
318 3935 461 4006 supposita
475 3936 667 3994 Universitatie
679 3957 830 4014 eorumque
842 3943 993 4000 familiares
1001 3943 1234 4016 jurisdictionem,
1247 3959 1282 3998 ex
1294 3943 1373 3997 cells

291 4051 305 4076 ι
321 4027 490 4084 fundationis
510 4030 621 4085 obvium
640 4037 690 4089 est.
706 4033 863 4090 Alexander
876 4035 912 4090 Vi
932 4051 1005 4092 enno
1022 4035 1101 4107 1501,
1120 4036 1152 4092 15
1161 4035 1295 4106 januarii,
1309 4051 1372 4090 con·

291 4143 304 4168 ι
321 4119 403 4174 cessit
428 4119 516 4176 eidem
548 4139 628 4176 usum
658 4139 847 4182 censurarum.
865 4151 877 4174 ι
906 4129 1056 4190 Momnus.
1081 4129 1155 4184 true.
1180 4129 1299 4198 Locum,
1326 4127 1371 4186 ed.

245 4250 249 4260 .
288 4209 420 4290 Deliam,
437 4212 457 4279 1,
473 4229 500 4284 p.
517 4213 581 4270 468.
