3100 4942
190 616 362 693 assumpti,
387 617 647 683 concesserimus
672 618 743 684 sinc
764 619 985 693 statuerimus,
1009 615 1094 699 quud
1115 614 1223 681 eciam
1246 615 1280 681 lu

189 715 293 878 ξρὶόιοι
319 715 444 796 pretato
469 715 574 781 simile
603 715 744 782 studium
772 717 854 784 toret
881 717 915 781 in
946 713 1058 782 eadem
1081 713 1279 797 rneomgtcu

206 829 264 878 ucu
293 824 355 880 ete.

462 947 623 1005 concoctos
642 955 676 1004 dc
695 953 724 1004 lo
741 956 841 1016 sacena·
859 953 1016 1004 modic.

235 1084 304 1151 lios
327 1085 518 1152 dilectorum
542 1085 681 1153 liliorum
701 1088 919 1154 uniuersitatis
942 1085 1045 1168 ipsius
1061 1083 1158 1167 studij
1175 1084 1207 1148 in
1223 1083 1284 1149 bac
1359 1130 1364 1140 .

193 1193 288 1267 parte
316 1184 605 1267 supplicationibus
635 1185 790 1264 inclinati,
818 1185 943 1252 litteras
973 1201 1099 1250 necnon
1130 1193 1284 1249 statutum

197 1284 442 1366 predecessoris
466 1301 504 1351 ac
525 1285 765 1352 ordinationem
790 1296 824 1352 et
850 1285 1006 1350 indultum
1034 1283 1218 1348 btriusmodi
1244 1283 1284 1346 ad

195 1399 312 1450 omnes
334 1384 366 1446 in
380 1384 467 1449 dictu
482 1384 675 1466 rncotcgica
697 1385 847 1450 facultate
872 1383 1056 1466 tlupistros,
1073 1381 1285 1457 bicantistns,

194 1483 401 1549 Baccetarios
429 1495 461 1550 et
488 1485 633 1550 scalares
658 1484 881 1550 rniuorsitatis
914 1483 1059 1549 desdam
1094 1481 1287 1547 auctoritate

196 1581 378 1663 apostolica
397 1583 615 1661 extendimus,
641 1593 817 1665 tenoreque
839 1582 1044 1664 presencium
1068 1581 1287 1660 indulgemus,

197 1682 285 1763 quod
309 1681 428 1747 liector
449 1697 487 1748 ac
508 1699 622 1748 omnes
645 1693 678 1749 et
702 1683 822 1765 singuli
846 1691 1016 1764 presentes
1039 1689 1071 1745 et
1095 1677 1192 1744 loturi
1208 1678 1290 1743 iloc-

197 1791 300 1855 tnres,
326 1781 482 1862 Magistri,
506 1781 686 1859 licentiati,
711 1779 945 1862 Baccalarij'et
968 1779 1113 1845 scolares
1139 1776 1288 1860 predicti,

198 1879 351 1960 quamdiu
375 1879 493 1945 ibidem
517 1883 548 1944 in
564 1883 679 1963 quouis
696 1883 780 1947 licita
805 1882 955 1946 facultate
977 1879 1114 1961 legerint
1134 1878 1186 1942 rel
1210 1877 1291 1940 alias

199 1979 379 2042 litterarum
403 1980 510 2045 studio
531 1981 716 2045 huiusmodi
740 1980 924 2055 institerint,
942 1980 1079 2052 tructus,
1096 1975 1242 2040 redditus
1258 1982 1291 2038 et

200 2086 383 2158 prouentus
398 2095 673 2160 quorumcumque
688 2077 919 2144 beneficiorum
936 2091 1069 2142 suorum
1093 2071 1291 2140 ecclesiasti·

200 2191 315 2242 corum
331 2193 404 2242 cum
418 2193 496 2242 cura
508 2187 541 2242 ct
554 2179 627 2244 sine
639 2195 730 2252 cura,
742 2177 939 2243 secularium
950 2173 1214 2256 acregnlsriunt,
1228 2187 1291 2252 que

205 2291 266 2358 pro
282 2283 426 2358 tempore
439 2278 648 2350 obtinuerint,
665 2279 767 2342 eciem
789 2277 818 2341 si
835 2276 1044 2341 carronicatus
1067 2283 1099 2338 et
1116 2269 1292 2353 prebende,

205 2374 391 2456 dignitates,
409 2387 613 2456 personatus,
632 2387 785 2457 perpetue
803 2373 1099 2439 administrationes
1121 2370 1170 2434 rel
1186 2367 1292 2434 oliicia

206 2475 240 2538 iu
256 2475 494 2540 cathedralibus
515 2487 547 2542 et
563 2477 821 2557 metropolitanis
844 2491 901 2540 seu
925 2471 1104 2556 collegiatis
1128 2467 1290 2547 ecclesiis,

207 2583 240 2638 et
263 2573 437 2654 dignitates
463 2575 590 2654 ipsein
616 2575 867 2649 cathedralibus,
898 2573 996 2638 etiarn
1024 2567 1292 2650 metropolitanis,

207 2673 347 2737 maiores
374 2681 446 2752 post
472 2673 683 2754 pontificales,
705 2685 762 2739 aut
787 2675 819 2737 iu
846 2671 1026 2754 collegiatis
1048 2666 1197 2748 ecclesiis
1221 2679 1294 2746 pre-

206 2771 304 2836 dictis
327 2771 521 2852 principales
543 2773 671 2850 tuerint,
696 2783 728 2839 et
750 2775 789 2838 ed
814 2773 886 2837 illas
909 2787 947 2836 ac
974 2767 1158 2834 huiusmodi
1184 2779 1296 2847 perso-

208 2879 315 2945 natus,
346 2869 640 2936 administrationes
677 2872 726 2937 vel
757 2871 862 2938 cilicia
892 2867 1123 2935 consueuerint
1151 2865 1205 2946 qui
1237 2877 1296 2944 per

207 2969 399 3034 electionem
422 2970 556 3046 assumi,
573 2969 703 3052 illisque
725 2987 802 3034 curn
825 2969 989 3034 immineat
1011 2966 1203 3035 animarum,
1220 2977 1294 3026 curn

208 3083 245 3133 ea
260 3067 454 3150 integritate,
472 3069 641 3148 premissis
660 3067 943 3133 distributionibus
958 3067 1122 3131 dumtaxat
1138 3061 1294 3139 exceptis,

208 3165 310 3231 libere
336 3167 502 3247 percipere
528 3168 666 3240 releent,
691 3185 763 3232 cum
791 3183 854 3248 qua
877 3167 951 3231 illos
976 3164 1183 3246 perciperent
1208 3159 1236 3223 si
1263 3159 1295 3220 iu

209 3265 358 3346 ecclesiis
390 3265 460 3331 siue
490 3266 572 3332 locis
602 3267 832 3332 beneficiorum
868 3263 1052 3330 huiusmodi
1085 3257 1300 3342 personaliter

211 3363 403 3441 residerent,
417 3373 449 3430 et
464 3366 495 3429 in
512 3367 649 3448 singulis
662 3384 744 3448 quos
761 3367 829 3448 ipsa
843 3365 998 3432 beneflcio
1014 3364 1098 3428 iuxta
1112 3359 1298 3424 sanctiones

213 3465 387 3528 canonicas
413 3479 451 3529 ac
476 3473 593 3531 statuta
620 3477 652 3532 ct
682 3465 937 3532 consuetudines
963 3462 1173 3529 ecclesiarum
1203 3465 1300 3537 atque

214 3562 358 3626 locorum
389 3565 589 3641 eorumdem,
619 3565 669 3630 rel
700 3565 779 3630 alias
808 3564 908 3629 eciam
942 3563 1027 3628 circa
1057 3556 1297 3641 perceptionem

214 3659 388 3737 fructuum,
411 3662 595 3726 reddituum
618 3671 649 3728 et
672 3671 885 3744 prouentuum
911 3658 1095 3724 huiusmodi
1118 3653 1297 3736 requirunt,

213 3759 380 3824 ordinibus
406 3761 574 3826 constituti
601 3761 725 3838 iurent;
755 3770 787 3826 et
813 3761 852 3825 ud
880 3759 1084 3825 residendum
1113 3753 1240 3819 interim
1265 3751 1299 3813 in

212 3857 306 3922 dictis
329 3858 477 3940 ecclesiis
493 3859 563 3925 siue
586 3859 665 3925 locis
690 3860 819 3924 minime
834 3859 899 3922 sint
921 3857 1056 3932 astricti,
1081 3871 1142 3919 nec
1167 3853 1206 3916 ad
1234 3849 1299 3912 ide

213 3973 374 4038 quoquam
395 3959 545 4040 compelli
562 3959 687 4024 valeant
709 3958 818 4034 inuiti;
836 3958 987 4040 quodque
1003 3956 1137 4029 tructus,
1155 3950 1301 4016 redditus

216 4063 246 4119 et
262 4067 439 4136 prouentus
463 4058 603 4139 prelatos
626 4057 796 4140 quibusuis
813 4058 962 4139 personis
985 4055 1084 4121 eciam
1108 4051 1209 4124 laicis,
1227 4063 1301 4112 cum

217 4153 333 4235 quibus
358 4171 470 4221 eorum
500 4173 623 4222 menon
651 4157 811 4223 dictorum
839 4155 1069 4222 beneficiorum
1098 4149 1302 4217 conditiones
