3246 4944
700 439 884 520 -erl-

246 635 435 720 magnificus
450 636 601 702 dominus
621 637 738 702 Reclcr
755 637 972 704 clarissimum
988 637 1152 706 dominum
1167 639 1339 708 doctorem

242 745 273 801 el
288 735 508 802 consiliarium
525 736 722 825 Stephanum
740 736 1009 814 craesbelrium„
1026 739 1162 806 alterum
1183 740 1335 806 commis·

243 835 402 900 sariorum
425 835 531 900 dictae
554 835 760 912 visitationis,
784 845 892 916 petere
915 836 975 901 sibi
998 838 1067 926 dari
1089 838 1214 919 copiam
1239 847 1339 905 slatu-

245 944 350 999 torum
368 933 601 998 universitatis.
613 934 716 1010 Quare
733 933 840 1015 posuit
857 935 887 998 in
906 935 1140 1016 deliberatione
1155 954 1194 1001 un
1213 937 1337 1018 placeat

243 1032 424 1112 sumptibus
447 1032 670 1098 Universilelis
693 1033 834 1098 describi
859 1034 943 1100 dicta
968 1041 1085 1101 statura
1111 1036 1148 1100 ad
1178 1035 1273 1102 finem
1302 1047 1336 1102 ut

244 1131 305 1212 ipsi
343 1131 521 1196 tradantur.
554 1131 589 1196 lit
618 1149 656 1196 ex
695 1132 833 1196 unanimi
868 1131 1072 1199 dominorum
1102 1134 1334 1202 deliberatione

243 1230 403 1296 conclusit
419 1232 560 1312 placere.

287 1378 378 1444 «ilie
414 1379 555 1456 veneris,
587 1378 710 1444 decima
748 1388 859 1460 quarta
898 1381 1093 1462 septembris
1129 1381 1215 1461 [anni
1246 1382 1337 1461 llill'l]

245 1476 363 1542 indicte
390 1477 448 1542 luit
478 1477 641 1558 deputatio
671 1477 893 1542 Universitalis
912 1525 934 1540 ..
963 1481 1078 1545 lectae
1107 1488 1182 1544 sunt
1213 1481 1338 1546 litterae

248 1574 520 1641 commissariales
537 1576 797 1656 reverendissimi
813 1585 844 1642 ct
860 1577 1070 1642 illustrissimi
1083 1577 1206 1644 domini
1223 1577 1336 1644 Nuncii

246 1675 413 1756 apostolici
430 1674 486 1757 (l),
507 1673 628 1740 tenoris
644 1676 809 1756 sequentis
829 1698 837 1739 ε
940 1720 942 1725 -

288 1823 397 1900 Gurdo,
425 1823 481 1889 liei
513 1833 544 1888 et
573 1825 769 1904 apostolicae
805 1824 898 1890 Sedis
935 1825 1037 1906 gratia
1074 1825 1338 1908 archiepiscopus

246 1922 455 1998 ilbodieusis,
470 1922 508 1986 ad
521 1922 755 1988 serenissimos
769 1923 934 2004 Principes
946 1923 1110 1989 Albertum
1124 1935 1155 1988 et
1167 1924 1339 1990 isabellam

245 2022 368 2086 Claram
394 2021 581 2103 Eugenium,
600 2021 755 2086 lniantem
782 2022 1019 2102 Hispaniarum,
1036 2023 1236 2088 areliiduces
1256 2026 1338 2088 Aus-

247 2121 1337 2203 triaeconjugcs,lincesllurgundiaeacBrebantiae‚ecPlandriae

248 2219 400 2294 Comites.
430 2237 555 2286 necnon
586 2220 624 2284 ad
654 2221 840 2285 comitatum
875 2221 1077 2302 burgundiae
1107 2231 1138 2286 el
1168 2221 1335 2286 universas

247 2320 392 2400 Belgicae
415 2319 553 2385 ditiones
577 2330 607 2385 et
630 2319 777 2384 domania
803 2319 926 2384 eisdem
951 2319 1154 2398 Principibus
1177 2319 1333 2401 subjecta,

245 2418 442 2483 sanctissimi
463 2418 495 2482 in
518 2417 647 2484 cbristo
671 2417 770 2498 patris
796 2429 827 2484 et
851 2418 970 2482 domini
990 2419 1091 2482 nostri
1108 2417 1229 2482 domini
1246 2417 1334 2484 Pauli

244 2516 351 2580 divina
368 2517 572 2582 Providentia
590 2517 693 2598 Papae
711 2517 758 2592 V„
777 2528 808 2580 el
824 2516 969 2598 ejusdem
985 2517 1077 2582 Sedis
1095 2516 1239 2582 Nuncius
1261 2533 1333 2581 cum

246 2615 395 2680 lacultetc
430 2615 523 2696 legali
553 2632 570 2678 a
600 2614 712 2690 latere,
742 2615 918 2679 reverendo
948 2626 979 2680 et
1007 2615 1190 2680 clarissimo
1220 2614 1335 2679 loanni

251 2712 381 2787 brasio,
415 2729 526 2778 sacrae
567 2713 748 2794 theologiae
791 2713 967 2786 licentiato,
1000 2713 1105 2778 abbati
1150 2711 1338 2779 monasterii

251 2811 577 2890 recreassemus
604 2812 941 2889 Praetnonslralensis,
963 2807 1203 2878 Mccbliniensis
1231 2811 1339 2878 dioce-

252 2911 310 2986 sis,
347 2920 378 2976 el
416 2911 576 2993 Stephano
617 2909 808 2989 craesbele,
843 2911 963 2993 jurium
1004 2913 1141 2988 doctori,
1176 2912 1334 2976 dictorum

251 3009 537 3075 serenissimorum
566 3009 747 3090 Principum
775 3009 806 3072 in
836 3027 961 3098 eorum
979 3011 1114 3076 ducatus
1146 3010 1332 3076 Brabanliae

249 3111 365 3174 Senatu
393 3107 588 3182 consiliario,
607 3107 745 3172 Salutem
773 3108 804 3170 in
835 3109 967 3173 liomino
995 3109 1222 3189 sempiternam
1246 3118 1277 3173 et
1303 3109 1334 3170 ln

250 3207 434 3273 commissis
448 3207 585 3272 fideliter
600 3224 707 3288 agere.
722 3208 811 3282 Cum,
825 3207 908 3271 sicut
923 3208 1119 3288 accepimus,
1134 3207 1335 3272 Universites

252 3305 473 3381 Levaniensis,
502 3322 584 3388 quac
613 3305 685 3369 Sedi
716 3305 912 3386 apostolicae
943 3305 1124 3370 immediate
1153 3305 1275 3380 subest,
1305 3315 1337 3370 et

253 3405 360 3470 mullis
387 3405 426 3470 ab
453 3422 489 3470 ea
517 3403 692 3486 privilegiis
718 3413 750 3469 et
778 3404 1025 3469 aritelationibus
1053 3403 1204 3486 insignita
1234 3413 1336 3479 esta

253 3506 406 3571 memoria
427 3503 591 3570 bominum
608 3521 624 3568 a
642 3505 769 3569 nemine
785 3503 909 3568 visitata
926 3503 1033 3579 luerit,
1050 3511 1081 3568 et
1097 3502 1280 3569 verosimile
1295 3503 1336 3568 sit

252 3603 407 3685 temporis
424 3613 525 3668 tractu
549 3612 579 3668 el
596 3602 691 3684 hujus
708 3602 910 3682 potissimum
934 3601 1073 3668 difficilis
1096 3601 1196 3667 seculi
1220 3601 1334 3682 injuria

252 3700 369 3767 ibidem
393 3701 550 3783 quaedem
572 3700 706 3782 collegia
729 3715 803 3765 esse
825 3701 995 3765 obscurata
1018 3708 1085 3765 eta
1109 3698 1268 3782 primaeve
1284 3699 1333 3763 sni

287 3915 325 3986 (l)
345 3915 438 3970 G'l'ateil
462 3932 516 3970 une
536 3915 616 3971 lettre
636 3916 670 3969 de
689 3915 742 3970 dui
762 3913 946 3988 Benlivoglio‚
961 3913 1009 3985 qui
1026 3912 1117 3969 veneid
1130 3914 1163 3969 de
1176 3913 1338 3969 succedere

160 4006 163 4012 '
251 4007 321 4060 Dece
345 4007 444 4060 Geraia
467 4006 535 4060 dans
559 4007 585 4060 lc
608 4006 769 4060 noncialure
792 4005 825 4060 de
849 4005 1004 4060 Bruxellee.
1031 4005 1087 4058 Par
1109 4009 1180 4059 celle
1207 4005 1289 4060 lettre
1314 4006 1341 4059 le

249 4113 373 4151 nouvecu
390 4096 482 4150 Nonce
500 4097 673 4162 confirmed
694 4113 746 4166 peu
768 4096 830 4165 pres
849 4095 918 4148 dans
938 4094 987 4149 dcs
1008 4099 1107 4149 termes
1127 4094 1293 4167 locutique,
1311 4095 1337 4148 le

248 4186 331 4242 choix
344 4187 391 4240 des
406 4186 476 4240 deux
490 4187 692 4242 commisseires
706 4185 756 4239 isit
770 4202 819 4255 par
832 4201 881 4239 eon
896 4184 1102 4256 predeceeseur.

335 4313 357 4357 1.
1215 4291 1255 4354 38
