3236 4944
661 424 847 546 ss-toa-

215 660 341 726 roboris
359 659 538 725 firmitatem
555 662 714 738 obtinere,
733 679 857 730 necnon
874 661 1050 728 sententias
1071 669 1101 727 et
1125 678 1297 742 processus

212 760 352 838 ipsarum
378 759 555 824 litterarum
580 761 688 842 vigore
711 763 804 838 latas,
822 762 949 826 habitos
972 770 1003 826 et
1026 761 1186 837 decretos,
1203 762 1296 826 etiam

213 859 315 940 quoad
333 876 447 924 causas
465 869 539 923 tunc
557 861 745 940 pendentes,
764 863 906 927 valuisse
927 869 958 926 et
979 860 1087 926 valere
1109 862 1298 926 auctoritate
1392 853 1399 866 '

213 958 388 1040 apostoliea
419 975 456 1022 ex
487 968 573 1022 certa
605 959 738 1025 scientia
764 962 968 1026 deereuimus
995 967 1025 1024 et
1050 959 1297 1039 declamemus,

215 1058 349 1139 illasque
365 1056 541 1121 litterarum
562 1067 743 1124 nostrarum
763 1058 941 1140 patrocinio
964 1058 1245 1122 communiuimns.
1263 1058 1301 1122 Et

216 1155 423 1220 nihilominus
461 1155 586 1222 dilectis
624 1157 699 1222 filiis
738 1161 773 1223 B.
806 1159 904 1222 llarie
944 1156 1109 1222 barcensis
1145 1166 1233 1221 extra
1271 1165 1302 1222 et

216 1256 248 1319 S.
267 1254 433 1318 Gertrudis
454 1256 535 1319 intra
553 1273 663 1322 muros
679 1258 786 1338 oppidi
806 1257 1015 1322 Louaniensis
1033 1257 1301 1322 monasteriorum

216 1355 397 1430 abhatibus
425 1371 462 1418 ae
488 1355 610 1421 decano
638 1357 775 1422 ecclesie
801 1359 832 1420 S.
859 1357 940 1422 l‘etri
968 1355 1075 1437 oppidi
1103 1354 1301 1420 etdioeesis

217 1453 432 1535 predictorum
460 1454 581 1520 eisdem
611 1455 729 1520 nostris
757 1456 873 1520 litteris
900 1455 1046 1520 dedimus
1073 1453 1104 1516 in
1132 1453 1300 1528 mandatis,

216 1562 374 1635 qnatenus
392 1553 453 1634 ipsi
469 1554 520 1620 'vel
538 1555 601 1619 duo
618 1565 671 1621 aut
688 1573 771 1621 nnus
787 1571 911 1628 eorum,
931 1571 987 1634 per
1003 1569 1039 1618 se
1055 1553 1102 1617 rel
1126 1553 1222 1616 alium
1245 1571 1301 1617 sen

217 1654 309 1727 alios,
335 1653 456 1717 eisdem
482 1653 622 1730 hectori,
644 1653 844 1728 doctoribus,
864 1653 1037 1734 magistris,
1055 1652 1258 1716 scholaribus
1274 1661 1302 1716 et

218 1751 366 1832 personis
394 1751 535 1816 efficacis
561 1751 761 1818 detensionis
788 1753 906 1817 anxilio
934 1753 1125 1816 assistentes
1151 1755 1306 1832 (quosque

218 1869 277 1932 pro
294 1851 397 1931 ipsius
413 1851 642 1916 Uniuersitutis
655 1853 780 1934 iuribus
796 1862 826 1918 et
850 1852 1050 1918 libertatibus
1073 1849 1306 1916 conseruandis

220 1953 251 2014 in
277 1951 383 2016 locum
407 1951 565 2015 dictorum
584 1953 726 2032 priorum
747 1953 890 2033 jndienm
908 1955 1159 2016 conseruatores
1175 1951 1307 2030 deputa-

221 2052 326 2114 nimus
350 2059 380 2114 et
403 2051 669 2130 surrogauimnsl,
690 2052 859 2132 premissa.
882 2052 934 2116 ubi
958 2060 989 2115 et
1011 2050 1139 2132 qnando
1163 2049 1309 2114 viderent

221 2149 385 2230 expedire,
410 2149 600 2214 solemniter
623 2151 837 2232 publicantes,
855 2150 978 2216 litteras
1003 2151 1089 2230 ipsas
1112 2165 1308 2230 exequeren-

222 2258 285 2322 tur,
316 2259 347 2313 et
377 2249 408 2310 in
441 2248 549 2313 causis
578 2267 636 2329 pro
667 2246 949 2330 tempore'eoram
981 2248 1027 2314 eis
1058 2248 1249 2312 introductis
1279 2253 1310 2311 et

222 2347 433 2429 pendentibus
457 2348 536 2413 alias
557 2349 646 2430 juxta
669 2349 813 2428 ipsarum
838 2347 1067 2414 continentiam
1084 2347 1259 2410 litterarum
1278 2344 1309 2408 in

221 2447 370 2513 omnibns
387 2455 418 2510 et
435 2447 613 2527 peremnia
631 2449 763 2529 perinde
781 2447 994 2528 procederent
1009 2463 1046 2510 ae
1061 2445 1088 2509 si
1110 2445 1216 2509 littere
1238 2443 1309 2524 ipse

222 2561 239 2610 a
268 2545 425 2627 principio
452 2546 500 2609 eis
527 2547 649 2611 directe
675 2547 867 2622 extitissent,
896 2554 989 2628 prout
1016 2545 1046 2607 in
1075 2543 1309 2624 posterioribus

223 2643 340 2708 litteris
357 2645 477 2708 nostris
495 2645 678 2709 huiusmodi
696 2645 821 2725 plenius
837 2645 1031 2710 continetur.

267 2741 343 2806 Cum
353 2753 470 2818 autem,
482 2744 565 2808 sient
578 2743 716 2808 exhibita
731 2743 824 2809 nobis
839 2761 940 2824 nuper
954 2759 1010 2824 pro
1024 2751 1112 2823 parte
1126 2742 1312 2808 eorumdem

227 2841 385 2917 hectoris,
410 2841 591 2916 doctorum,
622 2842 860 2923 magistrorum,
889 2842 1085 2906 scholarium
1112 2849 1143 2906 et
1170 2841 1312 2905 eiusdem

226 2940 451 3006 Uniuersitutis
483 2957 693 3021 personarum
725 2941 835 3021 petitio
865 2940 1059 3018 continebat,
1088 2940 1172 3020 quod
1201 2939 1314 3020 prelati

225 3040 323 3104 abbas
351 3039 537 3104 monasterii
565 3039 600 3102 B.
624 3039 721 3104 llarie
748 3040 917 3104 Parcensis
942 3047 973 3104 et
999 3039 1141 3104 decanus
1167 3038 1313 3103 eiusdem

226 3138 365 3204 ecclesie
391 3137 422 3200 S.
454 3137 534 3202 Petri
564 3139 594 3200 in
627 3139 794 3218 premissis
826 3137 1034 3218 exequendis,
1063 3136 1314 3201 subsistentibus

226 3237 324 3302 cortis
363 3236 608 3300 rationabilibus
638 3236 757 3308 causis,
788 3236 908 3300 eisdem
939 3235 1081 3311 hectori,
1112 3233 1314 3309 doctoribus,

228 3335 401 3416 magistris,
416 3334 620 3400 scholaribus
635 3343 665 3399 ot
679 3334 781 3416 ipsius
798 3334 1027 3399 Uniuersitutis
1043 3334 1193 3414 personis
1211 3333 1316 3396 minus

229 3436 324 3499 utiles
353 3435 425 3499 siue
455 3433 687 3498 conuenientes
723 3433 874 3510 existant,
908 3449 965 3512 pro
1003 3443 1092 3513 parte
1130 3431 1316 3496 eorumdem

229 3533 387 3608 hectoris,
406 3533 586 3606 doctorum,
605 3533 844 3614 magistrorum,
862 3531 1058 3596 scholarium
1080 3537 1110 3596 et
1133 3530 1218 3596 dicte
1241 3529 1317 3593 Uni·

231 3633 392 3697 uersitutis
416 3647 626 3712 personarum
652 3631 745 3696 nobis
769 3631 826 3695 luit
849 3629 1012 3695 humiliter
1035 3628 1260 3710 supplicatum,
1284 3637 1317 3692 ut

229 3748 246 3795 a
271 3731 401 3811 prelatis
424 3731 536 3794 abbate
562 3729 746 3795 monasterii
773 3729 807 3792 B.
827 3728 923 3794 llario
948 3727 1116 3792 Parcensis
1141 3736 1172 3792 et
1194 3727 1317 3791 deeano

229 3829 367 3895 ecclesie
397 3830 428 3893 S.
457 3829 539 3894 Petri
570 3845 697 3894 omnem
731 3837 933 3908 potestatem,
959 3826 1218 3908 jurisdictionem
1248 3826 1319 3890 sine

231 3929 409 3993 laenitatem
425 3927 455 3991 in
471 3927 637 4009 premissis
651 3928 804 4001 adimere,
819 3943 973 3992 reuocare
986 3935 1017 3990 et
1030 3941 1192 4000 amouere,
1204 3935 1234 3990 et
1247 3925 1320 3989 loeo

231 4028 375 4107 ipsorum
394 4043 452 4091 vos
470 4043 643 4107 surrepere
658 4037 690 4091 et
703 4028 868 4108 deputare,
886 4041 922 4090 ac
938 4025 1018 4090 alias
1036 4024 1132 4090 eisin
1156 4023 1323 4105 premissis

233 4135 413 4205 opportune
437 4127 607 4206 prouidere
631 4125 671 4188 de
694 4125 889 4206 benignitate
912 4123 1088 4205 apostolica
1103 4121 1320 4204 dignaremur.
