3236 4944
683 455 867 527 -lsl-

229 644 392 730 ciuitatum
408 651 439 710 et
455 641 632 710 diocesinm
649 661 686 709 ac
710 645 844 726 partium
869 644 1097 726 predictarum,
1115 646 1169 728 qui
1193 645 1314 712 Nomen

230 745 354 812 bomini
370 745 401 810 in
415 761 547 809 vacuum
562 743 706 824 recipere
721 762 783 810 non
797 743 1021 820 formidabant,
1037 745 1160 812 eisdem
1173 745 1315 822 Rectori,

230 845 430 920 doctoribus
463 844 639 924 magistris,
664 845 867 909 scholaribus
898 853 929 909 et
960 845 1062 924 ipsius
1091 845 1317 910 Uniuersitatis

231 943 391 1025 personis,
415 959 513 1021 snper
538 944 666 1018 castris,
691 943 788 1022 villis,
815 943 907 1023 locis,
933 945 1041 1020 terris,
1063 944 1223 1018 domibus,
1242 961 1317 1025 pos·

201 1041 445 1116 *sessionibus
467 1040 607 1122 juribus,
632 1041 925 1122 jurisdictionibus,
955 1042 1123 1120 fructibus,
1151 1042 1316 1117 censibus,

231 1141 422 1214 redditibus,
441 1140 650 1220 prouentibus
667 1151 698 1204 et
715 1140 807 1206 bonis
832 1141 996 1222 predictis,
1016 1159 1141 1207 necnon
1166 1143 1317 1224 pecunia·
1363 1165 1365 1170 ·

232 1257 301 1304 rum
318 1240 465 1314 summis,
482 1239 546 1302 illis
562 1240 656 1303 etiam
680 1240 863 1304 huiusmodi
887 1241 1066 1306 rationibus
1088 1240 1217 1316 debitis,
1237 1243 1317 1307 mul-

231 1339 356 1419 tiplices
379 1338 543 1404 molestias
565 1349 596 1404 et
619 1338 752 1402 iniurias
775 1339 951 1404 inferebant
976 1341 1096 1420 pariter
1118 1349 1148 1404 et
1165 1339 1315 1416 iacturas,

230 1455 353 1518 eosque
378 1437 519 1502 diuersis
544 1437 726 1502 verbalibus
756 1446 786 1502 et
817 1438 958 1504 realibus
988 1438 1192 1504 contumeliis
1222 1447 1317 1520 atque

230 1535 410 1616 dispendiis
426 1536 566 1611 allicere,
584 1547 614 1601 ei
630 1545 740 1601 contra
759 1537 926 1618 priuilegia
945 1555 1068 1603 necnon
1085 1540 1317 1604 concessiones

232 1645 262 1700 et
288 1635 407 1700 indulta
429 1653 447 1698 a
469 1635 551 1700 Sede
574 1635 751 1716 apostolica
777 1637 984 1702 Uniuersitati
1001 1647 1032 1702 ct
1049 1637 1151 1718 ipsius
1169 1639 1318 1718 personis

231 1735 352 1799 eisdem
368 1735 530 1810 attributa,
550 1742 669 1799 temere
685 1745 716 1799 et
737 1736 775 1800 de
802 1736 883 1800 lacto
907 1735 1029 1814 venire,
1047 1736 1174 1818 illoque,
1194 1737 1316 1802 modica

197 1863 199 1868 ·
232 1833 376 1913 ipsorum
413 1833 598 1898 auctoribus
634 1833 786 1898 dilatione
816 1844 959 1912 ostensa,
991 1845 1144 1915 qnantum
1175 1836 1206 1898 in
1236 1835 1317 1916 ipsis

235 1931 400 2006 existebat,
419 1933 592 2013 intringere
609 1949 670 1996 non
688 1933 891 1998 verebantur.
910 1935 954 1998 hc
972 1951 1029 2015 pro
1046 1943 1134 2014 parte
1156 1935 1316 2016 quondam

236 2031 383 2113 Philippi,
413 2031 505 2096 ducis
542 2031 723 2104 Brabentie,
757 2049 881 2096 necnon
913 2033 1127 2112 predictorum
1158 2033 1317 2111 Restatis,

234 2129 415 2202 doctorum,
437 2129 675 2210 magistrorum,
698 2129 893 2195 scholarium
920 2141 950 2195 et
978 2147 1188 2212 personarum
1215 2133 1319 2197 cidem

237 2229 459 2310 predecessori
487 2227 650 2293 humiliter
676 2229 867 2309 supplicato,
894 2239 926 2294 ut
949 2230 1092 2302 Rectori,
1117 2231 1319 2306 doctoribus,

236 2329 408 2408 magistris,
432 2327 635 2392 scholaribus
658 2337 689 2393 et
711 2329 795 2394 dicte
817 2329 1044 2394 Uniuersitatis
1072 2330 1220 2410 personis
1248 2349 1318 2411 pre-

235 2428 330 2493 dictis
345 2443 442 2508 snper
458 2427 508 2491 his
523 2437 703 2507 opportune
717 2429 888 2507 prouidere
899 2435 1038 2502 cureret,
1052 2429 1135 2493 idem
1150 2429 1316 2506 Martinus,

235 2527 458 2608 predecessor,
483 2527 581 2590 certis
604 2523 768 2604 judicibus
791 2527 861 2590 siue
884 2527 1185 2602 conseruatoribus,
1205 2544 1318 2592 eornm

236 2625 376 2705 propriis
411 2624 595 2688 nominibus
626 2641 690 2688 non
719 2625 892 2704 expressis,
925 2625 994 2690 suis
1024 2625 1140 2690 lilteris
1170 2627 1257 2692 dedit
1287 2627 1319 2690 in

236 2724 403 2798 mandatis,
421 2724 505 2804 quod
534 2723 609 2804 ipsi,
627 2725 676 2788 rel
703 2723 767 2788 duo
794 2735 848 2788 sut
876 2741 958 2788 unus
986 2741 1109 2800 eornm,
1127 2742 1183 2806 per
1209 2742 1244 2790 se
1270 2726 1319 2792 rel

234 2821 329 2887 alium
360 2839 416 2886 sen
447 2822 540 2898 alios,
572 2823 665 2886 etiam
696 2824 724 2887 si
754 2833 864 2888 essent
894 2833 981 2889 extra
1021 2824 1102 2899 loca,
1134 2825 1166 2887 in
1202 2824 1321 2906 quibus

235 2920 376 3001 deputati
403 2929 512 2985 essent
534 2922 787 2986 conseruatores
811 2931 841 2987 et
861 2921 998 3002 jndices,
1024 2921 1154 3003 prelatis
1177 2923 1317 3000 Reclcri,

235 3019 435 3095 doctoribus,
453 3019 625 3102 magistris,
647 3020 850 3084 scholaribus
872 3029 903 3085 et
926 3021 1069 3085 eiusdem
1093 3021 1319 3086 Uniuersitatis

194 3129 202 3132 “
236 3119 394 3198 personis,
431 3117 571 3182 efficacis
608 3118 805 3183 delensionis
842 3119 983 3199 presidio
1020 3119 1220 3194 assistentes,
1254 3136 1317 3184 non

235 3218 455 3298 permitterent
483 3219 614 3281 eosdem
645 3234 742 3297 super
770 3218 937 3296 premissis
967 3228 998 3282 et
1023 3217 1221 3298 quibuslibet
1247 3218 1317 3282 aliis

234 3315 339 3394 bonis,
364 3317 459 3381 rebus
482 3333 518 3380 ac
541 3315 680 3396 juribus.
707 3317 744 3378 ad
773 3316 846 3380 illos
873 3317 1087 3381 communiter
1112 3317 1161 3381 vel
1189 3315 1318 3382 diuisim

234 3415 463 3495 spectantibus,
482 3431 497 3477 a
523 3415 692 3495 quibusnis
716 3413 857 3479 indebite
879 3415 1057 3488 molestari,
1073 3415 1124 3480 rel
1141 3415 1189 3479 eis
1204 3431 1321 3497 graua-

235 3513 329 3588 mina,
354 3513 488 3595 injurias
515 3513 584 3578 siue
611 3514 724 3577 damna
752 3513 898 3595 irrogari,
924 3522 977 3578 ant
1003 3522 1114 3577 contra
1140 3514 1319 3594 priuilegia,

233 3613 465 3678 concessiones
492 3621 522 3677 et
547 3613 669 3677 indulta
696 3612 756 3676 sub
782 3629 984 3694 quacumque
1014 3612 1187 3678 verborum
1217 3613 1318 3678 forma

233 3711 313 3790 ipsis
339 3711 479 3786 hectori,
509 3711 709 3785 doctoribus,
739 3710 914 3790 magistris,
942 3711 1145 3775 scholaribus
1172 3727 1209 3775 ac
1235 3711 1319 3776 dicte

234 3810 460 3876 Uniuersitatis
489 3811 650 3890 personis,
675 3827 691 3873 a
719 3809 801 3874 Sede
830 3809 969 3889 predicta
994 3809 1045 3874 vel
1068 3809 1147 3873 alias
1164 3809 1320 3876 hactenus

231 3927 401 3986 concessa,
431 3927 488 3974 seu
517 3927 555 3974 cx
583 3920 659 3974 tnnc
685 3909 716 3972 in
745 3917 909 3988 posterum
936 3909 1177 3990 quomodolibet
1202 3927 1320 3974 conce-

231 4008 348 4082 denda,
366 4009 494 4088 infringi
511 4025 568 4074 sen
587 4008 698 4072 violari
715 4008 928 4088 aliquatenus
942 4009 992 4072 vel
1009 4005 1103 4072 etiam
1120 4007 1317 4089 impugnari;

233 4107 344 4174 lecturi
364 4108 459 4172 dictis
482 4108 622 4180 Rectori,
640 4107 840 4179 doctoribus,
860 4105 1034 4188 magistris,
1053 4106 1257 4171 scholaribus
1280 4124 1317 4172 ac

232 4205 334 4287 ipsius
347 4205 569 4270 Uniuersitatis
583 4207 741 4286 personis,
753 4223 824 4269 cnm
841 4205 1015 4281 cheisnei
1033 4205 1176 4296 ipsorum
1194 4206 1313 4287 aliquo,
