3100 4942
664 501 846 565 -137-

197 677 265 759 sijs
289 679 442 758 predictis
464 697 521 759 per
536 681 681 746 locorum
698 679 789 745 Ordi-
810 681 815 761 Ι
835 680 944 744 uarios
959 679 998 743 ad
1015 678 1202 744 exercitium
1218 696 1300 744 oure

198 777 386 854 animarum
410 779 695 858 parrocbianorum
718 779 903 844 earumdem
928 777 1134 842 instituendis
1157 777 1296 856 singulis

200 876 362 955 congruis
385 877 587 956 portionibus
608 878 782 960 dequibus
798 878 860 957 ipsi
877 876 992 957 l'icarij
1010 876 1185 940 sustentari
1204 877 1298 956 Epis·

202 976 335 1056 copulia
357 975 426 1040 iura
448 977 578 1042 soluere
601 993 638 1042 ac
664 979 725 1042 alia
751 977 799 1042 eis
824 975 1041 1040 incumbentia
1068 992 1125 1056 pro
1151 984 1299 1055 ternpore

205 1089 309 1138 onera
330 1084 520 1154 supportare
542 1077 712 1141 commode
736 1087 896 1155 poterunt,
915 1075 945 1137 in
972 1091 1050 1138 usus
1073 1083 1105 1139 et
1128 1074 1297 1138 utilitatem

204 1171 421 1238 obtinentium
445 1189 503 1253 pro
527 1183 670 1253 tempore
692 1175 852 1240 creandos
873 1185 905 1239 ot
928 1174 1146 1240 instituendos
1161 1172 1298 1236 canoni·

205 1283 301 1335 catus
316 1281 348 1336 rt
364 1272 545 1351 prebendas
564 1274 569 1352 Ι
589 1272 771 1338 huiusmodi
790 1273 955 1353 punitione
975 1272 1083 1337 leuare
1104 1283 1300 1336 conuertere

204 1381 240 1436 et
257 1382 413 1450 perpetuo
429 1371 568 1436 retinere
583 1373 831 1438 diocesanorum
848 1373 993 1438 locorum
1009 1381 1041 1436 et
1055 1369 1201 1435 cuiusuis
1217 1371 1297 1435 alle-

204 1469 278 1532 rius
294 1469 429 1534 licencia
443 1486 542 1549 supet·
557 1471 619 1536 boc
634 1471 764 1535 minime
780 1471 947 1552 requisita.
961 1469 998 1534 Et
1013 1470 1145 1548 insuper
1160 1469 1187 1533 si
1206 1470 1300 1534 unio-

208 1569 508 1634 nemanuexionem
531 1579 563 1634 et
585 1570 878 1649 incorporationem
901 1569 1084 1634 huiusmodi
1108 1586 1165 1649 per
1180 1585 1240 1632 uos
1263 1579 1299 1634 ut

207 1667 405 1748 premittitur
421 1668 532 1748 uigore
549 1670 744 1748 presentium
762 1669 831 1734 deri
843 1667 1048 1750 contingeriu
1062 1668 1298 1748 quamprimum

207 1766 265 1830 ille
282 1781 338 1845 per
354 1782 413 1832 uos
429 1767 512 1832 lacte
528 1767 656 1841 luerint,
675 1769 705 1831 in
729 1769 797 1848 ipsa
820 1768 958 1834 ecclesia
982 1767 1083 1832 sancti
1110 1767 1192 1831 Petri
1214 1766 1297 1830 ultra

226 1864 357 1944 ldictos
380 1855 546 1930 decentet
568 1876 642 1932 octo
664 1867 742 1930 inibi
766 1868 941 1932 existentes
964 1865 1146 1946 quindecim
1174 1865 1223 1930 uel
1251 1873 1298 1929 tol

205 1964 294 2028 sicut
310 1963 468 2030 fructibus
484 1965 662 2030 redditibus
677 1976 709 2031 et
722 1966 933 2046 prouentibus
945 1965 998 2046 qui
1011 1965 1213 2030 exomnibus
1225 1980 1297 2042 par-

206 2061 410 2126 rocbialibus
425 2062 574 2143 ecclesiis
591 2064 744 2144 predictis
761 2064 891 2144 prelatis
907 2063 1115 2129 reseruandis
1132 2079 1190 2142 pro
1207 2062 1298 2126 ilica·

207 2159 270 2240 riis
285 2161 488 2240 portionibus
503 2162 670 2228 del'aicatis
686 2164 884 2228 resultabunt
900 2163 1032 2228 attentis
1056 2161 1150 2227 uobis
1174 2160 1296 2226 uidebi-

208 2269 275 2336 tur,
300 2275 359 2340 pro
386 2260 531 2326 formatis
558 2261 589 2324 in
616 2262 789 2344 Theologia
815 2261 1000 2344 Bacallarljs
1021 2262 1093 2326 siue
1115 2260 1146 2324 in
1168 2260 1220 2324 illa
1243 2270 1298 2324 aut

210 2357 383 2432 Medicina,
409 2359 459 2424 uel
480 2359 535 2440 qui
559 2375 615 2440 per
636 2361 691 2424 lri·
712 2367 717 2440 Ι
736 2362 867 2426 ennium
890 2363 1037 2441 legerunt
1059 2359 1109 2424 uel
1133 2368 1298 2434 rexerunt,

210 2467 287 2536 post
311 2459 551 2539 susceptionem
580 2459 750 2541 Magisterij
777 2463 897 2542 gradus
921 2461 952 2524 iu
982 2459 1105 2524 artibus
1134 2458 1300 2540 blagisnls

210 2555 284 2620 siue
306 2556 338 2620 in
363 2566 498 2638 utroque
523 2557 572 2622 nel
589 2559 689 2624 altero
707 2560 776 2625 iure
793 2559 985 2624 Ductoribus
1010 2569 1064 2622 aut
1090 2574 1162 2622 oum
1189 2557 1299 2637 rigore

206 2655 368 2720 examinis
390 2655 573 2722 Licentiatis
595 2657 627 2720 in
648 2660 762 2724 codena
785 2659 893 2722 studio
916 2657 1098 2739 legentibus
1116 2657 1167 2722 rrcl
1184 2673 1297 2737 regen·

207 2753 297 2818 tibus
313 2771 371 2835 pro
395 2765 539 2835 tempore
560 2757 672 2822 eadem
694 2758 884 2822 auctoritate
904 2756 1034 2831 crectis,
1052 2766 1084 2820 cl
1107 2753 1296 2825 instituatis.

207 2869 248 2917 ac
272 2870 330 2932 pro
345 2854 489 2934 ipsorum
508 2855 583 2920 dote
599 2858 792 2921 resultantes
810 2857 933 2921 tructus
950 2855 1095 2920 redditus
1109 2866 1141 2919 et
1157 2869 1298 2934 prouen-

208 2963 262 3017 tus
286 2969 356 3032 pre-
373 2953 379 3032 Ι
398 2953 503 3018 dictos
525 2954 609 3020 inter
630 2954 813 3020 obtinentes
837 2971 894 3034 pro
916 2965 1061 3034 ternpore
1083 2953 1243 3018 creandos
1264 2963 1296 3016 ct

207 3051 427 3116 instituendos
443 3052 655 3118 canonicatus
671 3063 703 3116 et
720 3053 899 3132 prebendas
911 3054 1043 3118 eosdem
1056 3052 1214 3132 equaliter
1227 3067 1295 3130 per·

207 3149 378 3224 oipiendos
400 3151 571 3231 deputatis,
588 3161 620 3216 el
634 3152 808 3232 assignetis
824 3153 953 3233 illisque
969 3167 1027 3232 pro
1043 3153 1162 3216 decore
1178 3165 1296 3215 uenus·

207 3258 273 3312 tate
286 3248 430 3328 prolecto
444 3260 476 3314 el
493 3249 627 3315 ulilitale
642 3250 727 3315 dicte
742 3251 880 3316 ecclesie
895 3251 998 3315 sancti
1017 3250 1100 3314 Petri
1117 3249 1296 3314 secundum

207 3359 318 3412 cestre
346 3347 552 3412 discretionis
575 3349 741 3414 arbitrium
767 3365 866 3414 onera
891 3349 1037 3414 adiciotis
1064 3359 1095 3414 et
1120 3345 1296 3428 imponatis

205 3462 334 3510 necrron
357 3447 505 3512 statuatis
527 3447 708 3512 decernatis
723 3458 755 3514 et
771 3447 928 3514 ordinetis
944 3448 1028 3528 quod
1046 3457 1177 3512 extunc
1196 3446 1201 3526 Ι
1221 3462 1293 3525 per·

206 3545 313 3625 petuis
339 3545 455 3610 laturis
482 3546 681 3626 temporibus
707 3547 738 3610 in
766 3548 886 3627 prelata
912 3546 1049 3612 ecclesia
1076 3545 1178 3610 sancti
1209 3544 1294 3610 Petri

205 3643 459 3710 canonicatuum
475 3654 506 3710 et
519 3645 755 3726 prebendarum
769 3662 922 3710 numerus
934 3645 988 3726 qui
1002 3645 1079 3708 inibi
1094 3661 1195 3726 usque
1208 3661 1297 3708 rrunc

204 3743 277 3820 luit,
295 3753 342 3808 lot
356 3745 441 3824 quod
465 3747 504 3822 ll)
527 3745 559 3808 in
582 3761 619 3810 ea
642 3745 728 3811 dicto
753 3745 864 3825 uigore
886 3745 1039 3810 creabitis
1062 3755 1094 3810 et
1118 3743 1295 3810 instituatis

202 3839 455 3908 canonicatuum
482 3853 514 3908 et
543 3843 775 3924 prebendarum
806 3859 960 3908 numerus
989 3844 1030 3908 sit
1060 3853 1092 3908 et
1120 3852 1297 3908 censeatur

201 3941 373 4016 adauctus,
387 3957 424 4006 ac
436 3942 672 4024 quodsingulis
683 3943 932 4008 Canonicatibus
944 3953 976 4008 el
990 3941 1163 4022 prebendis
1178 3957 1293 4006 crean-

198 4039 254 4104 dis
275 4049 308 4104 et
329 4039 536 4106 instituendis
558 4041 741 4106 huiusmodi
765 4042 874 4107 nullus
897 4057 990 4106 sacer
1009 4042 1091 4106 ordo
1106 4039 1276 4119 annexusl

242 4237 281 4307 (l)
302 4239 326 4292 il
339 4240 399 4294 faut
412 4238 463 4294 lire
475 4249 552 4313 quot.
