3240 4946
763 459 827 512 g..
848 417 908 489 aaa
930 459 970 472 .-

333 607 503 675 doodeoim
534 606 729 673 llorenorum
760 607 831 689 ipso
862 608 956 684 laeto,
980 608 1073 673 etiam
1104 608 1224 692 absque
1263 623 1415 691 expressa

334 707 611 773 condemnatione.
626 707 713 773 Idem
730 706 783 772 iret
796 707 835 772 de
848 725 886 772 eo
899 708 952 788 qui
965 708 1144 774 deseruerit
1158 709 1413 790 appellationem.

375 806 437 872 Lll.
461 807 491 870 Sl
520 807 685 887 appellans
711 806 911 888 aliquetenus
940 819 1025 872 reete
1050 809 1232 888 appellasse
1258 809 1413 884 videatur,

333 923 390 972 seu
428 905 579 970 habuisse
613 921 741 970 oausam
771 906 908 987 aliquam
939 906 1131 986 appellandi,
1157 907 1332 974 moderatio
1363 909 1415 972 liat

334 1004 601 1086 mulotneJ'udiois
617 1004 760 1070 arbitrio.
1178 1007 1181 1013 '

375 1105 453 1169 llll.
477 1105 535 1178 Qui
573 1102 780 1185 appellaverit
815 1111 847 1167 el
886 1113 995 1183 postea
1035 1103 1171 1170 voluerit
1211 1107 1415 1188 avenniesoere

333 1205 521 1280 sententiae,
540 1205 608 1269 sive
630 1215 756 1284 sponte,
774 1203 841 1268 sive
865 1204 1083 1286 transigendo,
1103 1206 1243 1269 incurrat
1267 1206 1414 1271 muletam

332 1323 390 1387 pro
406 1312 473 1368 rata
491 1304 643 1385 temporis
664 1319 727 1380 ouo
750 1301 921 1386 appellatio
945 1313 1114 1384 prosecuto
1137 1304 1245 1380 luerit,
1264 1317 1336 1386 puta
1357 1323 1413 1386 pro

332 1403 469 1486 singulis
492 1402 779 1485 quadrimestrlbus
803 1403 926 1484 coeptis
949 1402 1030 1469 duos
1048 1403 1202 1479 florenos,
1220 1403 1316 1487 idque
1332 1405 1412 1470 ultra

332 1519 499 1584 expensas.

374 1602 450 1666 dlv.
476 1603 551 1668 Post
565 1600 750 1667 nonelusam
766 1618 894 1666 eausam
911 1601 1117 1683 acquiescere
1134 1619 1198 1668 non
1214 1601 1319 1678 lineat,
1336 1601 1413 1684 quin

332 1703 496 1783 sportulae
511 1703 677 1766 solvantur
689 1701 788 1784 judiei
805 1703 853 1766 vel
869 1702 1042 1769 assessori.

374 1801 435 1864 LV.
452 1801 492 1866 Ut
507 1800 591 1881 apud
606 1801 746 1882 quinque
759 1801 885 1882 iudices
900 1803 937 1880 ll)
950 1801 1111 1884 judicetur
1127 1818 1165 1866 ex
1184 1801 1297 1868 iisdem
1320 1801 1412 1875 aclis,

331 1919 371 1966 an
396 1901 477 1967 bene
495 1900 546 1966 vel
568 1900 667 1976 male,
685 1910 716 1965 et
733 1916 795 1964 non
812 1900 904 1965 lioeat
922 1917 1002 1965 nova
1019 1900 1098 1966 laeta
1115 1900 1264 1982 allegare,
1282 1899 1330 1966 uel
1348 1917 1412 1966 non

332 2000 464 2082 probata
487 1999 635 2082 probare,
653 1999 714 2064 nisi
737 2016 776 2066 ex
798 2016 894 2064 eausa
921 2011 952 2065 et
978 2000 1130 2080 praestito
1154 1999 1347 2081 juramento,
1367 2000 1412 2065 oti

331 2100 362 2164 in
380 2100 480 2183 prima
495 2099 644 2166 instantia
659 2099 779 2165 dietum
795 2109 856 2166 est.

373 2299 410 2364 Et
436 2299 508 2380 nula
535 2299 614 2364 lmen
639 2298 745 2364 omina
767 2298 860 2380 jussu
889 2308 1012 2374 nostro,
1030 2308 1153 2364 maturo
1179 2298 1412 2364 consiliosum

332 2399 486 2478 resoluta,
503 2399 657 2464 oonolusa
679 2407 710 2462 et
732 2398 860 2473 relecta,
879 2400 1063 2464 mandamus
1085 2399 1170 2464 dieto
1194 2399 1330 2474 necron,
1349 2399 1412 2480 pri-

330 2499 520 2581 vilegiorum
536 2497 773 2573 Cottsenvatori,
790 2499 1003 2579 omnibusque
1019 2515 1101 2580 quos
1116 2498 1195 2563 naen
1209 2514 1412 2580 quocumque

332 2598 427 2664 modo
439 2607 649 2674 concernunt,
665 2605 698 2662 ut
713 2613 750 2662 ea
764 2597 870 2662 omnia
887 2607 997 2662 exacte
1012 2599 1185 2665 observent
1200 2607 1231 2664 et
1246 2597 1412 2664 observari

329 2706 454 2770 curent,
482 2697 578 2777 idque
614 2697 674 2760 sub
711 2713 813 2777 poenn
851 2708 980 2762 nostrae
1017 2697 1256 2780 indignationis,
1286 2697 1412 2777 aliaque

328 2796 589 2870 extraordinaria,
606 2813 623 2860 a
639 2795 791 2876 deputato
808 2805 930 2870 nostro,
948 2796 1074 2876 alopas
1095 2796 1200 2870 luerit,
1218 2795 1410 2876 imponenda

327 2903 359 2960 et
389 2913 406 2960 a
437 2906 621 2976 promotore
651 2895 755 2961 dictae
786 2895 1009 2960 Universitatis
1046 2895 1116 2962 sine
1151 2894 1409 2960 dissimulatione

327 2995 525 3075 exequenda.
556 2994 594 3058 lit
631 3011 669 3060 ne
705 2995 778 3075 ouis
815 2994 928 3058 ltorum
958 2993 1167 3074 ignorantiam
1200 2994 1410 3074 praetendere

327 3103 432 3176 queat,
450 3093 572 3159 curabit
589 3093 704 3158 Reelor
722 3107 753 3158 ut
770 3093 906 3174 singulis
922 3093 1015 3158 annis
1031 3093 1115 3157 eirea
1132 3095 1246 3158 festum
1272 3093 1408 3158 Bavonis

326 3201 356 3259 et
366 3193 505 3260 Paschae
519 3210 574 3274 per
587 3194 744 3257 notarium
754 3193 1088 3257 dictanniversitatis
1102 3192 1211 3256 inaula
1222 3193 1407 3256 monasterii
1479 3195 1481 3200 '

324 3293 355 3356 S.
373 3293 542 3374 Augustini
570 3292 648 3356 haee
674 3309 814 3373 quoque,
831 3308 912 3372 quae
934 3291 973 3356 de
996 3293 1149 3356 exercitio
1172 3291 1409 3372 jurisdictionis

325 3391 547 3456 Universitalis
580 3401 651 3454 sunt
684 3391 868 3464 eortstituta,
893 3391 978 3454 clara
1008 3407 1088 3455 voce
1119 3391 1351 3472 praelegantur,
1377 3398 1409 3454 et

325 3491 530 3570 exemplario
545 3489 684 3553 archivis
696 3488 1032 3553 dioteeUnlversilatis
1044 3505 1171 3570 quoque
1183 3498 1407 3554 conservetur.

368 3589 480 3652 ilatum
512 3589 676 3653 Bruxellne
705 3588 757 3653 die
788 3587 826 3650 te
856 3589 976 3654 mensis
1013 3588 1124 3668 aprilis
1161 3605 1244 3652 anno
1283 3587 1409 3652 Domini

325 3687 555 3752 illidllllll.
741 3759 749 3772 ⁴

365 3789 519 3868 Scriptum
542 3795 606 3849 erat
630 3790 662 3848 in
684 3790 788 3851 euclem
812 3787 892 3850 linea
908 3804 917 3849 .·
934 3785 993 3849 lla.
1013 3787 1066 3860 V.;
1085 3795 1112 3849 el
1132 3788 1213 3864 italam
1228 3786 1272 3847 sie
1286 3785 1409 3864 oudalg-

323 3893 430 3950 nolum
454 3909 462 3945 :
487 3885 511 3948 l.
528 3887 640 3948 dunen.
658 3887 693 3948 Α.
713 3887 825 3952 lsaonu.
845 3889 885 3949 dt
905 3886 994 3966 lotape
1016 3887 1098 3965 itesam
1124 3889 1235 3948 lterum
1258 3887 1303 3946 sle
1327 3903 1336 3946 .·
1360 3884 1407 3947 nd

360 4101 399 4174 (l)
420 4101 440 4155 ll
463 4099 544 4171 s’egit
567 4100 601 4156 ici
625 4101 672 4156 das
691 4101 755 4173 elnq
773 4105 857 4172 juges
881 4103 1005 4173 d’uppel3
1027 4117 1109 4172 noyez
1129 4099 1274 4166 ei-dessus,
1290 4115 1337 4168 pp.
1352 4095 1406 4154 361

323 4209 380 4247 son.
