3240 4946
764 411 886 479 -tsb
911 446 950 461 -

309 603 423 668 preces
439 595 609 655 contentus
625 589 683 655 luit
697 607 770 656 cum
786 599 914 659 centum
931 591 1062 658 florenis
1079 593 1286 670 renensibus‚
1303 593 1398 659 saluo

310 687 395 781 quod
422 686 469 768 jlli
500 687 560 769 sibj
591 689 746 755 darentur
774 707 791 754 a
823 699 967 773 tempore
993 691 1052 772 jllc
1081 692 1173 764 citra,
1204 709 1268 773 que
1303 709 1398 758 suurn

312 785 450 851 tribunal
473 787 511 852 ad
536 799 717 870 requestam
739 790 944 856 dominorum
964 791 1005 856 de
1024 791 1232 856 uniuersitate
1254 792 1345 856 solus
1360 807 1399 857 ac

313 885 383 951 sine
398 901 568 952 assessore
584 888 799 963 continuauit;
820 907 943 972 ponens
956 890 990 972 in
1007 887 1238 956 deliberatione
1250 889 1395 956 domino·

313 1001 383 1049 rum
400 985 473 1066 quid
493 985 528 1067 jn
545 989 713 1068 premissis
729 991 885 1069 agendum
909 990 981 1054 crit.
998 989 1181 1071 Superque
1202 989 1399 1056 uniuersitas

313 1081 495 1149 deliberans
522 1087 681 1151 conclusit
707 1096 737 1153 et
764 1089 935 1170 consentiit
961 1089 1045 1170 quod
1074 1089 1235 1153 antedicto
1265 1088 1398 1154 domino

313 1183 536 1266 conseruatori
554 1186 669 1249 dentur
692 1202 796 1252 annue
820 1187 859 1250 ab
875 1204 958 1252 atino
975 1197 1027 1251 tirt
1049 1186 1154 1268 primo
1169 1187 1248 1252 eitra
1270 1197 1399 1253 centum

315 1281 394 1362 petrj
411 1298 599 1348 communes
615 1293 646 1349 et
662 1285 745 1366 quod
760 1285 831 1367 jpse
845 1285 973 1352 nomine
989 1285 1208 1353 uniuersitatis
1223 1295 1353 1368 rogetur
1368 1296 1402 1352 vt

314 1395 387 1443 cum
408 1379 474 1460 jllis
498 1389 669 1448 contentus
695 1393 780 1450 stare
803 1385 890 1460 velit,
914 1395 945 1450 et
967 1386 1052 1467 quod
1080 1385 1258 1467 reperiatur
1284 1385 1400 1452 modus

315 1493 481 1563 perquem
498 1480 691 1547 uniuersitas
708 1487 813 1563 minus
829 1483 965 1549 ledetur.

726 1609 793 1663 Actu
811 1609 1011 1674 Unicerattctls,
1027 1609 1062 1681 V,
1078 1609 1126 1667 lol.
1141 1609 1197 1681 ciiij
1211 1617 1250 1666 νο.

358 1778 398 1840 bt
412 1778 568 1844 decembre
585 1779 676 1844 tota.
695 1780 844 1846 Rectorat
861 1781 901 1846 de
917 1780 1001 1847 teon
1018 1781 1143 1846 Outers.

360 1959 417 2024 llie
439 1957 526 2040 louis
552 1957 704 2025 vicesima
730 1961 873 2026 secunda
900 1961 1021 2027 mensis
1047 1961 1230 2027 decembris
1251 1960 1404 2026 videlieet

318 2055 415 2122 altera
433 2057 515 2123 beati
532 2057 652 2124 Tharne
667 2059 805 2140 apostoli
819 2059 939 2142 judicto
964 2060 1021 2124 tuit
1043 2058 1250 2140 congregatio
1273 2058 1403 2124 uniuer-

319 2157 423 2222 sitatis
445 2157 527 2239 apud
551 2157 807 2239 Augustinenaes
826 2158 915 2258 jnter
939 2175 1055 2224 nonam
1079 2167 1111 2224 et
1133 2158 1289 2223 decimam
1306 2157 1406 2222 boras

317 2265 391 2322 ante
407 2256 573 2322 meridiem
590 2273 688 2339 super
704 2257 765 2339 bijs
781 2257 936 2323 articulis.

356 2453 497 2536 insuper
527 2455 668 2520 narrauit
697 2455 847 2520 domiuus
876 2467 983 2521 rector
1014 2454 1150 2537 qualiter
1180 2463 1254 2519 octo
1288 2453 1405 2529 diebus

318 2553 367 2616 vel
398 2552 527 2618 circiter
556 2554 675 2633 elapsis
706 2553 857 2635 magister
886 2555 1047 2619 lebannes
1077 2551 1228 2618 Emilisse
1257 2553 1406 2636 sigillifer

320 2650 441 2716 domiui
457 2652 698 2717 conseruatoris
714 2653 892 2733 comparuit
907 2669 1015 2718 coram
1030 2653 1104 2735 ipso
1123 2651 1254 2716 domino
1277 2660 1405 2717 rectore

320 2757 352 2813 et
377 2748 549 2830 deputatis.
563 2751 794 2827 uniuersitatis,
818 2751 930 2816 dicens
951 2767 987 2816 se
1009 2751 1128 2816 babere
1150 2751 1182 2814 in
1206 2749 1364 2814 mandatis
1387 2765 1405 2811 a

321 2847 452 2913 domino
479 2859 711 2914 conseruatore
738 2849 920 2931 requirendi
947 2850 1097 2916 dominos
1125 2850 1164 2914 de
1193 2847 1406 2914 uniuersitate

321 2954 477 3028 quatenus
490 2947 550 3028 sibj
560 2947 690 3012 domino
702 2947 924 3029 conseruatori
939 2948 1162 3013 satisfacerent
1174 2948 1214 3013 de
1226 2946 1286 3028 sibj
1302 2963 1404 3027 nuper

320 3043 468 3123 addictis,
494 3055 587 3126 prout
613 3047 706 3112 etiam
733 3047 946 3127 paritbrmiter
969 3046 1059 3128 petijt
1080 3045 1232 3110 dominus
1255 3061 1407 3110 assessor

320 3142 380 3225 sibj
403 3144 553 3226 satislierj
577 3148 618 3210 de
643 3163 702 3212 suo
729 3147 901 3226 stipendio.
925 3162 997 3210 cum
1025 3145 1156 3210 domino
1180 3142 1404 3223 conseruatori

320 3243 515 3308 deberentur
536 3244 665 3309 circiter
687 3255 814 3310 centurn
839 3244 930 3324 petri,
952 3251 984 3308 et
1003 3243 1066 3324 ipsi
1090 3243 1220 3307 domino
1242 3241 1405 3322 assessori

320 3341 448 3407 circiter
470 3343 546 3407 lxxi·
568 3345 660 3427 petri,
678 3345 828 3426 quodque
851 3353 964 3424 espost
986 3345 1066 3408 iacta
1089 3341 1329 3422 computatione
1348 3356 1406 3420 per

321 3444 523 3506 Franciscum
560 3443 600 3507 de
636 3443 735 3524 Ligno
768 3443 808 3506 de
839 3458 894 3522 per
923 3457 995 3507 eum
1025 3441 1154 3506 nomine
1181 3437 1405 3504 uniuersitatis

321 3541 460 3620 receptis
476 3550 748 3621 superereuerunt
764 3541 926 3606 dumtaxat
942 3541 1006 3603 duo
1023 3555 1178 3604 renenses
1194 3555 1267 3602 curn
1284 3537 1407 3620 aliquot

321 3638 466 3702 stateris.
498 3639 626 3704 Ponens
659 3640 732 3723 ipse
771 3639 920 3705 dominus
960 3647 1068 3703 rector
1100 3636 1134 3718 jn
1171 3636 1407 3702 deliberatione

321 3737 524 3801 dominorum
561 3739 697 3818 qualiter
733 3737 901 3802 antedictis
938 3735 1076 3802 dominis
1112 3733 1335 3814 conseruatori
1375 3741 1408 3800 et

322 3835 481 3915 assessori
506 3836 764 3906 satisfaciendum
788 3836 849 3900 erit
875 3833 989 3915 minor]⁸
1014 3833 1223 3914 incommodo
1247 3833 1408 3898 uniuersi·

323 3932 408 3996 tatis.
433 3934 536 4016 Super
566 3953 629 4017 quo
658 3936 852 4001 uniuersitas
878 3933 1061 3998 deliberans
1087 3931 1247 3997 commisit
1273 3931 1407 3996 domino

323 4031 438 4112 rectori
455 4042 485 4097 et
501 4034 659 4116 deputatis
676 4033 891 4099 uniuersitatis
908 4049 945 4097 ac
960 4030 1166 4096 assumendis
1188 4047 1244 4111 per
1267 4029 1406 4096 eundern

324 4144 396 4193 cum
413 4131 553 4211 plenaria
571 4143 739 4216 potestate.

655 4259 727 4315 Acta
744 4258 944 4321 Uulcanalium,
959 4254 994 4325 V,
1009 4256 1058 4315 lcl.
1073 4273 1107 4312 cx
1136 4263 1162 4311 r⁰
1175 4259 1203 4310 el
1215 4261 1255 4313 νο.
