3236 4944
756 447 941 516 -ltt-

220 630 222 639 '
302 631 399 700 leotia
435 631 599 698 declarare
634 639 729 715 atque
764 633 940 698 decernere
973 629 1048 698 velit
1076 637 1105 696 et
1135 629 1295 712 dignetur,
1327 647 1388 696 sue

303 732 419 798 mentis
447 740 480 796 et
505 731 693 814 intentionis
723 749 786 798 non
818 733 918 798 luisse
948 739 1002 796 aut
1031 747 1118 805 esse,
1144 730 1302 796 mandatis
1328 747 1386 795 seu

302 830 417 898 edictis
433 831 615 898 huiusmodi
632 849 717 898 nuno
732 832 824 898 laetis
839 833 888 896 vel
902 831 935 914 in
954 831 1094 896 loturum
1111 830 1220 894 forsan
1234 830 1388 896 faciendis

304 948 360 1011 per
390 947 426 996 se
454 931 503 998 vel
534 947 612 998 suos
638 931 850 1013 imposterum
880 945 1090 996 successores
1119 928 1204 994 dicte
1234 927 1298 994 illie
1327 945 1388 996 sue

303 1028 545 1111 priuilegiorum
569 1046 626 1111 pro
649 1037 792 1112 tempore
816 1037 1077 1106 commentores,
1099 1028 1160 1094 nisi
1182 1027 1331 1110 specifica
1355 1037 1387 1094 et

301 1143 455 1208 expressa
481 1127 521 1194 de
544 1128 611 1209 illis
634 1128 668 1210 in
689 1129 794 1210 ipsius
817 1129 974 1194 mandatis
996 1135 1028 1192 et
1050 1127 1164 1194 edictis
1188 1128 1284 1192 luerit
1305 1127 1385 1192 lacta

303 1227 435 1303 mentio,
465 1227 622 1292 ullatenus
650 1228 769 1294 debere
798 1227 1026 1308 comprehendi
1057 1235 1111 1292 aut
1139 1241 1213 1292 esse
1238 1241 1385 1306 eompre-

301 1327 433 1400 bensos,
464 1327 734 1406 quemadmodum
762 1327 905 1406 gloriose
935 1325 1088 1390 memorie
1117 1324 1284 1408 Philippus
1320 1325 1386 1390 dux

301 1423 495 1506 Burgundie,
527 1425 695 1492 Brabantie
724 1436 800 1502 eto,
831 1425 975 1495 eiusdem
1006 1423 1213 1490 celsitudinis
1244 1439 1386 1503 proauus

296 1521 450 1604 insimili
476 1523 625 1588 mandato
648 1524 788 1606 generali
813 1524 957 1590 noluisse
979 1539 1015 1588 se
1038 1522 1214 1604 priuilepiis
1238 1521 1303 1588 filie
1326 1539 1386 1588 sue

299 1622 444 1688 eiusdem
473 1621 693 1688 uniuersitatis
719 1619 876 1705 iacturam
906 1633 937 1688 et
963 1623 1228 1704 impedimentum
1262 1620 1384 1702 inlerre

298 1719 483 1786 declarasse
506 1721 685 1786 dinoscitur
707 1725 759 1802 (l),
784 1721 918 1802 prouide
939 1720 1107 1788 attendens
1129 1720 1262 1786 eandem
1285 1719 1383 1784 liliam

297 1817 439 1899 alioquin
456 1835 519 1886 oon
536 1835 633 1899 posse
648 1821 840 1886 subsistere.
854 1821 1007 1901 bignetur
1019 1835 1146 1900 quoque
1158 1819 1269 1884 eadem
1285 1818 1385 1884 Celsi-

298 1915 375 1982 tudo
391 1916 542 1985 omnibus
563 1926 594 1984 et
616 1918 752 2001 singulis
768 1935 897 1984 suarum
914 1918 1086 2000 patriarum
1102 1927 1133 1984 et
1150 1917 1382 1998 prouintiarum

297 2014 426 2080 balliuis
441 2015 557 2082 villicis
572 2016 736 2100 officiariis
751 2026 783 2082 et
798 2017 978 2084 rectoribus
995 2016 1055 2080 sub
1071 2033 1129 2082 sue
1149 2015 1384 2100 indignationis

297 2113 432 2196 aliisque
444 2115 537 2196 penis
550 2116 755 2198 grauioribus
769 2116 934 2198 precipere
947 2124 978 2180 et
991 2115 1142 2180 mandere
1154 2125 1186 2178 vt
1198 2113 1383 2180 huiusmodi

298 2213 520 2279 mandatorum
543 2215 740 2296 generalium
757 2224 902 2295 pretextu
918 2214 1186 2296 iurisdietionem.
1203 2213 1313 2278 literas
1329 2221 1385 2278 aut

298 2311 444 2376 mandata
471 2321 738 2378 conseruatonum
772 2313 879 2394 ipsius
914 2312 1134 2380 uniuersitatis
1168 2312 1384 2393 quouismodo

296 2425 360 2474 non
377 2419 564 2489 presumant
577 2409 749 2492 impedire,
765 2411 887 2476 directe
903 2412 952 2476 vel
966 2411 1128 2492 indirecte
1144 2427 1201 2475 seu
1218 2411 1383 2492 quitquam

294 2506 329 2589 in
365 2507 560 2574 eontrarium
598 2517 797 2590 attemptare,
827 2527 900 2574 cum
937 2509 1092 2574 clausulis
1128 2507 1322 2589 necessariis
1352 2519 1384 2574 et

293 2605 480 2686 oportunis;
498 2605 592 2687 iidem
612 2625 738 2690 quoquc
754 2617 901 2676 oratores
925 2627 983 2690 pro
1006 2608 1152 2674 eiusdem
1175 2605 1382 2672 Celsitudinis

290 2702 466 2786 inoliteque
490 2721 548 2770 sue
572 2705 770 2770 conthoralis
792 2716 823 2773 et
845 2723 1004 2788 generose
1027 2705 1152 2772 sobolis
1172 2703 1380 2772 successibus

294 2809 325 2866 el
342 2800 489 2868 lelicibus
502 2802 712 2884 incrementis
728 2805 869 2870 omnium
885 2805 1021 2886 creatori
1037 2803 1102 2870 beo
1117 2821 1229 2884 preces
1246 2803 1381 2870 tundere

296 2915 359 2964 non
376 2900 538 2984 negligent
550 2900 726 2983 indefesse.

475 3070 489 3109 ι
507 3047 839 3130 Appunctuamentunr
857 3052 977 3118 domini
994 3051 1197 3117 Arebiducis.

336 3215 349 3254 t
369 3195 591 3286 supplicantes
610 3199 826 3278 procurabunt
841 3200 993 3280 expensis
1006 3199 1086 3275 suis,
1101 3198 1175 3263 hinc
1188 3198 1225 3262 ad
1239 3197 1380 3279 quinque

293 3310 422 3360 menses
453 3296 596 3376 proxime
623 3299 760 3376 laturos,
791 3298 850 3364 sub
877 3316 957 3380 pena
985 3297 1211 3380 suspensionis
1237 3295 1379 3360 omnium

292 3393 536 3474 priuilegiorum
553 3395 600 3459 eis
619 3413 674 3475 per
692 3414 751 3461 nos
768 3406 799 3461 et
822 3407 951 3462 nostros
976 3397 1225 3478 predecessores
1246 3411 1381 3477 quomo·

292 3492 414 3569 dplibet
436 3493 660 3574 superioribus
677 3495 875 3576 temporibus
892 3511 1122 3560 concessorum
1140 3493 1257 3574 pariter
1273 3505 1305 3558 et
1320 3509 1381 3558 sue

292 3592 535 3656 conseruatorie
569 3593 716 3660 abbatem
756 3595 946 3659 beroensem
984 3603 1015 3659 et
1050 3594 1207 3658 decanum
1242 3591 1381 3658 ecclesie

293 3687 395 3769 saneti
422 3687 504 3770 Petri
529 3689 740 3755 Louaniensis
768 3692 890 3773 pridem
917 3691 955 3755 ad
980 3691 1166 3773 instantiam
1194 3700 1380 3755 nostrorum

293 3786 560 3866 predecessorum
577 3789 624 3854 eis
641 3807 696 3870 per
711 3789 825 3854 Sedent
842 3791 1051 3872 apostolicam
1067 3789 1237 3871 deputatos
1249 3803 1380 3854 conser-

294 3893 435 3958 uatores‚
450 3884 515 3965 ium
537 3901 615 3950 vero
638 3887 675 3950 ad
697 3887 884 3968 instantiam
908 3889 1067 3954 dictorum
1083 3887 1330 3970 supplicantium
1344 3885 1380 3968 in

328 4097 368 4170 (l)
387 4097 477 4170 Voyer
490 4097 633 4166 cidessus,
649 4103 752 4174 pp.le
765 4122 804 4162 sv.
819 4107 845 4160 le
858 4109 930 4160 texte
943 4105 976 4158 de
991 4102 1065 4159 l'e'dit
1078 4104 1111 4158 de
1125 4101 1253 4174 Philippo
1267 4102 1293 4158 la
1307 4101 1379 4170 Bon,

292 4187 328 4242 du
347 4187 379 4243 ts
393 4187 493 4246 forrier
510 4190 589 4262 tals,
604 4194 706 4266 auquel
719 4194 739 4248 il
754 4201 795 4252 est
808 4196 991 4252 saltationum
1005 4193 1051 4254 ici.
