3112 4942
757 403 921 468 -72..

296 585 482 652 huiusmodi
504 585 535 649 in
559 601 596 652 se
619 584 897 659 reassumendum,
914 584 1040 650 tociens
1062 581 1218 665 quociens
1234 581 1314 662 ipsis
1331 583 1387 648 rel

292 701 406 751 eorum
429 685 520 751 alteri
536 685 641 750 visum
664 683 759 752 luerit
780 683 950 765 expedirc;
967 692 999 750 el
1014 682 1209 763 generaliter
1223 682 1331 748 omniu
1351 689 1387 758 et

295 783 422 865 singula
439 783 471 848 lo
488 782 655 864 premissis
669 791 700 848 et
714 782 800 848 circa
812 798 848 847 ea
862 781 1055 856 laciendum,
1067 779 1257 863 gerendum,
1270 779 1388 854 dicen-¹

292 883 384 954 dum,
409 881 645 963 procurandum
667 889 700 946 et
721 880 900 946 exercenda
921 897 984 961 que
1008 879 1191 946 necessaria
1215 879 1328 944 llercot
1352 887 1385 942 et

296 980 537 1061 quomodolibet
557 991 729 1060 oportune,
746 995 783 1046 ae
806 996 869 1060 que
890 979 951 1060 ipsi
974 979 1210 1051 constituentes
1227 992 1384 1058 persona·

294 1078 370 1143 liter
385 1077 489 1144 lacero
506 1087 650 1158 possent,
667 1079 695 1142 si
713 1087 880 1158 preseqtos
900 1078 1105 1152 interessent,
1121 1076 1217 1142 otiam
1239 1076 1266 1140 si
1291 1090 1379 1138 mao-

295 1177 404 1242 datum
425 1177 553 1258 exigant
574 1179 674 1260 magis
696 1177 847 1256 speciale.
864 1177 1024 1248 Nolebant
1046 1185 1149 1244 tamen
1166 1175 1242 1240 dicti
1258 1173 1382 1240 domiui

293 1275 530 1342 constituentes
553 1293 609 1356 per
632 1285 813 1357 presentem
835 1276 1095 1342 constitutionem
1123 1291 1179 1340 seu
1208 1273 1383 1340 occasione

295 1373 411 1454 ipsius,
428 1382 481 1439 ant
504 1390 561 1455 per
575 1375 712 1455 aliquem
735 1383 840 1438 actum
862 1373 1007 1439 eiusdem
1032 1373 1184 1452 prefatam
1209 1370 1323 1434 lriuolo
1345 1385 1383 1434 ac

296 1481 448 1552 protense
463 1473 688 1553 appellationis
703 1490 833 1538 causam
849 1473 956 1554 aliquo
970 1472 1065 1536 modo
1077 1471 1117 1536 ad
1129 1470 1250 1537 curiam
1265 1469 1386 1537 borna,

297 1587 370 1634 nam
393 1570 441 1635 vel
463 1571 705 1652 quomodolibet
725 1571 801 1635 alibi
823 1571 941 1636 debere
961 1569 1104 1646 deuolui,
1130 1569 1191 1633 nisi
1215 1565 1329 1632 merito
1352 1576 1386 1632 et

295 1669 422 1751 dejure
437 1670 474 1732 ad
493 1670 594 1748 ipsam
608 1670 656 1734 val
672 1669 747 1733 alibi
761 1669 865 1734 veniat
882 1669 1084 1736 deuoluenda
1096 1692 1103 1742 t
1117 1669 1157 1732 de
1173 1683 1236 1749 quo
1253 1663 1382 1746 publice

296 1767 463 1846 protestati
489 1770 627 1832 luerunt.
647 1768 865 1836 promiserunt
887 1768 1020 1848 insuper
1042 1766 1137 1848 ijdem
1160 1764 1383 1840 dominicos.-

293 1865 468 1930 stituentes
481 1882 538 1945 per
549 1882 660 1930 corum
677 1866 847 1932 cuiuslibet
864 1865 970 1942 iidem,
985 1867 1016 1930 in
1031 1865 1178 1930 manibus
1192 1863 1253 1928 rnei
1266 1860 1381 1940 notarij

298 1963 416 2044 publici
432 1963 641 2046 infrascripti,
659 1966 787 2034 nomine
801 1965 944 2032 omnium
966 1980 1103 2046 quorum
1120 1964 1277 2027 iuteresse
1294 1968 1382 2040 pote-

296 2062 339 2128 rit
364 2061 506 2143 legitime
531 2063 729 2143 stipulantes,
755 2063 967 2145 corporaliter
995 2063 1172 2143 prestitam,
1200 2077 1237 2126 se
1263 2070 1381 2132 ratum,

295 2169 422 2242 gratum
438 2168 532 2242 atque
549 2160 674 2226 firmum
692 2169 847 2242 perpetuo
863 2161 1029 2226 babituros
1045 2168 1146 2226 toturn
1162 2167 1194 2224 et
1208 2157 1381 2239 quidquam

299 2276 357 2340 per
378 2259 482 2324 dictos
502 2277 581 2325 suos
598 2272 826 2340 procuratores
848 2271 902 2326 aut
921 2259 1177 2334 substituendos,
1194 2257 1243 2323 vel
1268 2270 1380 2321 eornm

296 2359 445 2430 alterum,
456 2369 573 2430 actum,
588 2361 717 2434 luctum,
731 2361 863 2433 dictum,
876 2368 1014 2440 gestum,
1026 2368 1273 2440 procuratumve
1285 2354 1381 2418 luerit

299 2456 329 2520 io
348 2457 515 2537 premissis
536 2459 584 2523 vel
608 2459 714 2540 aliquo
738 2459 1125 2540 premissorumnecnon
1149 2457 1280 2524 cosdem
1304 2468 1383 2516 suos

301 2557 777 2633 procuratoressubstituendos
789 2569 820 2622 et
832 2557 1125 2638 eorumquernlibet
1137 2555 1176 2620 ab
1188 2553 1384 2619 omnionere

296 2653 476 2717 satisdaodl
499 2655 644 2721 releuare
666 2656 854 2737 iudicioque
879 2655 951 2720 sisti
973 2664 1005 2722 et
1022 2655 1198 2735 judicatum
1217 2650 1300 2716 solui
1319 2647 1381 2713 sub

297 2749 493 2832 obligatione
517 2762 549 2818 et
574 2755 729 2835 ypotheca
755 2755 898 2819 omnium
925 2753 1083 2818 bonorum
1109 2767 1254 2817 suorum.
1277 2749 1384 2826 Suptr

295 2849 415 2929 quibus
436 2851 587 2916 omnibus
608 2864 639 2918 cl
661 2853 798 2935 sitrgulis
821 2853 966 2933 prelibati
989 2852 1109 2918 domini
1132 2850 1382 2923 constituentes,

300 2947 483 3013 nominibus
513 2951 630 3030 quibus
656 2967 753 3031 supra
782 2952 1014 3032 exprimuntur,
1042 2951 1102 3016 sibi
1130 2967 1147 3014 a
1178 2966 1229 3014 me
1254 2949 1382 3012 notario

187 3101 193 3120 ,
298 3045 428 3125 publico
452 3047 636 3130 subscripto
662 3051 822 3129 publicum
851 3051 1011 3130 petierunt
1037 3049 1106 3116 lteri
1133 3049 1381 3114 instrumentum

299 3161 356 3207 scu
382 3144 506 3224 publica
529 3148 754 3213 instrumenta.
772 3151 850 3213 sota
874 3147 1003 3212 luerunt
1026 3150 1084 3212 bec
1107 3148 1187 3212 inira
1205 3155 1381 3227 prelactsm

295 3244 1384 3326 cameramdomusconsularisopidibononiensis,beodiensisdio·

296 3339 397 3412 cesis,
413 3345 616 3421 presentibus
629 3345 744 3410 ibidem
759 3343 938 3424 magnificis
951 3353 982 3408 et
995 3345 1139 3424 procidis
1152 3344 1230 3406 viris
1242 3343 1383 3408 dominis

297 3453 337 3502 ac
354 3440 514 3520 magistris
529 3441 698 3508 lobanno
719 3443 764 3508 do
786 3443 891 3514 Neel,
910 3441 1047 3508 {lectore
1062 3444 1144 3508 alme
1160 3441 1385 3508 Vniversitalis

297 3536 397 3600 studii
429 3538 639 3606 Lousoiensis
670 3551 830 3620 protecte,
861 3541 892 3604 in
923 3541 1100 3615 medicine,
1129 3541 1301 3606 lobanne
1338 3539 1384 3606 de

298 3633 533 3712 Groesbelte,
552 3638 583 3702 in
607 3639 743 3722 legibus,
760 3640 918 3706 Nicolao
939 3640 983 3704 de
1006 3639 1176 3715 Promea,
1194 3640 1226 3702 iu
1248 3650 1384 3719 utroque

293 3730 370 3811 jure
385 3731 575 3802 Doctoribus
598 3748 630 3802 et
651 3738 684 3802 io
706 3739 837 3802 Artibus
859 3737 1031 3818 blagistris,
1051 3739 1215 3804 lieberto
1237 3736 1381 3802 Zarrde·

300 3828 424 3907 uinis,
440 3835 597 3901 canonico
614 3837 705 3902 beate
723 3837 818 3902 llarie
833 3835 1019 3917 Brugensis,
1035 3838 1231 3917 presbitero;
1247 3835 1382 3918 Egidio

296 3926 345 3992 de
369 3927 486 4008 Stoct,
512 3933 674 4000 ilenrico
700 3935 839 4010 billeo,
864 3935 896 3998 in
923 3935 1048 4018 legibus
1074 3936 1277 4016 baccalarljs,
1305 3933 1383 3998 beo-

299 4024 435 4102 diensis,
451 4039 483 4094 et
504 4030 664 4112 Symone
685 4035 729 4098 de
750 4032 936 4114 Outdorp,
954 4033 1170 4100 Traiectensis
1190 4032 1381 4105 diocesium,

295 4122 435 4206 aliisque
451 4129 596 4210 pluribus
613 4125 748 4196 testibus
765 4131 936 4213 lldedignis
950 4133 988 4198 ad
1006 4133 1161 4214 premissa
1175 4133 1296 4197 vocalis
1312 4147 1387 4211 spe·

296 4221 424 4290 cialiter
439 4235 471 4292 et
486 4229 618 4311 rogatis.
