3112 4942
813 477 972 540 ...5⁴-

515 728 666 794 Suppltque
685 733 717 781 de
737 745 805 782 ceuc
824 734 857 784 dc
876 727 1052 784 l'llnlcerstte'
1068 733 1101 782 de
1121 727 1258 781 Manain.

390 868 473 931 Saue
488 866 677 932 dilectorum
698 867 835 934 liliorum
853 869 998 934 Rectoris
1021 885 1058 932 ac
1075 867 1300 930 uniuersorum
1326 863 1444 928 docto·

349 981 433 1043 rum,
451 967 676 1046 magistrorum
698 967 929 1034 aesculanum
954 978 1199 1046 ceterarumque
1222 977 1443 1046 personarum

350 1065 574 1131 Vniuersitatis
586 1065 681 1148 sturlij
695 1067 904 1144 louaniensis,
918 1067 1093 1132 leodiensis
1105 1065 1260 1138 diocesis,
1274 1078 1443 1142 conques-

350 1165 437 1230 tione
466 1166 681 1246 percepimus,
709 1166 794 1247 quod
826 1167 970 1231 nonnulli
996 1162 1254 1244 archiepiscopi,
1285 1161 1439 1243 Episcopi

349 1263 466 1344 aliique
477 1264 687 1330 ecclesiarum
702 1265 814 1345 prelati
827 1273 858 1330 et
871 1265 979 1330 clerici
996 1282 1036 1330 ac
1048 1261 1271 1329 ecclesiastice
1284 1267 1440 1341 persone,

350 1369 412 1426 tam
434 1362 585 1444 religiose
608 1379 702 1444 quam
726 1363 901 1440 seculares,
920 1380 979 1429 nec
1006 1379 1068 1428 non
1087 1363 1202 1436 linces,
1221 1358 1440 1432 blarcbionos,

349 1461 501 1538 Comites,
520 1463 674 1538 Berones,
700 1462 836 1536 nobiles,
855 1463 985 1539 milites,
1002 1461 1094 1544 layci,
1118 1457 1302 1525 communia
1326 1455 1442 1521 ciuita-

351 1568 428 1636 tum,
441 1563 668 1626 uniuersitates
685 1561 868 1642 opidorum,
885 1571 1077 1634 castrorum,
1092 1559 1238 1624 villarum
1253 1565 1286 1623 et
1300 1556 1444 1622 aliorum

349 1659 508 1735 locorum,
522 1677 582 1725 neo
597 1677 660 1725 non
677 1661 741 1725 alie
753 1661 934 1742 singulares
950 1676 1088 1741 persone
1103 1657 1269 1724 civitatum
1286 1663 1320 1722 el
1334 1655 1444 1720 dioce-

351 1758 434 1824 sium
450 1774 487 1823 ac
501 1759 636 1824 aliarum
652 1760 789 1840 partium
806 1760 1006 1824 diuersarum
1020 1765 1220 1838 occuparunt
1239 1764 1272 1820 et
1287 1753 1443 1834 occupari

352 1857 494 1922 lecerunt
520 1868 638 1934 castra,
655 1859 746 1923 villas
768 1869 801 1924 el
826 1858 887 1923 elia
913 1859 994 1936 loca,
1012 1867 1127 1931 terras,
1152 1853 1283 1926 domos,
1309 1869 1444 1935 posses-

353 1956 474 2032 siones,
489 1957 560 2038 iura
583 1967 615 2022 et
627 1957 882 2038 jurisdictiones,
901 1975 1039 2023 necnon
1063 1957 1198 2028 tructus,
1215 1969 1352 2028 census,
1370 1951 1444 2017 red·

353 2054 439 2120 ditus
455 2063 484 2120 el
502 2065 680 2137 prouentus
697 2058 843 2123 Rectoris
866 2066 896 2122 el
914 2057 1111 2140 singularum
1137 2069 1351 2137 personarum
1369 2051 1446 2115 Vni-

351 2154 513 2219 versitalis
536 2155 692 2232 eiusdem,
711 2171 748 2220 ac
771 2156 923 2221 nonnulla
943 2157 1004 2220 alia
1020 2172 1072 2220 res
1096 2165 1128 2219 el
1150 2154 1235 2220 bona
1262 2150 1395 2216 mobilia
1412 2157 1446 2215 et

354 2253 539 2332 immobilia,
563 2253 741 2335 spiritualia
757 2264 789 2320 et
811 2255 1009 2337 temporalia,
1026 2255 1065 2319 ad
1083 2255 1255 2320 Rectorem
1280 2261 1313 2316 el
1337 2249 1444 2332 ipsius

354 2353 574 2418 Vniversilatis
611 2354 790 2435 singulares
827 2371 983 2435 personas
1017 2354 1180 2436 predictos
1216 2360 1278 2416 lem
1318 2349 1447 2414 ratione

353 2467 487 2516 suorum
522 2452 751 2518 beneficiorum
788 2471 882 2534 quarn
912 2455 1007 2518 etiarn
1045 2467 1258 2534 personarum
1295 2467 1334 2514 nc
1363 2448 1446 2513 alias

353 2550 492 2632 legitime
507 2553 694 2631 speclanlia,
713 2561 745 2617 el
760 2569 796 2618 ea
822 2551 966 2618 detinent
981 2551 1121 2618 indebite
1143 2558 1313 2630 occupata,
1332 2566 1392 2614 seu
1409 2565 1447 2613 ea

352 2648 571 2714 detinentibus
584 2659 725 2730 prestant
742 2651 906 2727 arixilium,
923 2651 1095 2716 consilium
1113 2649 1164 2714 uel
1179 2650 1344 2722 lauorcm;
1366 2665 1446 2713 nou-

353 2747 431 2812 nulli
451 2747 544 2812 eliam
567 2749 731 2814 ciuitatum
753 2759 784 2816 et
806 2749 983 2816 diocesium
1006 2767 1044 2815 au
1068 2750 1204 2831 partium
1223 2749 1445 2829 predictarum

352 2845 405 2927 qui
422 2863 538 2913 nornen
554 2847 674 2913 domini
693 2849 724 2914 in
740 2865 857 2913 vanum
874 2849 1018 2929 recipere
1033 2863 1098 2914 non
1114 2847 1303 2924 formidant,
1318 2847 1445 2912 eisdem

354 2944 497 3022 Rectori,
514 2945 714 3023 doctoribus,
733 2947 904 3028 magistris,
920 2935 1101 3012 scolaribus
1117 2953 1148 3010 el
1163 2944 1269 3025 ipsius
1281 2945 1450 3010 Vniuersi-

354 3043 427 3108 latis
451 3045 612 3123 personis,
638 3063 735 3126 super
756 3046 884 3121 castris,
910 3045 1006 3117 villis,
1032 3045 1125 3118 locis,
1144 3043 1255 3118 terris,
1279 3044 1449 3117 domibus,

354 3143 627 3222 possessionibus,
639 3143 778 3224 juribus,
786 3143 1078 3225 jurisdictionibus,
1090 3141 1259 3218 fructibus,
1274 3143 1448 3218 censibus

353 3239 544 3316 redditibus,
563 3241 773 3322 prouenlibus
789 3251 818 3306 et
838 3242 930 3306 bonis
948 3241 1112 3323 prediclis,
1132 3257 1273 3306 necnon
1292 3241 1449 3321 pecunia·

355 3355 425 3405 rum
441 3341 576 3406 summis
598 3341 662 3406 illis
678 3342 771 3406 etiarn
797 3341 977 3406 huiusmodi
995 3341 1173 3405 rationibus
1198 3339 1321 3405 debilis
1340 3339 1450 3404 mulli-

354 3439 454 3520 plices
485 3439 650 3504 molestias
680 3455 718 3504 nc
748 3439 881 3504 iniurias
907 3439 1047 3504 inierunt
1078 3438 1198 3518 pariter
1227 3445 1261 3502 et
1291 3437 1451 3512 iacturas,

353 3554 476 3618 eosque
506 3538 646 3603 diuersis
675 3538 860 3604 verbalibus
886 3547 918 3603 et
945 3539 1085 3604 realibus
1114 3537 1324 3618 contumeliis
1356 3546 1454 3619 atoue

354 3635 533 3716 dispendiis
548 3636 687 3711 afficere,
702 3647 733 3701 el
748 3647 859 3702 contra
877 3637 1043 3718 priuilegia
1058 3653 1116 3702 nec
1133 3653 1197 3702 non
1210 3637 1453 3703 concessiones

355 3743 386 3800 et
403 3733 524 3798 indulta
548 3735 662 3800 aSede
686 3736 861 3817 apostolica
878 3735 1083 3801 Vniuersitati
1108 3753 1145 3800 ao
1169 3736 1275 3816 ipsius
1299 3738 1454 3818 personis

356 3830 478 3896 eisdem
502 3832 652 3898 attributa
675 3843 795 3898 temere
810 3841 842 3898 el
863 3833 902 3898 de
926 3833 1015 3898 lucto
1032 3835 1151 3909 venire,
1177 3834 1300 3915 illaque
1324 3835 1455 3900 modica

355 3928 694 4014 ipsorumaucloribus
707 3931 860 3996 dilatione
873 3940 1173 4013 ostensa,quantum
1183 3931 1215 3995 in
1229 3933 1315 4012 ipsis
1331 3933 1455 4006 existit,

356 4027 532 4108 intringere
550 4045 612 4093 non
636 4039 798 4095 verentur.
817 4029 920 4102 Quare
944 4047 1001 4110 pro
1019 4038 1108 4114 parle
1124 4029 1234 4094 dilecti
1258 4030 1316 4112 filij
1335 4031 1457 4096 nobilis

357 4124 415 4206 virj
434 4125 571 4208 Philippi
596 4127 691 4192 lincis
709 4127 876 4193 brabantie
901 4145 1037 4193 necnon
1060 4127 1283 4210 predictorum
1305 4129 1458 4196 [lectoris

356 4223 538 4300 doctorum,
569 4225 805 4306 magistrorum,
833 4226 1006 4291 scolarium
1033 4237 1065 4292 et
1094 4227 1460 4308 ipsius-Vniuersitatis

356 4337 570 4409 personarum
599 4323 657 4391 lull
686 4323 779 4392 nobis
807 4324 969 4392 humililer
1002 4325 1217 4410 supplicatum
1249 4333 1283 4394 vl
1310 4327 1458 4406 Rectori,
