3222 4944
739 393 922 464 -tua-

290 596 410 668 partem
427 586 711 654 extraordinariam
730 603 785 666 333
802 585 936 651 mediam
955 585 1076 659 boram,
1094 584 1177 650 siout
1193 586 1372 666 predictum

289 695 349 762 est,
375 703 476 767 33333
507 686 537 748 13
568 701 684 749 animm
716 694 924 764 sequentum
956 684 987 746 13
1018 701 1081 764 333
1109 682 1163 750 iret
1186 684 1316 750 inicium
1341 685 1373 748 iu

291 784 390 866 prima
408 793 496 865 33313
514 783 633 865 [ligasti
651 783 735 858 novi,
753 783 1022 863 quemadmodum
1038 792 1087 848 331
1102 783 1203 848 oolam
1223 784 1374 864 superius

290 883 423 950 diorum.
498 896 503 904 ·

333 1013 978 1096 1333313333113331331331333333131
1002 1013 1042 1076 do
1066 1029 1157 1077 mona
1181 1014 1287 1095 legent
1312 1033 1375 1078 uuo

290 1115 420 1178 333313
440 1115 542 1194 urimo
559 1113 640 1178 libro
658 1115 884 1185 [133331311333.
902 1123 932 1178 31
949 1114 1091 1178 divident
1114 1114 1268 1179 lectiones
1285 1131 1373 1188 3333,

291 1223 384 1295 33331
400 1214 518 1278 dietum
536 1223 585 1277 331
600 1214 640 1277 de
656 1212 836 1294 legentibus
853 1213 883 1276 in
901 1213 973 1294 jure
989 1213 1086 1278 uirili.
1104 1213 1141 1276 Et
1158 1231 1215 1294 pro
1233 1213 1374 1278 secunda

291 1321 390 1394 33313,
414 1329 475 1393 333
498 1311 659 1376 3311133313
684 1312 811 1383 dicitur.
835 1312 1067 1376 continuabunt
1090 1329 1146 1392 per
1170 1312 1278 1380 boram
1303 1328 1374 1376 cum

293 1411 394 1476 media
412 1411 442 1474 13
460 1411 529 1492 ipso
547 1411 627 1475 libro
645 1411 746 1491 urimo
764 1427 819 1492 per
840 1411 951 1476 titulos
975 1411 1120 1476 utiliores
1144 1429 1215 1476 oum
1238 1413 1375 1485 calamo,

292 1511 376 1574 31331
407 1518 547 1576 notatum
578 1520 627 1574 est
656 1510 696 1575 de
727 1510 863 1590 legibus
897 1509 932 1574 Et
963 1528 1021 1590 pro
1052 1511 1150 1591 prima
1182 1519 1283 1591 pane,
1314 1528 1377 1591 333

292 1609 543 1674 extraordinaria
566 1610 754 1690 3333113133,
773 1609 877 1690 legant
902 1609 932 1672 in
957 1609 1057 1675 133313
1073 1609 1153 1674 libro
1168 1624 1223 1690 per
1240 1609 1375 1674 mediam

293 1709 403 1773 lroram
421 1710 491 1772 siue
507 1709 629 1772 calamo
644 1719 676 1772 et
694 1709 868 1772 suoeiuele.
887 1708 956 1773 Alio
980 1717 1085 1772 aulem
1108 1725 1191 1772 3333
1214 1708 1320 1789 legent
1343 1709 1374 1771 in

292 1808 389 1872 simili
415 1807 497 1870 libro
526 1807 734 1871 beoretalium
763 1824 819 1888 333
844 1807 1127 1887 narteordinaria.
1152 1807 1237 1871 3113
1262 1816 1377 1888 333313

292 1907 542 1986 331331313333
563 1907 826 1980 extraordinaria,
844 1907 981 1970 tenendo
1006 1906 1134 1970 modum
1159 1915 1188 1972 el
1213 1907 1373 1980 ordinem,

293 2005 345 2086 331
361 2021 457 2084 supra
472 2005 628 2086 designati
645 2015 720 2069 suut
738 2005 778 2070 de
794 2005 974 2085 legentibus
990 2005 1146 2070 lectiones
1159 2004 1242 2086 iuris
1258 2005 1376 2070 3131113.

337 2138 490 2218 tegentes
513 2145 617 2201 aulem
642 2135 810 2201 1331133333
834 2136 1029 2201 ordinariam
1053 2137 1092 2200 de
1115 2153 1189 2201 sero
1213 2153 1275 2200 333
1292 2153 1377 2199 3333

294 2235 453 2316 lugentia
476 2235 632 2311 Senmet
654 2235 716 2300 3113
739 2252 823 2299 auno
846 2235 876 2298 io
901 2235 1126 2308 Clementinis;
1151 2246 1183 2299 31
1205 2235 1377 2298 dividendo

295 2333 449 2400 lectiones
465 2351 552 2409 suas,
571 2335 655 2398 siout
671 2343 788 2400 tautum
808 2345 857 2399 331
880 2335 919 2398 113
942 2334 1133 2399 lectionibus
1153 2334 1235 2414 iuris
1258 2334 1375 2406 uirilis,

184 2427 189 2440 ’
293 2435 335 2497 de
356 2450 430 2498 sero
454 2434 559 2513 legent
582 2450 639 2514 uro
664 2443 752 2513 33313
775 2433 1026 2497 extraordinaria
1047 2434 1156 2498 1113133
1174 2433 1328 2514 positivus
1344 2443 1377 2496 el

295 2532 427 2596 minoris
456 2532 667 2606 extensionis,
692 2533 763 2597 sine
791 2533 932 2607 oalam0;
964 2543 995 2597 et
1024 2533 1168 2614 33113333
1199 2549 1256 2614 pro
1287 2540 1377 2614 parte

292 2631 453 2695 ordinaria
484 2647 556 2694 oum
586 2631 720 2702 calamo,
749 2633 925 2695 seeundum
953 2632 1037 2712 quod
1068 2631 1319 2698 eonvenieueius
1344 2640 1377 2696 31

294 2729 403 2794 3111133
420 2729 515 2793 133311
530 2731 744 2794 auditoribus.

334 2859 412 2924 ilem
426 2861 499 2941 quia
513 2861 667 2926 exercicia
677 2861 932 2941 disputacionum
948 2862 1117 2942 plurimum
1131 2862 1236 2926 solent
1249 2861 1376 2942 ingenia

293 2960 464 3023 scolarium
502 2977 618 3024 acuere
652 2971 769 3025 31333
799 2962 837 3024 ad
870 2961 972 3025 studia
1003 2961 1148 3031 13311333.
1179 2960 1377 3042 injungimus

293 3058 480 3123 doctoribus
504 3070 534 3123 31
557 3059 750 3140 legentibus,
772 3070 927 3141 33313333
950 3061 1092 3125 33313333
1118 3077 1196 3125 3333
1222 3059 1379 3124 inducant

292 3164 323 3222 et
349 3157 508 3221 instruant
531 3158 568 3220 ad
596 3157 837 3238 disputacionos
865 3159 1041 3223 circulares
1065 3159 1094 3220 in
1119 3159 1204 3224 exilu
1229 3157 1378 3223 lectionis

293 3255 802 3334 333333113311331133131333311
823 3273 916 3337 quem
941 3257 1083 3321 scolares
1107 3257 1274 3338 utriusque
1293 3257 1378 3338 juris

293 3355 466 3419 oonrenire
492 3356 669 3430 33133333
697 3357 776 3420 13313
805 3357 886 3420 beati
915 3355 1046 3436 Remigii
1072 3357 1232 3437 usquead
1256 3355 1378 3419 earnis-

294 3453 441 3534 prinlum.
462 3454 570 3535 113333
586 3464 634 3518 133
650 3456 698 3518 rel
716 3465 830 3535 333133
846 3455 982 3535 siugulis
999 3455 1188 3535 septimanis
1204 3455 1279 3518 13331
1297 3455 1379 3518 13133

292 3552 468 3616 3133313333
494 3554 734 3634 disputaciouos
766 3556 860 3618 unius
888 3554 935 3619 vel
960 3555 1094 3619 duarum
1119 3555 1377 3626 conclusionum,

293 3650 408 3731 33313
436 3651 573 3716 13311333
599 3653 759 3716 ordinaria
785 3653 824 3718 de
848 3669 938 3716 mane
962 3652 1209 3732 publicabuntur
1231 3651 1262 3715 in
1286 3652 1379 3715 audi-

209 3763 211 3771 ·
293 3749 384 3828 torijs
412 3751 579 3831 utriusque
603 3752 696 3832 juris.
726 3752 762 3816 111
791 3770 807 3816 3
837 3751 1049 3832 carnisprivio
1081 3768 1182 3832 333113
1211 3751 1247 3814 ad
1282 3751 1379 3814 133333

293 3847 444 3928 ordinarii
461 3849 506 3930 (l)
531 3851 606 3914 fiant
633 3852 846 3932 333311313333
869 3861 898 3916 31
921 3851 1161 3931 (1133313313333
1185 3868 1240 3932 333
1263 3850 1379 3914 baooa·

292 3944 403 4020 iarios,
429 3957 460 4010 ol
488 3948 587 4012 eciam
615 3969 670 4030 uer
696 3951 852 4028 scolares,
880 3951 907 4014 si
936 3950 1095 4015 volueriut
1123 3959 1153 4014 al
1180 3967 1216 4012 su
1243 3950 1381 4013 idoneos

331 4147 369 4220 ll)
392 4151 584 4218 Ordlnarinm,
601 4154 688 4210 nunde
700 4157 827 4211 souluiro.
