3100 4942
720 488 774 524 ’³'-
794 477 856 542 tta
878 509 920 525 -

274 655 373 733 ttoni,
390 655 605 739 omnibusque
626 656 698 738 aiijs
712 666 745 723 et
759 658 908 740 singulis,
922 657 997 722 dum
1014 656 1110 722 sicvt
1126 655 1295 737 premittur
1310 671 1379 736 per

278 753 491 821 reuerendum
516 763 637 836 patrem
660 756 825 820 dominum
850 754 1047 820 wilhelmun
1073 754 1154 820 Bcnt
1179 753 1372 820 Auditorem

281 853 549 920 Archidiaecnum
573 863 604 919 et
626 863 835 937 executorem
859 853 1039 935 predictum
1060 867 1099 918 ae
1113 867 1222 918 curam
1239 869 1278 917 eo
1293 867 1371 934 age.-

280 965 395 1020 rentnr
409 959 441 1020 et
457 954 580 1030 tierent,
598 971 733 1020 unacum
751 953 983 1036 prenominatis
1007 951 1145 1020 testibus
1168 969 1204 1019 ac
1227 953 1375 1019 atriano

282 1054 472 1119 connotario
494 1053 679 1136 subscripto
705 1071 841 1135 presens
869 1053 924 1128 lui,
949 1069 1051 1134 eacus
1076 1051 1125 1117 sic
1150 1051 1220 1117 lieri
1245 1051 1310 1116 ridi
1336 1059 1369 1118 et

280 1151 401 1226 audini.
419 1151 492 1219 idco
514 1163 681 1234 presentes
702 1153 828 1218 litteras
844 1167 902 1218 seu
919 1167 1053 1236 presens
1070 1149 1232 1232 publicum
1247 1151 1374 1215 instru-

280 1258 434 1320 mentum.
453 1267 547 1316 manu
569 1251 703 1316 alterius
721 1267 772 1317 me
786 1251 918 1316 aliunde
933 1259 1092 1329 occupato
1109 1247 1250 1313 fideliter
1264 1246 1367 1327 scrip·

277 1358 357 1426 tum,
385 1349 500 1415 exinde
523 1349 648 1415 confeci
671 1360 703 1414 et
726 1350 757 1414 in
784 1351 867 1416 hanc
894 1348 1055 1430 publicem
1083 1348 1217 1412 termam
1243 1345 1374 1427 redegi,

280 1447 439 1530 signoque
465 1459 496 1514 et
522 1450 651 1514 nomine
678 1449 759 1514 meis
784 1449 890 1515 solitis
913 1463 1050 1512 vnacnm
1076 1446 1220 1512 eiusdem
1246 1439 1367 1510 domini

281 1545 457 1624 auditoris,
481 1547 700 1614 archidiaconi
723 1555 754 1614 et
775 1547 961 1629 executoris
983 1545 1079 1628 sigilli
1102 1544 1301 1627 appensione
1322 1543 1369 1608 si-

281 1647 377 1728 gnaui
393 1657 525 1729 rogatus
541 1657 572 1712 et
587 1647 761 1728 requisitus
777 1647 810 1711 in
826 1647 921 1712 lldem
938 1655 970 1711 et
986 1645 1203 1711 testimonium
1224 1643 1371 1708 omnium

281 1753 313 1810 et
329 1745 528 1827 singulorum
544 1747 789 1827 premissorum.

320 1906 358 1972 itt
368 1924 430 1990 ego
441 1908 602 1976 Adrianus
613 1910 676 1993 Zay
688 1908 982 1991 deWemeldiopen
994 1905 1213 1972 traiectensis
1225 1903 1370 1970 diocesis

281 2005 430 2086 publicus
451 2007 606 2089 imperiali
628 2008 819 2074 auctoritate
844 2007 1000 2080 notarius.
1018 2005 1092 2087 ocia
1115 2003 1283 2084 premissis
1298 2003 1373 2068 dic·

280 2114 385 2170 tarum
408 2105 585 2172 litterarum
607 2107 858 2188 apostolicarum
882 2103 1114 2188 presentationi
1136 2111 1167 2170 cl
1190 2100 1373 2182 receptioni

281 2203 418 2287 aliisque
431 2204 582 2271 omnibus
597 2215 629 2270 ct
644 2205 794 2286 singulis,
810 2207 886 2270 dum
901 2203 951 2269 sic
965 2211 998 2267 vt
1014 2201 1208 2284 premittitur
1224 2217 1281 2282 per
1297 2217 1370 2280 pre·

281 2301 400 2368 dictum
418 2310 539 2384 patrem
555 2303 721 2368 dominum
734 2302 939 2370 wilhelmum
955 2301 1038 2366 Boot
1052 2299 1239 2366 auditorem
1256 2297 1369 2364 Archi·

280 2401 451 2468 diaconum
473 2401 686 2484 Ereoutorem
709 2401 887 2484 predictum
910 2417 949 2466 ac
967 2415 1076 2466 coram
1093 2415 1133 2466 eo
1147 2406 1321 2480 agerentur
1335 2405 1369 2462 ct

279 2499 405 2574 tierent,
421 2516 557 2566 rnacurn
575 2500 728 2582 magistro
742 2500 888 2566 Jcbnnne
905 2499 1000 2566 Boels
1015 2498 1094 2564 alias
1108 2497 1150 2564 de
1166 2497 1375 2577 Kempencre

279 2598 404 2664 notario
421 2598 549 2681 publico
563 2615 601 2664 ac
616 2599 755 2666 testibus
778 2598 1009 2680 suprascriptis
1033 2612 1167 2679 presens
1191 2594 1247 2670 lui,
1263 2610 1375 2676 enque·

278 2696 327 2761 sie
349 2696 417 2762 lieri
434 2697 497 2762 vidi
520 2707 551 2764 et
572 2698 694 2774 audiui,
712 2699 786 2768 idco
809 2707 978 2780 presentes
1001 2696 1125 2762 litteras
1148 2711 1204 2762 seu
1231 2709 1375 2775 presens

279 2794 440 2876 publicum
463 2796 724 2872 instrumentum,
743 2814 837 2862 manu
859 2795 993 2862 alterius
1009 2794 1148 2862 lidelitcr
1164 2791 1321 2872 scriptum
1337 2799 1370 2856 et

280 2894 471 2974 perdicium
493 2895 681 2977 magistrum
702 2897 881 2962 lohanuem
905 2895 1089 2960 conlectum
1111 2901 1142 2958 et
1164 2891 1195 2956 in
1213 2893 1295 2956 banc
1311 2907 1376 2971 pu·

279 2991 396 3058 blicam
416 2994 551 3060 sormam
574 2994 751 3074 redactum,
769 2996 929 3077 signoque
950 3003 983 3058 et
1006 2991 1136 3058 nomine
1160 2989 1240 3054 meis
1262 2988 1376 3054 solitis·

268 3107 414 3157 unacum
436 3092 581 3158 eiusdem
602 3094 723 3160 domini
739 3093 905 3159 Auditoris
921 3088 1147 3158 archidiaconi
1167 3097 1200 3154 et
1214 3095 1374 3168 exsputo·

277 3191 323 3257 ris
338 3191 435 3275 sigilli
451 3194 651 3275 appensione
667 3193 849 3274 subscripsi
866 3200 899 3260 et
913 3190 1041 3274 sinnaui
1056 3197 1189 3271 rogatus
1204 3195 1237 3252 et
1260 3185 1373 3267 renui·

277 3291 360 3357 situs
383 3291 415 3354 in
440 3292 535 3358 lldem
559 3302 591 3360 et
614 3293 834 3360 testimonium
857 3291 1000 3358 omnium
1023 3298 1055 3356 et
1076 3285 1277 3368 singulorum
1294 3301 1368 3366 pre·

267 3405 465 3460 ‚missorum

652 3525 778 3595 original
801 3539 850 3579 sur
871 3520 1042 3594 parchemin,
1068 3518 1144 3574 muni
1169 3513 1302 3572 autrefois
1327 3513 1369 3567 du

613 3631 693 3672 saecu
711 3617 745 3670 de
763 3613 952 3670 l¹arohidiacre
970 3611 1127 3667 Guillaurae
1145 3609 1227 3676 Boni,
1241 3622 1298 3661 aux
1315 3606 1371 3659 Ar·

612 3705 705 3761 obires
718 3707 754 3762 de
766 3707 795 3760 le
807 3705 872 3760 ville
885 3705 919 3760 de
933 3702 1066 3760 Lourairr.
