3100 4942
596 458 784 523 -ttt-

138 641 197 706 dis
214 641 372 720 predictis
388 657 445 720 per
461 639 701 719 resignationes
716 655 827 706 eorum
845 639 896 720 qui
914 639 987 704 illas
1004 641 1241 722 resignauerint

141 756 269 804 uacare
284 747 478 804 censeantur
493 755 533 802 eo
549 739 621 818 ipso
638 738 762 820 integre
778 738 954 804 faciendam
972 739 1082 804 cadent
1100 741 1239 804 auctori·

140 847 212 904 tate
234 837 412 904 reseruetis
437 837 641 902 constituatis
664 845 695 902 et
721 837 894 917 assignetis
921 838 1076 902 facientes
1102 839 1239 920 singulis

141 937 345 1002 {lectoribus
367 953 405 1000 ac
424 936 573 1016 personis
598 936 775 1014 plebaniam
800 944 830 1000 et
855 936 1002 1016 singulos
1025 935 1239 1002 canonicatus

143 1045 181 1102 et
206 1035 388 1116 prebendas
411 1034 623 1116 resignandos
645 1033 866 1100 obtinentibus
885 1035 1038 1116 predictis
1053 1035 1198 1116 singulas
1216 1034 1222 1118 Ι

141 1134 324 1216 pensiones
341 1142 434 1218 prout
449 1150 506 1198 ecs
522 1133 711 1214 contingent
727 1133 812 1196 iuxta
830 1133 1060 1198 reseruationis
1083 1135 1239 1198 constitu-

141 1235 247 1299 tionis
262 1242 293 1296 et
308 1231 540 1314 assignationis
558 1249 615 1312 pet·
632 1249 691 1296 uos
708 1231 926 1294 taciendarum
942 1232 1061 1296 lormas
1073 1233 1241 1298 continen-

140 1333 217 1398 cias
239 1341 271 1396 et
292 1341 423 1396 tenores
446 1331 569 1412 integre
593 1331 748 1411 persolui.
766 1329 1027 1396 contradictores
1051 1331 1241 1396 auctoritate

145 1441 261 1496 nostra
277 1429 492 1511 appellatione
509 1429 688 1510 postposita
705 1429 956 1508 compescendo.

275 1595 445 1648 Annnlatton
465 1591 515 1649 des
534 1599 640 1648 clauses
658 1599 692 1647 de
708 1599 781 1648 droit
799 1611 927 1648 commun
948 1601 1109 1649 contraires

466 1691 484 1737 d
505 1689 533 1738 lc
551 1691 706 1739 concession
726 1690 766 1739 du
784 1684 928 1752 prestepe,

189 1809 259 1872 tton
287 1807 490 1872 obstantibus
516 1807 722 1888 generalibus
754 1817 785 1870 ct
811 1806 1006 1888 specialibus
1038 1823 1181 1886 pennos
1210 1816 1241 1872 et

142 1907 266 1971 dictam
283 1907 393 1970 sedern
411 1923 448 1970 ac
464 1917 573 1970 nostra
590 1915 621 1970 et
635 1906 738 1985 ipsius
757 1905 844 1970 sedis
862 1906 911 1970 uel
929 1905 989 1968 alia
1008 1905 1015 1986 Ι
1034 1905 1149 1986 qnauis
1168 1922 1241 1970 auc·

146 2006 280 2071 toritate
295 2005 335 2068 de
351 2004 582 2070 ecclesiasticis
599 2003 764 2084 beneficiis
782 2004 875 2068 t'actls
891 2012 922 2067 et
938 2003 1066 2067 inantea
1086 2003 1241 2068 iaciendis

147 2105 210 2170 sub
226 2119 418 2185 quacunque
438 2103 538 2168 torma
556 2103 605 2167 uel
623 2103 834 2184 expressione
857 2101 1028 2168 uerborum
1046 2101 1240 2168 reseruatio·

148 2203 247 2266 nibus
269 2211 366 2283 atquc
387 2201 459 2282 alijs
481 2201 669 2280 apostolicis
692 2199 983 2266 constitutionibus
1009 2211 1040 2265 et
1065 2200 1241 2265 ordinatio·

148 2301 258 2376 nibus,
278 2317 402 2366 necnon
427 2300 548 2381 pretate
569 2300 710 2366 ecclesie
733 2300 836 2364 sancti
861 2299 943 2364 Petri
968 2300 1148 2363 iuramento
1164 2315 1241 2384 con-

149 2400 336 2466 firmatione
365 2399 542 2479 apostolica
574 2399 624 2463 uel
655 2399 770 2479 queuis
801 2398 861 2462 alia
901 2397 1050 2462 firmitate
1084 2397 1243 2462 roboratis

150 2499 283 2563 statutis
298 2507 329 2563 ct
345 2497 634 2563 consuetudinibus
649 2497 823 2578 contrariis
842 2499 847 2576 Ι
866 2497 1124 2578 quibuscunque.
1138 2495 1199 2560 Ant
1215 2497 1241 2560 si

148 2598 258 2678 aliqua
276 2597 452 2677 apostolica
471 2596 519 2660 uel
537 2595 597 2658 alio
614 2597 728 2677 qnauis
744 2596 936 2660 auctoritate
960 2597 990 2656 in
1015 2595 1084 2675 ipsa
1106 2593 1242 2660 ecclesia

149 2696 259 2760 sancti
278 2695 361 2760 l‘etri
378 2696 410 2758 in
427 2695 603 2760 canonicos
623 2695 689 2758 sint
711 2695 830 2774 recepti
855 2695 905 2759 uel
930 2703 963 2758 ut
985 2694 1180 2773 recipiantur
1196 2694 1242 2756 in-

153 2795 284 2859 sistant.
302 2793 362 2858 Seu
380 2793 408 2858 si
425 2811 522 2874 super
539 2793 780 2874 prouisionibus
795 2793 856 2857 sibi
875 2793 1029 2858 faciendis
1045 2793 1085 2856 de
1105 2792 1241 2857 canoni·

151 2893 282 2958 cetibus
304 2902 336 2958 et
358 2892 529 2973 prebendis
546 2893 690 2956 ciusdem
707 2891 843 2956 ecclesie
859 2892 962 2956 sancti
982 2891 1065 2955 Petri
1082 2891 1242 2972 speciales
1334 2878 1337 2884 ’

156 2993 205 3056 vel
229 2990 302 3072 alijs
324 2991 489 3072 benedcijs
511 2991 742 3056 ecclesiasticis
766 2992 797 3054 in
822 2991 885 3054 illis
909 2991 1052 3070 partibus
1074 2989 1242 3071 generales

152 3090 242 3155 dicte
261 3090 353 3156 Sedis
377 3091 427 3154 uel
451 3093 628 3172 legatorum
650 3090 721 3154 elus
740 3089 746 3171 Ι
765 3090 889 3154 litteras
913 3089 1124 3169 impetrarint,
1142 3089 1243 3153 eciam

155 3191 183 3253 si
214 3206 272 3270 per
300 3205 355 3254 eas
383 3189 421 3252 ad
460 3189 682 3253 inhibitionem
721 3189 974 3254 reseruationem
1012 3197 1043 3252 et
1076 3187 1242 3251 decretum

157 3289 207 3354 uel
224 3288 305 3352 alias
320 3287 562 3367 quomodolibet
577 3286 621 3350 sit
637 3303 843 3368 processum
865 3303 946 3368 quas
967 3285 1095 3367 quidem
1120 3285 1244 3350 litteras

154 3395 189 3452 et
213 3403 270 3467 per
293 3385 368 3450 illos
389 3384 515 3450 babitus
539 3401 713 3465 processus
736 3385 775 3450 ed
798 3383 1018 3466 parrochiales
1041 3383 1196 3449 ecclesias
1213 3393 1244 3448 et

157 3501 196 3550 ex
212 3485 340 3548 illarum
361 3484 517 3548 fructibus
540 3483 719 3548 redditibus
741 3493 773 3548 et
796 3483 1007 3563 prouentibus
1029 3481 1189 3547 creandos
1213 3490 1244 3546 et

156 3583 387 3658 instituendos,
406 3598 531 3647 necnon
552 3592 617 3647 tres
634 3599 671 3646 ex
689 3583 799 3647 decem
815 3592 846 3647 et
862 3591 935 3646 octo
951 3579 1197 3646 canonicatibus
1213 3588 1244 3644 et

158 3681 332 3762 prebendis
355 3681 456 3746 cano·
475 3680 480 3762 Ι
501 3682 625 3746 nicetus
648 3690 680 3745 et
704 3680 885 3762 prebendas
908 3695 945 3744 ac
969 3679 1147 3760 plebaniam
1172 3695 1244 3759 pre-

154 3780 263 3846 dictos
286 3780 437 3844 uolumus
461 3795 524 3846 non
548 3778 675 3844 extendi
696 3778 753 3844 sed
772 3779 893 3844 nullum
911 3795 968 3858 per
984 3778 1046 3842 ltoc
1061 3777 1110 3843 eis
1126 3795 1189 3859 quo
1205 3776 1245 3842 ad

153 3877 360 3946 affectionem
374 3877 624 3944 Canonicatuum
637 3888 669 3943 et
685 3878 920 3959 prebendarum
939 3893 995 3942 seu
1015 3876 1244 3942 beneficiorum

157 3977 293 4043 aliorum
312 3976 522 4058 preludicium
539 3977 700 4058 generari.
718 3979 779 4040 Aut
795 3977 822 4042 si
839 3975 1077 4042 venerabilibus
1095 3974 1247 4039 tratribus

159 4075 281 4141 nostris
298 4075 467 4141 leodiensi
483 4085 514 4140 et
530 4075 754 4140 cameracensi
777 4073 947 4156 Episcopis
969 4092 1007 4138 ac
1032 4073 1163 4155 prelatis
1187 4073 1247 4137 be·

153 4189 238 4242 cano
268 4184 302 4241 et
330 4174 478 4256 capitulo
509 4174 561 4240 uel
591 4173 762 4255 quibusuis
790 4172 864 4254 alijs
892 4187 1037 4238 eommu-
1056 4171 1062 4254 Ι
1082 4172 1165 4240 niter
1195 4171 1246 4236 uel
