3246 4944
682 439 801 516 -6bl
826 486 867 498 -

733 664 812 728 ltct.

272 799 372 865 Porro
410 801 439 862 in
478 799 517 862 iis
556 797 668 871 titulis,
701 797 753 878 qui
786 807 917 877 propter
945 815 1027 870 eam,
1059 816 1152 878 uuam
1183 799 1311 875 babent,

232 899 411 971 utilitatem,
430 898 612 963 nullatenus
628 905 702 960 sunt
719 897 951 976 praetereundi,
970 908 1001 960 et
1021 907 1124 962 tamen
1150 900 1311 962 materiam

230 1000 395 1064 continent
433 998 644 1070 diffusiorem,
680 997 787 1060 licebit
828 996 1079 1076 professoribus.
1118 998 1313 1062 farrrlioribus

231 1097 399 1178 minusque
420 1097 613 1162 necessariis
637 1095 830 1176 praeteritis.
848 1095 949 1174 magis
973 1097 1155 1160 necessaria
1178 1108 1210 1161 et
1232 1096 1311 1160 utut-

230 1196 340 1260 ciliora
357 1212 528 1261 secernere
544 1203 575 1260 et
590 1211 627 1260 ea
643 1204 753 1259 exacte
769 1193 898 1258 docere.

726 1339 824 1404 xctl.

275 1475 377 1540 florae
393 1484 497 1540 autem
516 1473 689 1556 praedictis
706 1473 943 1569 professoribus
962 1475 1177 1556 praescriptae
1193 1486 1285 1540 enirn
1306 1496 1313 1541 :

234 1593 290 1655 pro
314 1574 465 1656 primario
493 1573 636 1654 praecise
664 1573 802 1636 medium
831 1583 964 1638 octavae
992 1575 1158 1655 usquead
1187 1593 1313 1646 nnrmnt.
1397 1607 1403 1610 ·

235 1691 292 1754 pro
309 1674 452 1738 secundo
469 1671 590 1736 decima
607 1671 810 1746 matutiua‚et
824 1673 917 1736 tertio
930 1673 1069 1736 secunda
1084 1675 1315 1754 pomeridiana.

722 1819 830 1884 xctlt.

281 1953 380 2016 Porro
407 1970 477 2016 cum
505 1953 564 2018 bac
592 1962 699 2018 nostra
727 1953 952 2018 reformatione
976 1953 1029 2034 jus
1053 1964 1233 2035 utrumque,
1256 1965 1317 2020 tam

237 2053 426 2116 canonicum
457 2069 551 2134 uuam
577 2053 682 2125 civile,
707 2052 834 2118 triennii
866 2054 970 2132 spatio
1001 2063 1099 2118 totum
1130 2055 1317 2120 tradendum

238 2153 290 2226 sit,
309 2153 380 2216 ideo
402 2161 434 2215 ut
458 2151 602 2230 publicas
619 2151 748 2216 scholas
760 2151 911 2231 juventus
926 2151 1110 2232 diligentius
1128 2154 1317 2233 frequenter,

237 2263 267 2314 et
292 2251 494 2330 professores
516 2250 554 2312 ad
579 2250 758 2314 docendum
782 2251 883 2332 magis
905 2251 1097 2326 animentur,
1116 2253 1318 2316 statuentium

239 2350 389 2414 duximus
410 2359 441 2412 et
465 2348 737 2428 praecipiendum,
754 2349 838 2412 sicut
860 2349 1029 2413 statuimus
1052 2359 1083 2414 et
1107 2351 1320 2431 praecipimus

241 2450 398 2521 districtc,
428 2457 459 2510 ut
491 2447 598 2511 nullus
629 2447 668 2511 iis
698 2447 797 2521 boris,
826 2447 943 2528 quibus
972 2447 1010 2512 ab
1043 2449 1209 2529 utriusque
1244 2450 1326 2529 iuris

242 2547 481 2628 professoribus
509 2547 540 2609 in
569 2545 706 2626 publicis
733 2547 853 2610 scholis
876 2547 1022 2620 docetur,
1041 2548 1186 2628 privatim
1211 2547 1328 2611 ducere

244 2655 434 2726 praesumat,
463 2646 524 2710 sub
552 2645 664 2726 poenis
693 2662 710 2710 a
742 2645 848 2725 priore
878 2656 908 2708 et
940 2646 1086 2710 facultate
1113 2646 1208 2726 juris,
1238 2647 1331 2726 cujus

244 2745 352 2810 boram
380 2753 527 2824 occupat,
545 2745 615 2809 sine
640 2745 898 2810 dissimulatione
921 2745 1143 2824 imponendis;
1169 2755 1201 2810 et
1226 2747 1331 2809 nullus

243 2862 370 2926 quoque
393 2843 538 2924 privatim
565 2844 683 2909 docere
709 2844 835 2918 audeat,
854 2844 914 2908 nisi
941 2861 958 2907 a
986 2846 1093 2924 priore
1121 2855 1152 2908 et
1180 2845 1332 2908 facultate

242 2943 326 3023 juris
341 2943 469 3006 obtenta
487 2941 627 3007 licentia.

737 3072 842 3135 ltelv.

287 3220 325 3284 Et
342 3237 381 3286 ne
398 3219 533 3284 studiosi
548 3221 577 3284 in
595 3221 788 3285 lectionibus
800 3221 867 3284 suis
880 3221 1047 3285 audiendis
1061 3222 1330 3304 praeiudieentur‚

245 3321 393 3386 volumus
416 3330 450 3384 ut
474 3319 627 3399 praedicti
654 3319 857 3401 professores
881 3320 1051 3400 diligenter
1077 3333 1108 3385 et
1135 3323 1205 3386 sine
1236 3323 1333 3386 inter·

246 3420 399 3483 missione
429 3419 595 3483 consuetis
625 3428 656 3483 et
686 3419 815 3483 statutis
842 3419 956 3483 diebus
982 3419 1151 3501 (vacantiis
1178 3420 1334 3500 exceptis)

246 3519 417 3599 diligenter
432 3517 579 3588 doceant.
594 3533 652 3580 nec
669 3533 816 3596 umquam
834 3534 908 3582 sese
924 3517 1178 3592 absentent‚nisi
1198 3520 1279 3583 forte
1295 3521 1332 3582 atl

248 3617 412 3680 servitium
431 3625 575 3679 nostrum
592 3615 729 3690 evocati,
749 3625 801 3679 aut
827 3627 960 3697 urgente
982 3617 1115 3682 adversa
1140 3616 1332 3690 valetudiue,

247 3723 301 3778 aut
313 3715 374 3778 alia
386 3729 546 3789 excausa,
558 3713 655 3794 priori
673 3713 832 3778 facultatis
845 3716 1031 3794 approbata,
1043 3717 1184 3794 impertit
1203 3717 1333 3779 fuerint.

248 3814 370 3888 Quibus
385 3813 515 3878 casibus
531 3813 627 3876 aliurn
644 3813 809 3877 doctorem
827 3815 863 3891 lsi
882 3815 989 3878 baberi
1008 3816 1120 3896 possit)
1136 3826 1189 3878 aut
1206 3815 1335 3879 doctum

249 3911 444 3976 licentiatum
463 3911 736 3993 substituentem
755 3912 910 3978 lectiones
926 3913 1069 3979 absentis
1088 3913 1190 3995 ipsius
1207 3923 1336 3993 sumptu

251 4020 477 4091 prosequatur.

752 4143 841 4205 XCV.

298 4289 537 4373 Disputationes
552 4307 679 4373 quoque
694 4290 768 4372 qnia
783 4291 820 4356 ad
834 4291 1106 4373 jurisprudentiae
1119 4295 1334 4372 coguitionem
