3222 4944
741 448 779 462 -
803 403 926 476 tte-

336 590 402 660 iloc
432 602 558 676 tempus
587 593 684 660 studii
716 595 834 676 passim
865 613 929 660 non
956 593 1117 675 impletur,
1142 579 1198 660 sed
1226 591 1378 670 studiosi,

293 702 388 776 prout
403 693 549 774 inscripti
570 701 645 758 sunt
666 702 698 758 et
719 694 825 775 aliquo
850 703 993 775 tempore
1016 693 1175 759 lectiones
1198 693 1380 775 frequenta-

292 803 379 869 runt,
398 792 622 874 praetermissa
647 793 746 868 scola,
764 793 840 857 dant
862 810 898 858 so
921 793 1199 875 pharmacopolee,
1217 803 1248 857 et
1271 809 1380 858 revor-

293 900 402 957 tuntur
419 892 500 956 intra
517 891 688 956 triennium
706 907 763 973 pro
780 892 988 973 suscipiendo
1003 892 1116 974 gradu.

336 1023 425 1095 Quod
462 1032 494 1088 ut
529 1023 728 1099 emendetur,
760 1024 982 1088 ordenandum
1014 1033 1047 1088 ut
1076 1034 1149 1090 ante
1177 1039 1308 1089 examen
1339 1021 1379 1086 ad

292 1123 411 1205 gradus
427 1131 583 1204 cogantur
597 1123 734 1188 studiosi
755 1122 907 1190 exhibere
922 1123 1141 1188 testimonium
1159 1123 1379 1204 professorum

292 1222 332 1288 de
348 1223 604 1304 frequentatione
619 1239 748 1288 auarum
765 1223 953 1288 lectionum.

814 1371 865 1436 Ὦ.

336 1504 412 1568 item
428 1503 572 1570 visitatio
588 1503 776 1585 praescribit
792 1511 822 1568 ut
840 1509 1038 1586 professores,
1055 1507 1083 1568 si
1108 1503 1213 1568 abesse
1236 1501 1377 1578 debeant,

293 1603 389 1666 oliam
403 1603 603 1680 substituant,
622 1613 684 1669 eto.

336 1733 456 1799 Dicitur
494 1734 645 1801 dominus
686 1735 842 1811 binsens,
881 1736 935 1817 qui
976 1735 1071 1801 babet
1110 1735 1279 1800 lectionem
1320 1750 1378 1800 sex

293 1835 555 1916 septimanarum,
586 1853 603 1899 a
640 1835 770 1901 biennio
807 1835 962 1912 abluisse,
993 1843 1025 1901 et
1061 1836 1182 1900 nullum
1215 1851 1276 1900 suo
1305 1834 1380 1899 loco

294 1933 500 1998 substituisse
515 1933 571 2018 (l).

269 2137 285 2148 q
337 2063 399 2131 Pro
414 2065 641 2148 adimpletione
662 2067 711 2131 sui
735 2067 878 2133 muneris
901 2065 1135 2133 admouendum
1160 2074 1316 2148 potorem,
1335 2073 1381 2142 et,

295 2163 322 2228 si
352 2172 496 2245 tempore
526 2181 585 2230 suo
610 2164 729 2231 docere
756 2175 809 2230 aut
836 2165 1030 2232 substituere
1056 2164 1212 2240 omiserit,
1240 2163 1383 2230 lectione

296 2279 353 2328 sua
371 2261 559 2342 privandum
575 2281 660 2329 esse.

814 2387 866 2452 23.

663 2514 705 2576 lic
726 2511 871 2592 facultate
886 2515 1017 2600 tertiam.

337 2644 481 2710 Visitatio
520 2644 587 2708 vult
624 2646 769 2710 imotenus
805 2645 934 2710 docendi
967 2647 1090 2709 modam
1121 2647 1185 2709 rinc
1212 2647 1383 2710 motatione

298 2746 484 2820 continuari,
501 2750 528 2807 et
547 2745 720 2808 Aristotelis
742 2746 886 2826 topicam
902 2753 930 2809 et
946 2744 1178 2826 Philosophiam
1202 2745 1383 2808 Naturalem

302 2842 461 2924 replicari,
478 2851 539 2908 eto.

344 2975 377 3038 ln
405 2973 465 3039 ista
492 2974 640 3040 facultate
662 2983 799 3056 quatuor
821 2983 897 3040 sunt
920 2975 1106 3057 pedagogia,
1125 2975 1156 3039 in
1179 2975 1294 3056 quibus
1318 2992 1382 3039 non

301 3075 509 3140 conformiter
526 3074 724 3155 philosophie
741 3075 886 3150 docetur,
901 3076 956 3140 sed
974 3075 1106 3156 quilibet
1118 3075 1206 3155 jnrta
1222 3075 1383 3156 propriam

299 3173 554 3248 inclinationem;
587 3181 617 3238 et
646 3173 742 3254 aliqui
775 3183 885 3253 putant
917 3191 979 3237 non
1010 3191 1084 3238 esso
1115 3174 1145 3236 in
1176 3184 1242 3238 toto
1272 3173 1383 3253 Belgio

299 3272 533 3354 philosophiam
551 3272 655 3337 minus
672 3273 834 3336 fundatam
850 3287 944 3353 quam
962 3271 1103 3337 boranii.

342 3405 402 3470 l‘ro
430 3404 571 3470 remedio
598 3403 745 3484 abigendi
774 3412 868 3468 ernnt
895 3403 1096 3485 prolcssores
1119 3406 1157 3468 ad
1185 3404 1382 3470 conformem

299 3500 477 3567 doctrinam
500 3502 688 3578 docendam,
707 3501 960 3568 subservientem
984 3503 1129 3568 scientiis
1146 3503 1381 3585 superioribus,

302 3602 555 3680 proutVisitatio
571 3601 727 3667 decernit.
792 3627 795 3632 ·
1055 3613 1058 3620 ·

340 3701 376 3766 Et
402 3701 475 3783 quia
501 3700 598 3783 aliqui
624 3701 775 3765 dicuntur
800 3699 1007 3767 introducere
1034 3718 1147 3767 novam
1173 3701 1314 3782 logicam
1341 3701 1380 3765 ad

299 3814 442 3865 normam
453 3799 666 3881 Portusltegii
678 3799 915 3877 barisiensisct
927 3799 979 3863 alii
993 3801 1023 3864 in
1038 3801 1161 3882 phisica
1175 3801 1385 3866 introducunt

334 3981 371 4054 (l)
391 3983 496 4053 (iaspar
520 3981 660 4050 Limaeam,
684 3980 849 4052 d’Affordou,
875 3983 989 4037 licencia
1014 4001 1048 4038 on
1075 3983 1214 4039 mddocino
1238 4000 1274 4038 ou
1301 3983 1381 4050 1669,

297 4073 421 4126 admisit
442 4074 642 4129 lafacultdde
665 4071 804 4129 medecina
828 4075 854 4128 lo
878 4074 911 4126 lii
933 4079 999 4129 eobt
1027 4075 1105 4142 1669,
1122 4075 1275 4147 prolesseur
1296 4076 1331 4130 do
1356 4077 1384 4129 la

299 4167 388 4216 mimo
401 4163 514 4221 locutae.
