3222 4944
695 421 878 490 -ltlt-

244 606 316 687 rint,
333 608 480 674 similiter
503 609 541 674 ad
565 610 626 674 alia
648 610 753 676 studia
769 609 930 692 generalia
948 626 1010 674 non
1029 619 1208 684 transeant,
1225 609 1328 676 donec

244 708 356 772 saltem
374 725 430 790 per
445 709 607 773 biennium
624 709 654 772 in
674 710 742 789 ipsa
768 719 875 772 nostra
899 707 1113 774 Universitate
1138 709 1328 775 bononiensi

244 805 386 872 studium
408 815 439 872 et
462 808 617 874 lectiones
632 807 898 872 continuaverint.
916 806 1005 882 Quod
1024 806 1051 871 si
1069 823 1166 872 secus
1183 808 1328 882 fecerim,

247 922 366 970 moram
397 915 428 971 et
458 906 664 971 residentiam
695 905 725 969 iu
760 906 1015 987 quibuscumque
1045 906 1166 970 uostris
1203 907 1328 988 patriis,

245 1003 348 1068 donec
374 1003 546 1069 redeuntes
569 1004 600 1066 in
625 1005 693 1083 ipsa
717 1003 930 1068 Universitate
954 1004 1132 1083 predictum
1157 1005 1326 1070 triennium

246 1102 294 1166 vel
321 1102 484 1168 biennium
511 1103 671 1168 studendo
695 1113 726 1168 et
753 1101 908 1168 lectiones
935 1101 1095 1167 audiendo
1123 1103 1328 1184 perfecerint,

245 1201 364 1266 eisdem
383 1202 509 1282 penitus
525 1211 556 1266 et
570 1203 701 1267 omniuo
718 1201 937 1266 interdicimus
955 1201 1016 1266 sub
1032 1219 1111 1284 pena
1132 1203 1328 1268 bannimenti

245 1301 388 1380 perpetui
413 1301 452 1364 ab
475 1300 597 1366 eisdem
615 1301 727 1381 patriis
745 1301 876 1372 nostris,
894 1317 969 1365 casu
988 1317 1052 1382 quo
1069 1301 1328 1368 interdictionem

246 1407 386 1464 nostram
422 1399 622 1475 violaverint,
662 1409 773 1464 contra
810 1415 868 1464 eos
906 1415 962 1479 per
999 1400 1139 1488 villicum
1183 1411 1329 1466 nostrum

245 1497 487 1574 Lovaniensem,
505 1499 556 1563 cui
573 1499 611 1563 ad
635 1499 696 1564 boc
719 1498 891 1579 specialem
915 1499 1124 1564 concedimus
1147 1499 1327 1564 facultatem

245 1597 438 1677 procedendi
454 1608 485 1662 et
502 1597 740 1678 pronuntiandi.
760 1599 795 1661 Et
810 1613 886 1662 casu
904 1615 967 1679 quo
984 1597 1179 1679 experientia
1195 1617 1332 1681 coguos-

219 1711 353 1760 .cemus
389 1694 539 1761 doctores
569 1705 601 1761 et
630 1696 801 1775 magistros
831 1695 987 1776 legentes,
1020 1714 1079 1761 nec
1110 1714 1173 1762 non
1205 1707 1328 1764 tutores

244 1791 470 1868 instituendus,
505 1795 542 1858 ad
581 1794 804 1860 executionem
842 1804 1023 1858 nostrarum
1061 1796 1327 1861 constitutionum

248 1893 588 1976 predictarumatque
609 1892 647 1957 ad
671 1893 844 1957 scolarium
866 1893 1044 1957 doctrinam
1070 1895 1101 1958 in
1129 1895 1274 1960 moribus
1299 1905 1331 1961 et

246 1992 378 2056 scientia
409 1991 566 2056 sollicitos
595 2009 668 2057 esse
698 2001 729 2056 et
758 1992 939 2073 diligentes,
971 1993 1210 2078 providebimus
1243 1995 1329 2060 circa

246 2090 394 2154 subditos
421 2097 551 2155 nostros
574 2091 613 2154 ad
636 2089 740 2154 studia
763 2090 923 2172 generalia
947 2101 1034 2154 extra
1059 2091 1177 2172 patrias
1201 2103 1328 2157 nostras

247 2205 309 2253 iton
327 2187 510 2262 mittendos,
528 2189 587 2253 nisi
606 2188 695 2270 prius
718 2199 807 2253 certo
831 2199 974 2268 tempore
997 2189 1029 2251 iu
1051 2191 1168 2255 studiis
1191 2191 1328 2271 publicis

246 2288 386 2368 ipsarum
410 2288 582 2368 patriarum
609 2298 791 2352 nostrarum
814 2287 1006 2361 studuerint,
1023 2288 1120 2352 certis
1138 2290 1240 2354 modis
1258 2300 1329 2370 post

246 2386 337 2450 beca
355 2387 447 2451 nobis
464 2395 585 2452 mature
602 2386 830 2450 deliberandis.
1105 2391 1108 2395 “

288 2585 377 2660 llum,
395 2583 426 2650 iu
443 2583 592 2650 facultate
608 2583 766 2649 medicine
788 2583 984 2664 injungimus
1006 2583 1194 2650 doctoribus
1218 2585 1325 2668 legen·

244 2681 328 2772 tibus
357 2683 441 2766 quod
473 2683 628 2748 lectiones
658 2684 763 2763 legant
788 2682 959 2764 diligenter
984 2693 1016 2747 et
1041 2683 1205 2760 continue,
1230 2702 1268 2750 ac
1293 2687 1324 2749 in

241 2781 332 2846 libris
350 2782 480 2846 utilibus
492 2793 524 2847 et
539 2782 622 2846 sicut
638 2782 669 2845 in
688 2781 1037 2862 alistniversitatibus
1055 2781 1122 2846 fleri
1139 2787 1323 2858 consuevit;

242 2881 391 2962 quodque
429 2891 572 2961 tempore
609 2881 823 2945 vacantiarum
860 2897 991 2944 suarum
1032 2880 1190 2945 retineant
1229 2900 1323 2947 unam

242 2979 411 3044 lectionem
433 2979 463 3042 in
483 2980 535 3044 die
552 2979 706 3059 usquead
723 2977 886 3042 vacantias
901 2979 1069 3058 generales
1084 2978 1322 3055 Universitatis,

244 3087 276 3140 ut
311 3078 454 3142 scolares
490 3077 635 3142 volentes
673 3093 802 3142 manere
838 3085 981 3156 tempore
1015 3077 1229 3144 vacantiarum
1261 3097 1324 3144 uon

241 3183 371 3240 careant
385 3175 472 3240 omni
488 3176 658 3249 exercitio;
676 3185 707 3238 et
728 3174 828 3238 eciam
846 3181 1068 3240 restaurentur
1083 3174 1323 3256 disputationes

242 3273 379 3354 publice,
396 3275 479 3339 sicut
501 3283 569 3339 erat
589 3284 661 3338 ante
682 3283 885 3337 consuetum.
903 3272 940 3336 llt
963 3272 1097 3337 ulterius
1119 3275 1323 3342 deceruimus

240 3373 324 3454 quod
348 3382 501 3438 statutum
524 3373 608 3437 dicte
632 3373 884 3452 facultatisque
907 3381 1039 3436 cavetur
1063 3389 1102 3436 ne
1124 3373 1270 3453 graduali
1291 3376 1323 3440 in

240 3473 349 3538 eadem
378 3473 526 3537 facultate
552 3482 625 3536 ante
653 3481 775 3536 certum
807 3479 934 3550 tempus
965 3471 1135 3550 practicam
1167 3473 1325 3540 medicine

240 3580 408 3637 exerceant
437 3572 469 3634 in
498 3571 594 3652 opido
624 3569 814 3635 lovaniensi
844 3579 876 3634 ct
905 3569 943 3632 ad
971 3579 1057 3634 certa
1085 3569 1231 3648 miliaria,
1261 3590 1324 3638 non

239 3672 427 3735 extendatur
442 3680 529 3734 extra
545 3669 676 3750 opidum
697 3677 728 3734 et
748 3667 901 3732 suburbia
925 3667 1082 3748 ejusdem,
1101 3684 1204 3750 neque
1223 3671 1323 3736 eciam

240 3769 271 3832 in
295 3770 365 3850 ipso
388 3771 485 3849 opido
509 3768 660 3848 impediat
681 3767 853 3848 quominus
879 3767 975 3829 nativi
999 3765 1100 3846 opidi,
1125 3767 1157 3830 in
1181 3769 1323 3848 predicta

239 3867 387 3932 facultate
426 3867 584 3949 graduali,
622 3877 742 3930 statuto
781 3865 924 3944 predicto
962 3873 993 3928 et
1030 3864 1212 3945 juramento
1249 3867 1324 3934 inde

238 3967 394 4048 exigendo
412 3984 473 4031 nou
497 3967 712 4042 obstantibus,
735 3965 904 4045 practicam
930 3965 960 4026 iu
986 3964 1056 4044 ipso
1078 3965 1175 4046 opido
1198 3965 1324 4033 valeant

236 4082 401 4142 exercere,
445 4083 483 4130 ne
527 4066 630 4130 locum
676 4063 810 4144 originis
851 4081 887 4127 ea
927 4063 1099 4128 occasione
1140 4063 1323 4148 relinquere

237 4163 481 4245 compellantur.
1307 4185 1309 4188 ·
