3236 4944
686 471 870 547 -3'15-

235 664 427 731 »sessionis
451 665 588 730 tenende
611 664 695 730 vnde
718 666 833 732 merito
856 667 978 748 cuiparj
1011 683 1073 732 non
1097 666 1243 733 deberet.
1275 666 1321 731 Ati

234 780 328 847 uque
355 780 412 845 per
439 763 560 828 dictum
587 763 752 829 dominum
780 766 948 832 doctorem
977 767 1149 831 Gabrielem
1180 773 1321 839 narrata,
1446 779 1454 807 ¹

234 887 247 924 a
265 865 416 929 dominus
428 881 465 929 ao
480 863 632 945 magister
644 863 803 930 Joitaunes
815 866 853 929 tie
869 866 1096 946 Wemeltiiupau
1109 873 1323 933 conseruator

234 985 248 1024 a
267 963 510 1046 priuilegiorum
526 963 624 1026 huius
639 963 862 1028 uniuersitatis
879 973 1010 1045 propter
1031 964 1219 1030 breuitatem
1243 973 1321 1028 tem-

233 1086 250 1121 »
267 1062 355 1142 poris
383 1079 456 1126 cum
483 1061 562 1126 hora
589 1061 678 1126 tarde
705 1075 804 1139 essct,
831 1072 968 1145 protono
991 1064 1190 1145 respondere
1218 1063 1322 1128 noluit·

174 1165 180 1178 ¹
233 1164 410 1228 »reterens
427 1179 463 1228 se
478 1177 578 1242 super
597 1162 680 1226 sotis
702 1170 735 1227 et
757 1162 894 1229 narratis
914 1162 953 1226 ed
975 1163 1141 1229 dominum
1162 1169 1319 1228 rectorem

235 1283 248 1322 ι
266 1269 299 1327 et
321 1260 402 1325 aiios
425 1260 575 1326 dominos
598 1260 638 1326 de
653 1259 865 1328 uniuersitate
884 1261 937 1344 quj
955 1261 1092 1344 singulis
1106 1261 1232 1326 actibus
1250 1277 1320 1342 pre-

234 1383 248 1420 »
268 1359 406 1425 narretis
423 1358 642 1442 interfuerunt
664 1368 807 1442 segesta
828 1367 858 1426 et
874 1372 944 1426 acte
961 1378 1018 1443 per
1030 1360 1137 1442 ipsum
1155 1359 1320 1424 dominum

234 1467 530 1524 »conseruatorem
546 1465 577 1522 et
593 1458 750 1539 prefatum
772 1457 937 1524 dominum
959 1460 1126 1525 doctorem
1149 1458 1321 1525 Gabrielem

232 1581 246 1618 »
264 1557 413 1623 uiderunt
427 1566 460 1622 ut
476 1557 628 1634 asseruit,
645 1556 846 1639 subiungens
859 1558 994 1623 ulterius
1010 1559 1118 1639 plures
1131 1565 1161 1622 et
1174 1557 1321 1622 diuersas

232 1673 381 1723 »causes
407 1667 541 1739 propter
566 1673 648 1739 quas
676 1657 790 1722 merito
816 1657 969 1724 dominus
994 1665 1204 1723 conseruator
1227 1656 1321 1722 huius

232 1781 246 1817 ι
265 1755 486 1823 uniuersitatis
503 1772 562 1836 pro
575 1763 721 1837 tempore
736 1755 887 1838 honorari
901 1755 1033 1823 deberet
1045 1755 1080 1839 ju
1093 1756 1153 1820 hec
1165 1755 1321 1821 universi·

233 1864 341 1932 stete,
365 1855 520 1921 oneribus
543 1854 647 1920 eidem
666 1855 930 1937 incumbentibus
953 1856 1095 1930 attentis,
1120 1871 1193 1921 oum
1212 1854 1320 1936 jndies

234 1963 399 2036 »propter
414 1955 545 2020 diuersa
561 1953 710 2019 mandata
729 1953 893 2036 judicialia
914 1955 949 2035 jn
972 1971 1045 2020 eum
1069 1964 1202 2020 executa
1224 1953 1267 2018 sit
1285 1953 1319 2035 jn

234 2055 413 2135 »periculo
442 2069 653 2120 censurarum
684 2053 980 2120 ecclesiasticarum
1008 2063 1040 2120 et
1069 2053 1259 2134 perditionis
1284 2069 1321 2116 ac
1354 2063 1356 2068 ·

233 2172 323 2220 »seu
350 2153 593 2220 coruscationis
615 2153 664 2219 rel
691 2153 916 2235 applicationis
936 2153 1096 2220 bonorum
1122 2169 1255 2218 suorum
1282 2153 1320 2216 ud

234 2269 408 2318 »mensam
438 2253 525 2334 regis
553 2260 646 2332 prout
674 2252 816 2332 predicta
844 2251 985 2334 periculo
1011 2253 1052 2318 de
1078 2252 1163 2316 iacto
1190 2260 1320 2332 propter

232 2351 452 2418 »exercitium
486 2368 545 2418 sue
568 2350 806 2431 jurisdictionis
838 2358 870 2416 et
904 2351 1071 2433 priuilegia
1098 2350 1332 2428 uniuersitatis,

233 2467 380 2532 »passus
402 2459 453 2517 ost
475 2460 507 2517 et
525 2450 634 2532 jndies
657 2449 720 2532 patj
746 2449 872 2516 habeat.
897 2449 1000 2530 Super
1027 2450 1144 2531 quibus
1166 2449 1319 2514 omnibus

232 2571 247 2611 r
265 2549 459 2616 uniuersitas
474 2549 658 2616 deliberans
670 2548 831 2616 eoneiusit
846 2549 1031 2616 huiusmodi
1048 2549 1210 2630 negotium
1226 2549 1319 2614 valde

232 2648 481 2714 »turbulentum
507 2665 603 2730 quam
634 2648 771 2730 primum
796 2647 969 2730 possibile
985 2647 1080 2714 tuerit
1108 2647 1320 2714 amicabiliter

232 2748 500 2814 »terminandum
527 2757 560 2815 et
585 2747 674 2814 dedit
702 2747 884 2829 deputatos.
900 2747 939 2812 ad
966 2749 1030 2813 hoc
1060 2746 1253 2820 faciendum,
1281 2764 1319 2812 ex

231 2869 246 2907 s
263 2847 402 2927 singuiis
418 2845 636 2922 facultatibus.
654 2845 818 2927 theologie
834 2845 983 2912 riueticet
999 2846 1171 2926 magistros
1188 2856 1320 2912 nostros

232 2945 447 3010 »nectareum
477 2947 515 3010 de
539 2946 706 3028 Epmuutio
735 2954 767 3010 et
792 2945 965 3012 traconem
994 2946 1031 3008 uie
1063 2946 1213 3017 Turncut,
1239 2943 1321 3025 juris

232 3045 410 3127 noanoniej
436 3045 608 3128 magistros
633 3046 806 3110 Diouisium
835 3045 1016 3110 Wiseitouee
1039 3053 1070 3110 et
1091 3045 1262 3110 rocconem
1285 3044 1322 3107 aia

232 3144 394 3216 »Paluda
423 3145 529 3226 legum
557 3143 729 3226 magistros
758 3146 884 3208 Petrum
912 3144 950 3208 de
979 3144 1062 3210 Setia
1091 3154 1123 3208 et
1149 3143 1321 3208 iohannem

232 3246 360 3318 otiose,
379 3243 546 3309 medecine
569 3242 740 3324 magistros
754 3243 927 3309 Iohannem
951 3242 1082 3308 Colobae·
1103 3251 1135 3308 ei
1149 3243 1320 3307 Joiuottnem

232 3344 300 3406 »de
327 3339 492 3418 Wineiteie.
518 3352 549 3408 at
576 3342 692 3406 artium
721 3341 925 3406 facultatibus
952 3341 1124 3423 magistros
1148 3340 1320 3406 Cornelium

233 3442 301 3505 »tie
321 3443 435 3516 Weert‚
463 3441 617 3506 Mutieum
641 3441 678 3504 de
700 3441 867 3514 [tororum.
883 3439 1056 3508 toiroenem
1078 3441 1177 3514 Neue,
1203 3437 1321 3504 ¹ioiton·

234 3557 333 3604 snem
357 3541 554 3606 Putationem
578 3541 739 3606 rhetorem
763 3549 794 3606 et
815 3539 988 3605 inhermem
1010 3541 1133 3621 Mopuct
1159 3537 1320 3602 sindioum

234 3639 425 3705 »facultatis
455 3640 589 3714 artium;
621 3638 673 3722 quj
701 3638 785 3722 intra
820 3647 893 3704 octo
923 3638 993 3703 dies
1023 3638 1166 3719 proxime
1196 3638 1321 3702 tuturos

234 3759 248 3798 r
266 3737 450 3804 huiusmodi
468 3740 631 3820 negotium
647 3738 799 3819 expedire
815 3737 978 3803 habebunt
997 3737 1025 3803 si
1041 3735 1197 3818 possibile
1214 3735 1318 3809 tuerit,

234 3859 247 3897 s
265 3836 554 3920 quodquejrrterim
570 3846 661 3902 uetus
676 3837 807 3902 lieentie
816 3836 850 3917 ju
865 3835 937 3918 jure
953 3835 1080 3900 iuturus
1092 3833 1319 3916 suspendatur,

232 3953 336 4002 »cum
372 3938 528 4003 rotatione
557 3943 663 4004 tamen
700 3937 933 4020 premissorum
963 3937 1001 4001 ad
1033 3933 1318 4001 uniuersitatem.»

230 4039 307 4100 Aeta
323 4035 549 4101 universitatis
567 4037 605 4100 ad
623 4035 707 4101 diem
723 4035 779 4099 3·ῃι
794 4034 1027 4118 unguentate.

275 4207 288 4242 a
305 4183 360 4249 [tie
384 4184 505 4264 sabbat]
534 4183 563 4264 xj
588 4184 710 4249 merrsis
736 4183 861 4266 augusti
882 4183 1004 4266 jndicta
1030 4182 1090 4248 tuit
1110 4181 1319 4263 congregatio

236 4305 249 4346 a
267 4285 486 4354 uniuersitatis
502 4285 584 4372 apud
602 4285 707 4356 iocum
731 4285 940 4371 capitularem
956 4282 1157 4370 superiorem
1180 4279 1319 4350 ecclesie
