3222 4944
662 517 703 528 -
724 479 846 544 rta-
912 557 917 567 ¹

694 693 812 766 naon).

252 835 284 897 ln
308 833 521 900 Univarsitata
546 833 735 898 tovaniensi
759 835 854 899 etiam
877 842 1022 917 tempore
1046 835 1210 917 regiminis
1234 835 1295 901 mei

212 933 301 998 multi
332 933 459 999 fuorunt
488 933 639 1000 doctores
665 941 696 997 et
725 934 930 1015 professores
953 934 1142 1016 ianseniana
1168 934 1295 1000 lraoresi

211 1031 334 1110 infecti,
372 1032 428 1098 sed
469 1032 615 1114 pluribus
652 1033 780 1100 illorum
817 1033 866 1098 uel
903 1034 1070 1100 conversis
1107 1034 1155 1099 vcl
1193 1042 1295 1099 morte

209 1129 363 1213 abreptis,
392 1131 495 1212 pauci,
519 1132 572 1214 qui
603 1141 805 1214 supererant,
830 1131 1076 1200 Universitatem
1106 1133 1294 1198 deserentes

209 1231 241 1296 in
259 1231 457 1296 llollandiam
474 1231 607 1313 profecti
624 1239 698 1296 sunt
714 1231 759 1314 (t)
790 1232 825 1295 ln
841 1231 991 1298 facultate
1007 1232 1197 1312 theologica,
1213 1247 1295 1313 quae
1330 1309 1333 1316 Ι

209 1347 260 1397 mo
289 1329 350 1396 silui
386 1339 600 1413 protectorem
631 1331 739 1414 clegit,
770 1347 885 1396 omnes
913 1331 1064 1398 doctores
1093 1337 1169 1395 sunt
1197 1347 1294 1394 sanae

208 1429 373 1496 doctrinae
389 1437 420 1494 et
435 1429 721 1495 constitutionibus
737 1429 925 1512 apostolicis
942 1429 1065 1512 integre
1086 1429 1291 1504 obedientes;

208 1532 262 1612 qui
292 1529 365 1594 fidei
395 1529 564 1611 puritatem
591 1528 719 1612 egregie
744 1538 870 1606 curant,
895 1529 1051 1610 exigendo
1078 1529 1117 1594 ab
1143 1528 1292 1592 omnibus

210 1627 438 1710 promovendis
453 1629 491 1692 ad
508 1627 627 1710 gradus
643 1627 844 1694 academicos
865 1627 1134 1709 subscriptionem
1154 1625 1291 1710 iuratam

208 1726 384 1794 formularii
401 1726 617 1803 Alexandrini,
631 1726 720 1809 juxta
733 1727 994 1793 constitutionem
1014 1729 1137 1792 Vineam
1156 1728 1290 1791 Domini.

208 1826 371 1892 Generose
406 1827 500 1890 etiam
538 1835 569 1892 et
605 1826 769 1892 fructuoso
798 1836 1000 1908 propugnant
1028 1825 1290 1892 constitutionem

206 1927 416 2008 apostolicam
435 1926 629 2007 Unmenilus.

208 2167 221 2189 n
237 2140 332 2196 retulit
356 2159 451 2196 sacrae
477 2141 612 2206 facultati,
637 2142 710 2213 qnod
736 2141 969 2197 eminentissimus
995 2146 1022 2196 et
1048 2140 1290 2196 reverendissimus

207 2257 220 2282 ιι
236 2231 364 2308 dominus
374 2231 529 2287 Cardinalis
539 2232 699 2296 deAlsatia,
708 2232 936 2306 Archiepiscopus
946 2231 1165 2296 Mechlinieosis,
1176 2231 1289 2303 speciali

206 2348 220 2372 ι
235 2321 406 2378 humanitate
424 2328 451 2378 et
470 2323 573 2378 honora
592 2322 724 2395 receperit
743 2323 887 2395 deputatos
907 2323 1058 2387 facultatis,
1074 2323 1138 2378 duan
1159 2321 1212 2393 ipsi
1232 2323 1289 2376 fue·

206 2439 218 2462 ιι
236 2418 300 2467 runt
313 2413 497 2483 congratulati
512 2415 546 2469 ob
559 2415 686 2485 adeptam
704 2415 908 2470 cardinalitium
921 2413 1101 2484 dignitatem
1117 2419 1145 2468 et
1165 2411 1290 2468 unanimi

204 2529 217 2553 ιι
233 2503 371 2574 suffragio,
392 2505 510 2559 facultas
541 2504 655 2558 resolvit
680 2504 855 2560 scribendum
890 2521 950 2560 essa
978 2503 1113 2576 speciales
1137 2503 1289 2573 gratiarum

204 2621 217 2643 ιι
232 2594 365 2660 actiones,
385 2593 468 2649 simul
491 2599 518 2649 et
542 2595 695 2664 rogandum
715 2597 869 2667 praefatum
890 2594 1138 2649 eminentissimum
1161 2611 1195 2649 ac
1217 2610 1292 2648 rave·

204 2709 217 2733 u
233 2683 427 2740 candissimnm
441 2684 595 2746 domiuum,
610 2690 747 2757 quatenus
760 2702 790 2739 sa
802 2686 932 2755 dignetur
951 2685 1092 2739 declarare
1111 2690 1292 2756 protoolorom
1363 2741 1366 2746 ,

207 2800 220 2822 ιι
236 2792 330 2830 sacrae
350 2775 489 2830 facultatis
504 2800 529 2827 ιι.
547 2805 582 2816 -
598 2799 611 2820 κ
628 2775 678 2830 Die
702 2775 734 2830 13
754 2776 884 2831 februarii
907 2777 1048 2847 praefatus
1060 2774 1301 2854 eminentissimus

209 2891 221 2912 u
237 2882 269 2920 ae
296 2865 541 2921 reverendissimus
566 2865 694 2921 dominus
720 2866 862 2938 rescripsit
886 2866 1012 2922 facultati
1037 2865 1066 2921 in
1088 2865 1156 2920 haec
1178 2867 1262 2920 rerba
1286 2885 1293 2920 ε

161 2948 166 2956 ’
209 2981 222 3003 ιι
239 2957 347 3009 Ltdontt
359 2961 453 3010 animo
466 2965 489 3010 at
502 2961 668 3022 confidenter
681 2961 830 3023 amplector
843 2975 941 3011 nomen
956 2966 980 3011 at
998 2962 1120 3023 officium
1134 2962 1294 3024 protectoris

209 3070 222 3094 ιι
238 3062 334 3099 sacrm
345 3049 486 3110 facultatis
499 3051 660 3111 theotonicos
674 3047 863 3102 Loaantmsis.
878 3073 891 3096 ιι

241 3136 280 3206 (l)
300 3136 376 3190 Nous
401 3152 487 3191 avons
513 3136 608 3207 publid
634 3153 668 3190 au
694 3136 782 3192 entim
805 3137 831 3190 le
854 3137 979 3208 Rapport
998 3137 1032 3191 de
1057 3137 1137 3200 1730,
1159 3136 1228 3190 dans
1253 3137 1293 3191 les

204 3229 358 3291 Analectea,
381 3226 444 3293 le,
467 3244 514 3298 pp.
536 3227 567 3282 ill
590 3244 648 3284 svs.
673 3228 710 3282 Le
731 3227 862 3282 Cardinai
883 3229 922 3300 s'y
944 3227 1025 3282 dtend
1048 3227 1225 3297 longuement
1247 3245 1295 3284 sur

203 3313 410 3386 l'organiaalion
424 3317 458 3371 do
473 3316 648 3372 l'Universitd
662 3317 695 3372 de
709 3317 842 3384 Lonrain,
858 3335 905 3389 pp.
927 3317 1056 3374 145-151.

240 3407 277 3478 (2)
297 3407 357 3462 Van
377 3408 466 3478 Espon
485 3414 513 3463 et
531 3407 650 3462 d'autras
669 3407 849 3464 chercherent
862 3425 899 3463 un
912 3408 982 3463 asilo
994 3407 1061 3463 chec
1076 3409 1116 3463 les
1126 3407 1294 3478 jansenistes

203 3497 354 3553 d'Utrecht.
377 3497 467 3569 Voyez
489 3506 505 3552 tl
527 3515 559 3553 ce
582 3501 665 3568 sujet,
687 3498 755 3553 dans
779 3501 819 3554 los
842 3500 996 3565 Amatam,
1018 3499 1069 3561 Xl,
1091 3517 1137 3569 pp.
1159 3497 1290 3563 385-to5‚

203 3576 288 3643 t'ldtat
313 3594 467 3656 stattstlpue
492 3593 530 3642 du
555 3591 645 3656 eterne
667 3592 819 3656 fomentum
844 3594 878 3644 de
904 3594 933 3642 lo
959 3587 1096 3644 Hellonda
1120 3605 1180 3644 esra
1209 3587 1288 3654 1732,

203 3695 255 3749 par
269 3678 302 3738 T.
318 3679 351 3736 G.
368 3679 554 3736 Bncnuustus.
