3100 4942
609 406 793 472 ...159-

142 585 312 662 inolinati‚
344 587 468 653 litteras
502 587 639 654 uniones
667 587 865 654 annexionrs
895 598 927 654 et
956 587 1241 670 incorporationes

143 685 313 766 predictas
328 703 367 752 ac
381 703 582 770 quocumque
602 687 676 752 inde
691 696 801 752 secuta
817 686 903 768 quod
918 683 1037 767 adicio)
1055 687 1241 756 Plebaniam

143 799 277 850 necnon
301 785 386 854 dicte
403 785 590 852 leodiensis
615 785 757 852 diocesis
780 785 937 852 ecclesias
960 784 1100 867 prelatas
1124 788 1239 853 eadem

142 885 343 950 auctoritate
373 901 565 952 reuocamus
594 901 762 950 cassamus
791 893 824 950 et
853 884 1017 952 irritamus
1055 885 1242 970 nulliusque

140 979 357 1052 decernimus
372 983 512 1050 existere
528 982 699 1056 firmitatis.
717 999 755 1048 ac
769 982 917 1064 singulos
932 999 1044 1049 eorum
1060 984 1114 1066 qui
1131 984 1242 1051 Plebe-

144 1077 235 1144 niam
251 1089 285 1145 et
300 1081 405 1164 ipsius
421 1083 500 1148 Leo·
520 1081 525 1164 Ι
543 1081 668 1148 diensis
683 1079 826 1148 diocesis
843 1081 1061 1164 parrochiales
1082 1084 1242 1150 ecclesias

141 1179 314 1258 predictas
329 1179 368 1244 ad
385 1179 468 1261 opus
484 1181 678 1262 premissum
695 1181 804 1246 forsan
820 1181 1067 1264 resignauerint,
1082 1182 1110 1246 si
1126 1184 1165 1246 ad
1182 1199 1242 1248 eas

142 1293 321 1343 recursum
344 1279 462 1346 habere
486 1281 648 1347 uoluerint
669 1280 827 1346 aduersus
843 1281 988 1361 ipsorum
1005 1281 1239 1363 resignationes

143 1376 336 1444 huiusmodi
354 1379 385 1442 in
402 1389 519 1444 statum
533 1379 703 1460 pristinum
720 1395 783 1460 quo
800 1377 950 1445 uidelicet
961 1388 1052 1446 erant
1067 1391 1240 1461 antequam

143 1475 221 1542 illos
253 1477 393 1544 lacerent
423 1479 611 1546 auctoritate
638 1477 759 1560 prelata
787 1477 987 1544 restituimus
1012 1478 1156 1561 plenarie
1181 1497 1242 1562 per

144 1585 333 1656 presentes.

421 1729 595 1782 Annulctlon
614 1733 661 1783 ries
680 1731 785 1782 clauses
803 1732 967 1784 contraires.

187 1865 263 1930 Non
291 1865 495 1936 obstantibus
517 1867 688 1949 premissis
708 1866 891 1970 ceterisque
910 1865 1083 1947 contrariis
1104 1866 1238 1948 quibos·

144 1982 293 2048 cunque.
567 1991 569 1996 ·

552 2099 706 2155 Amnem
723 2109 752 2157 et
769 2103 839 2157 doto.

187 2240 278 2306 Nulli
294 2257 373 2322 orgo
392 2241 397 2324 Ι
416 2240 549 2307 omnino
564 2241 729 2306 hominum
747 2239 840 2306 liceat
856 2239 938 2304 hano
961 2237 1108 2320 paginam
1125 2248 1238 2306 nostro

146 2339 370 2406 reuocationis
386 2340 578 2406 cassationis
594 2337 784 2404 irritationis
800 2337 1041 2404 constitutionis
1059 2347 1092 2404 et
1107 2337 1237 2404 restitu-

145 2438 249 2505 tionis
281 2439 455 2520 inlringere
486 2439 536 2504 uel
564 2438 593 2504 ei
619 2455 700 2502 ausu
731 2436 900 2502 temerario
928 2435 1101 2502 contraire.
1130 2436 1241 2518 Siquis

146 2547 258 2603 autern
286 2538 347 2603 hoc
372 2546 561 2620 attemptare
591 2537 825 2618 presumpserit
853 2533 1105 2618 indignationem
1132 2535 1237 2600 omni-

147 2637 294 2718 potentis
320 2637 370 2703 dei
397 2646 428 2702 et
454 2637 620 2703 beatorum
637 2635 721 2702 Petri
748 2645 781 2701 et
804 2635 890 2700 Pauli
916 2633 1144 2715 apostolorum
1166 2633 1241 2702 eius

148 2753 185 2800 se
208 2736 339 2802 nouerit
361 2735 577 2802 incursurum.
602 2735 668 2800 ilat.
687 2735 788 2800 Rome
810 2735 894 2816 apud
916 2733 1220 2814 Sanctumpetruml

147 2837 243 2899 Anno
276 2835 509 2900 incarnationis
535 2835 696 2901 dominice
722 2832 894 2898 millesimo
920 2831 1240 2914 quadringentesimo

149 2935 402 3016 quadragesimo
430 2943 545 3016 quarto
575 2933 684 2998 idibus
714 2931 863 2998 Octobris
894 2927 1102 2998 pontificatus
1132 2933 1235 2996 nostri

149 3033 523 3114 mmmmwfflm.

192 3133 274 3198 Scor
289 3133 375 3217 lepti
390 3136 408 3196 ὰ
423 3134 522 3197 crolle
538 3151 548 3197 :
566 3133 600 3196 B.
618 3131 799 3197 Reuerella.

192 3231 259 3297 Sur·
279 3233 308 3296 le
326 3231 371 3316 pli
392 3235 412 3295 ti
431 3234 556 3296 itroire:
579 3231 686 3296 Gratis
708 3232 747 3295 de
770 3229 919 3294 mandato
934 3228 966 3293 o.
985 3245 1017 3292 n.
1035 3244 1126 3310 pape.
1144 3235 1174 3292 et
1196 3246 1239 3292 nn

147 3349 209 3412 pen
222 3333 296 3414 plur
311 3332 366 3396 bos
384 3356 394 3394 .·
409 3337 440 3396 Ρ.
458 3332 585 3398 Socios.

526 3482 653 3552 Original
673 3497 723 3536 sur
742 3479 913 3552 parchemin,
929 3477 1006 3533 muni
1025 3478 1060 3533 tle
1072 3479 1100 3532 lo
1118 3477 1192 3531 bullo
1205 3493 1241 3532 en

489 3573 583 3644 plomb
596 3573 633 3628 du
648 3590 718 3644 pope
731 3573 844 3642 liugero
857 3570 905 3632 tv,
920 3569 1043 3641 pendam
1056 3575 1073 3624 o
1086 3569 1134 3624 des
1148 3568 1193 3622 ills
1206 3568 1244 3622 tle

488 3663 546 3718 soie
565 3679 652 3733 rouge
667 3665 801 3733 stjouno,
816 3677 872 3718 oux
884 3659 1015 3716 Archives
1032 3659 1067 3714 de
1081 3659 1189 3714 lovilio
1205 3658 1242 3714 de

489 3755 622 3810 Lourain.
