3240 4946
694 469 896 596 -saaff

244 667 391 744 babeant,
405 668 554 736 videlicet
571 671 633 734 oc.
652 672 822 738 Rectorem
838 681 869 738 et
884 673 1164 750 conservatorem,
1179 691 1196 738 a
1212 667 1331 757 quibus

243 769 349 832 omnis
383 768 467 835 inter
504 771 731 847 scholasticos,
760 772 829 838 sive
867 781 961 855 agant
991 773 1059 839 sive
1088 773 1333 850 conveniantur,

241 867 422 947 jurisdictio
454 868 713 948 administratur,
754 888 867 954 magna
905 881 936 938 et
972 871 1064 954 ipsis,
1097 880 1129 938 et
1164 872 1335 939 universae

243 967 512 1033 scholasticorum
541 969 747 1046 multitudini,
766 987 937 1035 accessura
965 971 1092 1036 videtur
1117 971 1332 1053 tranquillitas

246 1071 277 1130 et
312 1068 536 1142 commoditas,
569 1069 597 1132 si
635 1085 766 1134 munera
803 1077 833 1133 el
874 1069 992 1135 limites
1030 1069 1267 1152 Jurisdictlonis
1303 1081 1334 1136 et
1447 1161 1448 1164 Ἴ

248 1166 413 1245 potestatis
441 1165 524 1232 inter
550 1178 720 1250 utrumque
746 1169 854 1254 paullo
879 1167 1035 1246 exactius,
1053 1185 1146 1250 quam
1174 1170 1332 1235 hactenus

245 1265 361 1329 lactum
399 1275 460 1343 est,
484 1267 732 1348 distinguantur,
758 1277 853 1350 atque
888 1267 1060 1349 unicuique
1091 1283 1148 1333 sua
1180 1268 1334 1350 deinceps

242 1362 423 1444 jurisdictio
440 1377 650 1432 conservetur
665 1367 797 1442 illibata,
816 1385 855 1432 ne
875 1367 999 1432 scilicet
1022 1367 1121 1441 litero,
1139 1367 1178 1432 ad
1202 1367 1335 1433 alterius

245 1463 462 1543 cognitionem
482 1466 707 1546 pertinentem,
724 1467 806 1531 alius
822 1473 970 1546 occupet,
988 1475 1121 1540 etcum,
1140 1466 1335 1548 perturbatis

245 1561 375 1637 linibus,
393 1581 490 1628 unum
514 1565 690 1630 membrum
714 1566 847 1630 alterius
866 1563 1074 1630 valitudinem
1098 1565 1136 1629 ad
1154 1581 1190 1631 se
1206 1566 1334 1630 trabere

245 1670 509 1739 commutatum
532 1663 755 1730 Vniversitatis
782 1681 901 1744 corpus
929 1664 1123 1746 debilitetur.
1142 1663 1176 1728 ln
1206 1681 1268 1746 qua
1298 1681 1333 1729 re

177 1819 184 1833 ,
248 1769 280 1825 ut
303 1763 480 1827 seeundum
504 1763 745 1845 requisitionem
771 1781 894 1836 eornm,
914 1764 966 1846 qui
990 1765 1022 1828 in
1047 1779 1106 1828 nos
1128 1765 1264 1844 imperio
1289 1765 1334 1830 uti

246 1869 393 1940 possunt,
412 1861 523 1942 paucis
550 1869 692 1928 nostram
721 1863 903 1943 aperiamus
926 1863 1212 1943 sententiamque
1237 1863 1331 1930 modo

201 2045 202 2050 Ἰ
245 1961 286 2025 de
299 1959 370 2042 jure
388 1961 545 2043 cuiusque
568 1970 711 2043 potestas
735 1971 766 2027 et
789 1961 931 2027 odicium
955 1961 1068 2043 accipi,
1087 1970 1118 2027 et
1140 1961 1171 2026 in
1197 1979 1334 2044 quorum

247 2060 447 2143 negotiorum
475 2063 665 2128 tractatione
691 2062 812 2128 versari
840 2061 966 2138 debeat,
988 2062 1020 2126 in
1048 2062 1159 2143 primis
1186 2063 1335 2128 conside·

247 2160 381 2224 randum
394 2169 455 2235 est,
470 2160 508 2226 ab
521 2161 614 2226 initio
627 2161 790 2226 nascentis
804 2160 1026 2226 Vniversitatis
1041 2161 1145 2225 solum
1162 2160 1332 2226 Rectorem

249 2259 404 2337 extitisse,
426 2259 476 2324 cui
504 2261 700 2342 approbante
727 2259 861 2326 llartino
888 2261 1018 2325 Summo
1046 2259 1200 2324 Pontifice
1226 2259 1336 2348 omnis
1414 2291 1418 2299 ·

244 2357 427 2438 iurisdictio
440 2359 532 2424 ducis
543 2359 744 2433 Brabantiae,
759 2360 853 2423 etiam
870 2359 982 2424 decani
1000 2365 1030 2423 et
1046 2358 1189 2440 capituli,
1205 2375 1331 2424 necnon

247 2458 452 2540 magistratus
478 2454 565 2539 opidi
592 2457 801 2524 tovaniensis
833 2467 864 2522 et
892 2457 1027 2522 aliorum
1057 2473 1333 2539 quorumcumque

245 2556 333 2621 velut
351 2557 480 2638 propria
496 2564 527 2621 et
543 2556 705 2621 ordinaria
721 2573 877 2621 concessa
894 2555 1109 2636 attributaque
1126 2555 1193 2620 luit.
1212 2555 1256 2618 Ex
1272 2572 1333 2637 qua

249 2657 462 2722 concessione
486 2657 603 2722 flector
619 2672 715 2722 omne
731 2655 954 2734 Vniversitatis
971 2654 1125 2737 regimen,
1145 2664 1176 2720 ct
1191 2655 1346 2721 omnium·

251 2771 450 2829 caussarum,
467 2755 608 2820 civilium
631 2764 661 2822 et
685 2755 913 2830 criminalium,
930 2754 969 2818 ad
996 2753 1212 2819 scholasticos
1239 2753 1337 2834 perti-

252 2853 393 2918 nentium
431 2855 646 2920 omnimodam
684 2857 727 2933 (vt
763 2854 795 2918 in
825 2854 911 2918 bulla
941 2853 1114 2919 erectionis
1143 2853 1270 2931 dicitur)
1299 2869 1336 2918 ac

252 2951 447 3016 ordinariam
474 2953 731 3034 jurisdictionem
763 2963 933 3018 assecutus
960 2961 1021 3017 est.
1039 2951 1126 3026 Quae
1152 2950 1334 3032 jurisdictio

252 3050 410 3125 llectcris,
429 3053 553 3116 tametsi
570 3052 767 3132 amplissima
789 3060 876 3118 esset
898 3059 930 3116 et
953 3051 991 3113 ad
1016 3051 1122 3114 omnia
1146 3067 1333 3116 caussarum

249 3166 366 3230 genera
389 3151 628 3226 extenderetur,
646 3151 683 3214 ad
703 3152 849 3216 lorenses
865 3159 969 3214 tamen
986 3150 1049 3213 buc
1067 3149 1261 3224 evocandos,
1279 3158 1333 3214 aut
1381 3141 1384 3150 '

250 3249 488 3329 impediendum
519 3267 586 3324 eos,
606 3266 645 3313 ne
672 3249 898 3313 scholasticum
930 3248 963 3310 in
992 3247 1065 3312 loco
1094 3247 1141 3312 rei
1170 3248 1251 3312 sitae
1280 3255 1335 3311 aut

249 3357 434 3413 contractus
464 3348 683 3432 convenirent,
709 3366 771 3412 non
801 3347 938 3412 valebat.
963 3346 1051 3411 Vnde
1086 3345 1253 3411 eveniebat
1288 3355 1333 3419 ut,

184 3475 196 3488 ·
250 3448 396 3528 quamvis
423 3447 608 3512 scholastici
635 3465 692 3528 pro
719 3447 816 3510 rebus
842 3445 917 3510 alibi
941 3445 1012 3530 sitis
1035 3452 1090 3508 aut
1113 3444 1250 3526 negotiis
1272 3443 1335 3509 alio

249 3548 322 3612 loco
345 3547 519 3612 contractis
543 3563 600 3627 pro
623 3546 754 3610 arbitrio
780 3545 1036 3609 adversariorum
1063 3542 1157 3608 etiam
1184 3543 1267 3623 apud
1294 3543 1333 3606 D.

250 3645 431 3720 Rectorem,
449 3655 609 3726 tamquam
626 3646 657 3708 in
674 3644 743 3709 loro
760 3644 808 3709 sul
826 3642 992 3724 domicilii,
1006 3640 1169 3706 conveniri
1188 3651 1331 3722 possent,
1425 3695 1428 3702 .

250 3743 329 3824 ipsis
353 3753 456 3810 tamen
481 3762 539 3825 pro
562 3745 658 3809 rebus
677 3743 751 3808 alibi
769 3743 839 3808 sitis
856 3741 999 3807 vicissim
1016 3739 1211 3806 adminiculo
1228 3750 1333 3808 recto·

251 3843 325 3906 ralis
339 3842 574 3923 jurisdictionis
592 3859 694 3923 neque
710 3841 834 3924 agendo
850 3840 1072 3906 adversarium
1088 3855 1182 3904 suum
1198 3855 1215 3902 a
1238 3839 1335 3906 domo

251 3959 307 4005 sua
345 3941 516 4006 lovanium
547 3957 692 4018 evocare,
714 3957 816 4021 neque
845 3938 1048 4005 defendendo
1076 3937 1336 4019 iurisdictionem

247 4039 365 4120 jndicis
381 4050 567 4106 contractus
582 4049 636 4104 aut
653 4041 696 4106 rei
715 4041 794 4104 sitae
810 4039 973 4105 declinare
989 4037 1113 4102 liceret.
1130 4037 1220 4102 Vnde
1241 4054 1337 4119 saepe

248 4156 319 4212 cunr
352 4157 465 4222 magno
493 4139 696 4204 incommodo
722 4149 753 4204 et
782 4149 911 4219 sumptu
942 4136 1071 4218 longius
1100 4151 1117 4199 a
1148 4135 1264 4217 studiis
1294 4137 1333 4201 ad

333 4259 354 4302 ι.
750 4255 756 4266 ’
1213 4235 1252 4298 35
