3100 4942
710 339 893 406 -ttt-

257 521 460 588 coloniensis
486 539 523 586 ac
552 522 652 586 suncti
684 522 861 588 saluatoris
888 522 1102 587 traiectensis
1132 520 1341 587 ecclesiarum

257 621 395 688 Decanis
412 621 549 686 salutern
565 630 596 686 et
612 622 822 702 apostolicam
839 622 1109 688 benedictionem.

316 779 474 845 Delepaticn
492 796 568 846 pour
586 784 614 832 la
634 785 702 834 misc
721 786 739 834 d
759 783 905 835 execution
925 785 957 834 dc
977 785 1004 834 la
1024 785 1095 834 bulte
1111 782 1281 846 precedam.

302 909 403 975 Hodie
426 920 554 974 nostras
576 912 799 976 concessimus
822 911 946 976 litteras
971 911 1093 975 tenoris
1116 905 1343 990 subsequentis

259 1009 422 1090 Eugenius
438 1008 618 1089 Episcopus
635 1027 750 1074 seruus
766 1027 937 1074 seruorum
953 1009 1003 1073 dei
1021 1018 1081 1074 etc.
1098 1009 1212 1091 (Tertor
1228 1009 1343 1072 littero-

258 1125 328 1170 rum
356 1108 467 1188 lepilur
494 1125 591 1188 supro
622 1125 673 1188 pp.
703 1109 862 1186 tlattu).
891 1109 1063 1188 Cupientes
1094 1109 1189 1190 igitur
1216 1115 1248 1171 ut
1274 1108 1344 1187 ipse

260 1215 370 1270 nostre
387 1205 567 1268 concinnior
584 1205 745 1280 effectum,
765 1207 956 1270 Discretloni
973 1215 1079 1270 vestre
1096 1222 1151 1288 per
1167 1206 1343 1286 apostolica

258 1305 379 1382 scripta
402 1304 591 1367 mandamus
615 1313 772 1384 quatenus
795 1322 852 1368 ros
875 1305 923 1368 vel
948 1303 1011 1367 duo
1035 1313 1087 1368 aut
1103 1321 1185 1368 uuus
1200 1313 1343 1367 vestrum

260 1420 318 1482 per
347 1417 404 1466 vos
435 1403 483 1466 vel
513 1402 609 1466 alium
641 1420 697 1466 scu
729 1403 809 1468 alios
848 1405 970 1468 lactatis
1007 1404 1119 1466 eadem
1156 1401 1345 1466 anctoritate

260 1503 436 1583 apostolica
465 1501 634 1582 llagistris,
661 1502 863 1576 Licenciatis,
889 1502 1079 1582 Baccalarijs
1106 1511 1139 1566 et
1165 1501 1345 1565 scolaribus

262 1601 425 1680 predictis,
455 1602 604 1682 quamdiu
637 1601 773 1682 legerint
799 1603 847 1666 vel
875 1602 935 1682 ipsi
963 1601 1070 1665 studio
1097 1601 1285 1673 institerint,
1313 1605 1346 1664 ut

260 1702 498 1781 prefertur,seu
515 1700 776 1778 procuratoribus
788 1701 989 1774 scissorum
1005 1699 1198 1772 nominibus,
1209 1699 1344 1772 tructus,

260 1799 404 1863 redditus
417 1803 641 1878 ct'proueutus
658 1815 789 1862 suorum
808 1799 1038 1862 beneficiorum
1056 1797 1238 1862 huiusmodi
1261 1797 1346 1862 iuxta

260 1899 403 1977 predicte
433 1905 543 1960 nostre
573 1897 797 1960 concessionis
829 1907 970 1960 tenorem
1007 1896 1130 1976 integre
1161 1895 1345 1968 ministrari,

259 2013 322 2058 nou
342 1997 572 2074 permittentes
599 2011 657 2059 eos
686 2012 741 2074 pcc
767 1996 947 2058 ordinarios
976 1993 1116 2075 prel'atos
1140 1995 1187 2058 vel
1211 1993 1346 2073 quosuis

261 2096 343 2158 alios
370 2095 407 2156 ad
435 2094 641 2158 residendum
669 2094 795 2157 interim
824 2093 853 2154 in
882 2094 961 2172 ipsis
988 2093 1135 2156 ecclesiis
1166 2093 1235 2156 siue
1265 2093 1345 2156 locis

260 2193 408 2273 compelli
433 2194 482 2258 uel
506 2193 585 2256 alies
608 2203 718 2256 contra
743 2194 827 2258 dicte
847 2202 956 2256 nostre
972 2192 1194 2256 concessionis
1211 2191 1344 2256 formam

261 2292 501 2373 quomodolibet
517 2292 693 2356 molestari.

262 2450 435 2506 Annnlction
454 2455 502 2505 des
519 2457 626 2504 clauses
645 2456 677 2505 dc
696 2457 769 2505 droit
788 2468 918 2506 commun
938 2456 1129 2505 contraires&
1148 2455 1176 2504 lc
1194 2457 1346 2504 ccnccsston

705 2563 742 2610 du
760 2563 901 2624 prtcttcpe.

304 2689 373 2752 Non
385 2688 588 2752 obstantibus
601 2689 751 2754 omnibus
764 2690 959 2768 supradictis
972 2706 1008 2752 uc
1021 2688 1164 2752 ciusdem
1179 2687 1346 2762 bonifacii,

264 2787 431 2866 presertim
455 2787 572 2868 quibus
595 2798 740 2860 cauetur,
759 2805 798 2852 ne
820 2787 891 2868 quis
907 2800 994 2852 extra
1011 2805 1101 2852 suam
1119 2788 1280 2852 ciuitatem
1297 2787 1346 2852 vel

263 2885 429 2960 diocesim,
454 2886 514 2950 nisi
543 2887 572 2948 in
600 2888 698 2951 certis
725 2887 867 2967 exceptis
894 2887 1035 2963 casibus,
1059 2897 1090 2951 et
1115 2887 1146 2948 in
1175 2886 1239 2952 illis
1266 2888 1360 2962 ultra·

264 3000 356 3048 unam
373 2984 524 3050 dictamen
542 2985 603 3050 linc
624 3001 681 3049 sue
704 2986 845 3050 diocesis
869 2987 906 3049 sd
931 2985 1082 3050 iudicium
1106 2995 1272 3062 euocetur,
1290 3001 1347 3049 seu

263 3099 301 3146 ne
324 3083 446 3147 iudices
462 3101 478 3146 c
496 3085 580 3147 dicta
598 3085 675 3148 sede
691 3085 831 3163 deputati
850 3095 937 3148 extra
954 3084 1114 3148 ciuitatem
1132 3094 1161 3148 et
1178 3083 1347 3158 diocesim,

262 3183 294 3244 in
318 3183 432 3262 quibus
456 3183 596 3261 deputati
623 3184 751 3261 luerint,
775 3193 885 3248 contra
913 3200 1132 3264 quoscumque
1160 3183 1345 3262 procedere,
1398 3249 1401 3258 ,

263 3280 332 3343 siue
348 3281 399 3343 alii
417 3281 464 3344 vel
482 3281 553 3346 aliis
570 3281 658 3346 uices
675 3299 750 3346 sues
768 3283 969 3346 committere
988 3291 1190 3360 presumanl;
1210 3297 1267 3344 nec
1284 3297 1346 3344 iton

262 3379 332 3442 aliis
355 3379 541 3458 apostolicis
565 3381 851 3444 constitutionibus
877 3381 1049 3444 contrariis
1072 3381 1346 3460 quibuscumque3

262 3489 315 3541 aut
331 3478 358 3540 si
374 3478 468 3542 dictis
486 3479 659 3543 ordinariis
676 3489 706 3543 ct
730 3481 879 3560 capitulis
903 3480 950 3544 vel
975 3478 1144 3559 quibusuis
1166 3478 1238 3541 aliis
1260 3494 1349 3542 com-

264 3577 400 3640 muniter
422 3577 470 3641 rel
498 3577 625 3642 diuisim
650 3578 688 3640 ab
712 3579 821 3642 eadem
845 3579 922 3642 sedc
945 3579 1103 3642 indultum
1126 3577 1239 3642 existat
1261 3576 1347 3656 quod

263 3674 422 3750 interdici,
445 3678 598 3756 suspendi
628 3677 676 3740 vel
703 3677 984 3750 excommunicari,
1006 3687 1059 3740 aut
1083 3685 1169 3740 extra
1194 3675 1242 3740 vel
1267 3676 1348 3738 ultra

263 3783 348 3836 certa
376 3775 444 3838 loca
472 3776 510 3836 ad
539 3775 691 3840 iudicium
719 3776 848 3840 euocari
881 3793 943 3839 uon
974 3776 1110 3854 possint,
1140 3792 1196 3855 per
1226 3775 1348 3838 litteras

263 3873 458 3950 apostolicas
483 3891 545 3936 uon
564 3873 716 3938 iacientes
734 3875 859 3953 plenam
877 3885 908 3938 et
924 3890 1122 3954 expressam,
1140 3891 1178 3938 ac
1193 3873 1233 3936 de
1250 3873 1348 3936 uerbo

264 3969 300 4032 ad
320 3970 452 4034 uerbum
466 3971 505 4035 dc
522 3971 645 4036 indulto
662 3972 846 4036 huiusmodi
865 3973 1075 4047 mentionem;
1093 3972 1347 4036 contradictores

264 4070 454 4142 auctoritate
469 4079 589 4144 nostra,
608 4071 822 4152 appellatione
838 4073 1028 4159 postposite,
1045 4069 1293 4151 compescendo.
