3194 4940
743 473 783 520 -”-
806 472 866 537 238
888 509 924 520 -

288 671 352 739 que
375 651 491 738 usitata
513 653 650 718 formula
671 637 790 720 'oltlc'iis
813 671 850 720 se
870 653 939 719 suis
952 642 1113 731 abdicant,
1132 653 1262 744 Rectori
1278 643 1379 721 senae

289 753 399 835 tuique
410 752 591 834 'resignano
608 762 689 818 etot
705 753 737 817 in
754 752 864 819 aulem
882 743 997 818 rursus
1013 749 1233 829 admittantti'r,
1251 755 1376 838 suppli·
1451 743 1454 751 ⁴

287 861 372 918 cant.
392 851 424 915 td
439 850 495 915 ubi
513 861 690 932 peractum,
708 861 740 917 et
756 852 788 916 iu
804 851 981 916 sententias
998 849 1076 916 itum
1091 862 1153 924 est,
1172 851 1302 917 retineri
1318 871 1379 919 eos

287 951 320 1014 in
344 947 463 1015 olilciis'
486 950 602 1031 placet,
631 950 685 1032 qui
715 949 890 1016 necessarii
914 959 1007 1024 sunt;
1033 949 1064 1014 in
1088 959 1284 1026 ceterorum,
1313 952 1378 1018 imo

286 1049 429 1116 omnium
454 1062 561 1114 mores
585 1059 616 1114 et
631 1049 726 1113 vitam
752 1067 809 1132 nor
831 1046 1001 1114 Rectorem
1018 1061 1051 1114 et
1071 1049 1241 1130 deputatos
1259 1051 1376 1132 inquiri

286 1166 344 1214 eos
360 1149 413 1230 qui
431 1148 620 1214 muneribus
636 1149 706 1214 suis
719 1149 844 1230 integre
857 1148 955 1214 iuncti
969 1159 1057 1224 sunt,
1072 1149 1185 1229 recipi,
1199 1149 1252 1232 qui
1267 1165 1377 1228 secus,

287 1248 418 1329 corrigi,
436 1257 468 1312 et
483 1247 676 1329 quandoque
691 1247 807 1314 ciliciis
825 1247 954 1330 privari.
978 1282 1012 1294 -
1029 1247 1091 1311 llll.
1110 1247 1277 1313 Postremo
1293 1250 1375 1314 cele-

287 1347 425 1411 berrima
449 1357 524 1410 sunt
546 1345 694 1412 kalendis
716 1345 862 1411 octobris
885 1345 1025 1412 comitia.
1051 1345 1085 1410 in
1114 1346 1182 1420 lris,
1211 1347 1378 1430 frequente

287 1449 404 1510 Senatu
428 1454 460 1510 et
481 1443 632 1510 adluente
659 1445 815 1510 studiosae
839 1443 1017 1527 juventutis
1044 1461 1176 1520 corona,
1202 1455 1312 1511 orator
1338 1463 1379 1511 ex

289 1559 349 1608 una
369 1541 473 1626 aliqua
496 1543 715 1624 perordinem
738 1544 887 1609 laenitate
908 1545 948 1608 de
967 1543 1084 1630 artium
1104 1543 1377 1626 scientiarumque

287 1640 429 1707 omnium
441 1641 596 1722 dignitate
608 1655 645 1705 ac
656 1641 840 1722 praestantia
859 1641 1088 1721 perorandum
1105 1651 1223 1706 statuta
1240 1653 1271 1706 et
1287 1643 1378 1726 leges

287 1739 491 1813 academice,
509 1741 626 1821 quibus
639 1739 792 1820 juventus
807 1739 968 1821 dirigitur,
988 1757 1045 1820 per
1058 1727 1220 1804 'notarium
1238 1742 1375 1805 recitan-

287 1849 351 1913 tur,
369 1838 484 1902 luturae
509 1847 576 1903 toto
598 1855 683 1902 anno
708 1837 864 1903 lectiones
889 1855 946 1919 ner
968 1839 1167 1920 singularum
1192 1839 1377 1904 taoottatom

288 1936 433 2002 bedellos
448 1935 687 2010 denuntiantur,
706 1953 816 2017 eaeque
831 1939 974 2001 secunda
989 1937 1134 2002 octobris
1149 1937 1201 2002 die
1221 1938 1371 2003 inchoan·

288 2048 351 2102 tur.
375 2036 410 2100 ‘Si
438 2034 510 2118 quae
536 2036 597 2100 alia
625 2052 678 2101 res
705 2036 867 2115 nuotteom
895 2034 1066 2100 consilium
1095 2036 1312 2116 postuletne
1338 2055 1376 2101 ea

291 2135 408 2201 Rector
430 2136 469 2200 ad
490 2137 640 2200 Senatum
665 2135 895 2216 referuntque
917 2136 980 2199 hoo
1002 2151 1173 2200 commune
1196 2135 1379 2201 Academiae

291 2235 434 2316 regimen
450 2245 516 2310 est;
534 2233 670 2316 singulte
686 2231 814 2298 interim
839 2233 1006 2299 facultates
1028 2232 1126 2298 certis
1150 2233 1276 2315 legibus
1299 2251 1381 2299 suos

292 2343 406 2414 regunt
421 2341 453 2398 et
468 2333 609 2398 studium
626 2349 737 2414 magna
755 2331 927 2397 sedulitate
943 2331 1096 2414 dirigunt.
1114 2355 1127 2392 r
1148 2331 1231 2397 liaeo
1249 2332 1380 2408 Ptouor,

294 2433 383 2496 Furti
397 2433 562 2497 academici
577 2449 664 2507 mse,
683 2430 722 2507 tt,
741 2430 850 2496 tolet
868 2443 910 2507 rt,
928 2441 1061 2496 secutus
1079 2429 1283 2505 Vennutmutt,
1301 2433 1380 2497 Aoo·

292 2533 393 2596 demin
409 2533 620 2636 cotuatensis,
639 2530 691 2596 ed.
710 2529 822 2604 altera,
838 2529 968 2594 lovanii
986 2529 1079 2603 1667,
1098 2547 1151 2611 pp.
1168 2529 1254 2593 ult.

337 2752 350 2790 r
369 2725 422 2794 ilae
445 2728 611 2793 facultates
627 2751 653 2802 r,
671 2727 717 2791 dit
733 2725 844 2792 Valere
867 2725 986 2802 tlndre,
1002 2725 1098 2808 apres
1120 2727 1210 2791 avoir
1226 2725 1384 2792 enomere

295 2830 344 2894 les
359 2829 432 2909 cinq
449 2827 583 2892 lacultes
603 2826 682 2892 dont
705 2841 741 2891 se
763 2825 943 2906 composuit
965 2823 1179 2903 l‘Universite,
1198 2823 1378 2890 «Senatum

294 2926 363 2992 sive
379 2925 597 3007 magistratum
613 2924 783 3005 quemdam
799 2923 1002 2989 constituunt
1017 2923 1247 2998 academicum,
1265 2932 1296 2990 et
1312 2923 1381 2988 sin·

294 3026 378 3105 gutae
393 3039 487 3089 suum
503 3023 621 3086 nnoont
637 3021 806 3086 decanum.
824 3019 901 3086 Cum
918 3021 1049 3087 decanis
1066 3030 1099 3085 ut
1115 3021 1277 3102 deputatis
1292 3020 1379 3086 ordi-

296 3125 395 3188 nariis
418 3121 546 3204 (quibus
573 3121 777 3202 postmodum
800 3137 971 3186 accessere
992 3120 1131 3186 dictator
1153 3130 1184 3185 et
1206 3121 1384 3185 advocatus

295 3221 424 3299 liscalis)
449 3219 605 3304 deliberat
632 3219 672 3284 de
698 3218 877 3285 Academiae
910 3217 1048 3300 negotiis
1078 3219 1220 3296 Rector;
1252 3235 1324 3302 queo
1352 3221 1380 3284 si

294 3319 426 3402 roajorts
444 3317 563 3399 negotii
580 3317 758 3393 rideantur,
776 3318 965 3400 plerumque
981 3317 1098 3384 remitti
1116 3317 1221 3383 solent
1244 3320 1281 3382 ad
1299 3317 1381 3384 Gon·

294 3419 403 3484 cilium
426 3415 662 3491 Universitatis,
679 3411 711 3482 et
733 3415 773 3480 alt
798 3433 837 3482 eo
859 3416 1013 3482 committi
1038 3415 1249 3482 examinanda
1265 3431 1303 3480 ao
1318 3425 1381 3480 ter·

297 3517 445 3582 minanda
462 3514 576 3580 iisdem
591 3514 721 3581 decanis
745 3531 782 3580 ac
805 3515 978 3597 deputatis.
995 3514 1117 3592 Quibus
1141 3530 1382 3596 nonnumquam

294 3615 394 3682 etalii
410 3622 499 3680 extra
514 3613 661 3678 ordinem
683 3613 812 3696 adiungi
836 3613 952 3684 solent.
970 3610 1093 3694 jndicio
1116 3611 1264 3677 lienteria
1287 3628 1380 3676 assu·

297 3713 414 3780 mendi.
431 3711 513 3776 Olim
537 3712 664 3793 quoties
687 3711 727 3776 de
751 3713 887 3794 negotiis
902 3712 1025 3787 arduis,
1043 3729 1116 3792 quae
1132 3720 1229 3775 totam
1247 3711 1381 3776 Univer-

295 3811 495 3885 sitatem,·id
519 3821 569 3876 est
591 3812 697 3876 omnin
721 3823 752 3876 et
774 3813 899 3892 singula
924 3811 1110 3892 supposita,
1134 3819 1382 3886 concernerent,

294 3912 451 3996 agendum
468 3919 549 3987 erat,
566 3910 663 3975 indici
680 3911 766 3976 solet
781 3911 990 3992 congregatio
1014 3909 1188 3992 generalis,
1205 3908 1303 3990 idque
1325 3925 1383 3990 per

193 4038 198 4045 ·
296 4010 502 4078 monitorium
525 4010 677 4090 generale
700 4008 769 4074 sivo
791 4007 931 4074 edictum
949 4007 1124 4090 publicum,
1142 4008 1202 4072 hac
1219 4008 1268 4073 vei
1285 4007 1381 4071 simili

295 4111 429 4177 tornrola
444 4131 452 4174 :
467 4107 612 4174 «Rector
624 4118 657 4174 et
669 4107 869 4173 universitas
882 4107 979 4174 studii
993 4108 1155 4189 generalis
1171 4105 1384 4172 lovaniensis

301 4235 313 4272 r
331 4213 552 4285 exhortantur,
571 4217 703 4273 monent
724 4214 755 4271 et
777 4210 944 4289 requirunt
959 4223 1073 4273 omnes
1088 4215 1121 4272 et
1136 4206 1283 4288 singulos
1299 4219 1381 4287 prae·

300 4311 430 4382 alatos,
454 4307 597 4383 abbates,
621 4305 785 4380 doctores,
811 4307 947 4382 nobiles,
972 4304 1166 4381 licentiatos,
1192 4301 1378 4385 magistros,
