3236 4944
699 469 821 534 -·3lt
843 506 882 521 -
948 463 951 469 ’

247 652 460 732 »sinistrum
493 654 555 721 nisi
580 663 685 723 tamen
713 669 902 738 scampnom
933 661 1065 737 propter
1095 651 1334 722 multitudinem

247 755 413 822 sforsitan
436 755 632 839 prolatorum
656 757 750 823 fuerit
772 755 912 822 totaliter
936 761 1140 836 occupatum,
1164 770 1228 838 quo
1254 772 1332 821 nasu

248 877 262 916 a
279 863 492 922 conseruntur
512 857 574 922 erit
600 857 639 922 ad
661 858 746 924 latus
762 858 929 924 dexterum
946 855 1084 923 rectoris
1106 871 1202 938 supra
1227 855 1330 938 presi-

248 977 264 1016 u
281 953 410 1020 dentem
431 953 483 1020 vel
500 955 720 1038 presidentem
744 963 775 1022 et
791 957 927 1021 ulterius
943 971 1001 1038 pro
1017 955 1102 1021 bono
1119 953 1208 1036 pacis
1223 963 1255 1020 et
1269 971 1333 1020 vno

249 1075 263 1114 i
281 1053 792 1136 expedientjordioaruntdomini
803 1055 944 1137 deputat]
958 1054 1044 1136 quod
1057 1053 1211 1136 magister
1223 1061 1335 1120 noster

248 1175 263 1213 a
285 1153 465 1218 Wilhehnua
485 1156 524 1219 de
552 1156 673 1237 Vpunen
696 1167 828 1221 ostensa
850 1171 909 1220 sua
931 1153 1162 1220 commissione
1184 1153 1333 1220 vicecan-

249 1252 463 1318 soeilariatus
492 1255 654 1320 exercebit
670 1254 817 1321 officium
842 1253 1087 1320 cancellariatus
1110 1254 1215 1320 donec
1240 1252 1334 1319 difle-

249 1351 384 1418 urentia
410 1370 509 1434 super
528 1353 695 1434 intellectu
719 1354 806 1420 bullo
829 1354 1004 1420 erectionis
1027 1352 1247 1419 uniuersitatis
1269 1369 1335 1436 quo

247 1471 262 1510 s
281 1450 430 1516 videlicet
445 1452 483 1516 ad
501 1453 678 1518 clausulam
695 1453 955 1518 cancellariatum
972 1461 1223 1518 concernentem
1239 1453 1335 1518 fuerit

249 1550 442 1616 indiscussa.
466 1551 502 1616 lit
524 1551 665 1634 deputat]
690 1553 818 1618 fuerunt
840 1552 878 1616 ad
895 1551 1088 1617 visitandam
1104 1552 1221 1616 dictam
1244 1567 1333 1615 oom-

249 1649 467 1716 umissionem
496 1652 639 1732 magistri
665 1651 823 1719 lohannes
848 1654 985 1717 Tarurout
1013 1653 1170 1718 Martinus
1199 1652 1333 1732 Dorpt'us

248 1770 263 1810 u
281 1751 441 1816 Couulim
456 1751 494 1816 de
508 1751 636 1819 Meldut
651 1753 763 1817 Petrus
777 1753 815 1816 de
829 1752 912 1818 Seite
925 1754 1063 1818 Jounuee
1078 1753 1162 1818 Hune
1176 1751 1335 1817 lohannes

248 1849 419 1916 »Calchan

290 1949 390 2026 »Qua
427 1949 557 2031 quidem
579 1950 706 2020 ,cedula
743 1959 776 2016 ut
812 1950 1007 2033 premittitur
1045 1949 1186 2033 perlecta
1226 1948 1335 2032 posuit

249 2049 431 2115 »dominus
452 2058 559 2116 rector
577 2049 614 2132 jn
635 2050 868 2117 deliberatione
889 2049 1094 2117 dominorum
1117 2066 1157 2116 an
1180 2055 1335 2130 concepta

249 2157 312 2216 »et
326 2149 407 2216 lenta
424 2150 650 2232 placauerat
667 2167 707 2216 an
724 2152 848 2234 placeat
870 2151 989 2234 aliique
1004 2151 1136 2226 addere,
1153 2149 1204 2216 vel
1227 2149 1333 2216 detra·

250 2270 263 2309 ι
281 2250 357 2315 here
372 2256 427 2314 aut
438 2249 614 2332 corrigere.
630 2250 733 2332 Super
749 2251 866 2333 quibos
883 2260 955 2332 post
970 2250 1235 2318 deliberationem
1249 2248 1341 2332 jnter

250 2371 263 2408 u
282 2348 449 2416 facultates
462 2349 586 2416 habitas
600 2359 730 2431 propter
741 2350 960 2416 diuersitatem
973 2357 1121 2416 votorum
1134 2349 1333 2424 facultatum,

249 2471 261 2507 n
280 2457 310 2512 et
326 2449 474 2514 obstante
491 2460 613 2515 statuto
634 2450 855 2516 uniuersitatis
872 2451 1065 2531 disponente
1087 2451 1127 2514 de
1142 2447 1334 2530 differentiis

248 2569 261 2606 i
280 2547 464 2612 facultatum
478 2549 562 2614 inter
574 2567 621 2625 se,
631 2549 727 2614 nichil
740 2551 846 2615 adhue
858 2550 915 2615 fuit
928 2566 985 2630 per
995 2549 1161 2614 dominum
1173 2556 1333 2614 rectorem

246 2647 479 2712 »conclusum
499 2669 513 2707 a
533 2648 611 2713 nota
627 2649 852 2716 Universitatis
875 2648 913 2712 ad
931 2649 1015 2713 diem
1038 2649 1072 2711 tt
1093 2648 1220 2729 augusti
1238 2646 1331 2711 fiad.

285 2844 521 2911 «praesentare
536 2854 642 2912 autern
658 2864 697 2912 ao
709 2847 826 2914 sistere
835 2845 1332 2919 cancellariocandidatum‚sive

243 2944 334 3009 titulo
356 2945 542 3010 academico
564 2946 815 3028 insigniendum,
838 2947 1052 3012 examinatum
1073 2955 1159 3022 ante,
1177 2945 1331 3010 idoneum

243 3053 451 3125 repertumet
462 3045 650 3120 admissum,
663 3046 792 3112 nomine
805 3046 966 3111 facultatis
978 3047 1062 3111 solet
1075 3044 1329 3126 demorationis,

241 3143 296 3225 qui
312 3145 343 3207 in
361 3143 543 3226 theologica
560 3155 610 3210 est
627 3161 758 3224 praeses
774 3155 876 3221 actus,
890 3145 1006 3227 injure
1019 3162 1057 3211 ac
1069 3144 1229 3210 medicina
1243 3143 1331 3226 prior

159 3261 170 3282 ·
241 3242 381 3324 collegii,
400 3243 431 3307 in
456 3245 605 3308 facultate
626 3244 742 3310 artium
766 3245 920 3320 decanus,
944 3245 1070 3326 praevia
1092 3243 1239 3310 oratione
1263 3243 1331 3310 sive

240 3342 329 3407 chria
359 3341 478 3424 aliqua,
506 3343 697 3424 plerumque
726 3343 766 3408 de
793 3343 958 3422 dignitate,
988 3343 1150 3420 laudibus,
1181 3353 1236 3407 aut
1267 3342 1330 3408 aiio

239 3441 347 3522 aliquo
370 3442 509 3507 themate
533 3441 629 3523 studij
655 3443 753 3515 iliius.
770 3443 802 3506 in
827 3460 890 3524 quo
914 3444 986 3524 quis
1002 3445 1137 3525 gradum
1160 3442 1329 3507 titulumne

239 3550 432 3620 accepturus
448 3549 514 3612 ast;
530 3549 768 3621 praesentatum
785 3540 1005 3607 cancellarius
1020 3552 1108 3608 creat
1130 3550 1162 3606 et
1185 3557 1328 3623 pronun-

240 3639 296 3703 tiat
326 3639 537 3714 licentiatum.
568 3650 622 3705 aut
650 3642 828 3718 doctorem,
860 3643 940 3706 dans
970 3642 1104 3723 insuper
1135 3649 1327 3722 potestatam

240 3738 441 3815 doctoribus,
459 3745 615 3821 actusque
631 3740 834 3820 praesidibus
852 3739 1001 3806 eumdem
1023 3743 1071 3805 sic
1085 3739 1326 3821 pronuntiatum

239 3837 404 3903 doctorem
434 3838 617 3919 insignibus
639 3839 798 3906 vestiendi
823 3839 1056 3905 doctoralibus.
1081 3839 1172 3912 Quod
1197 3838 1325 3920 quidem

239 3935 270 3999 in
284 3936 434 4002 facultate
447 3953 558 4002 sacrae
572 3939 752 4020 theologiae
764 3939 924 4020 hodieque
937 3939 979 4003 ita
989 3937 1156 4004 observari
1165 3937 1324 4011 videmus,

236 4035 366 4115 quando
397 4036 491 4101 alieni
522 4039 689 4101 confertur
714 4037 833 4120 gradus
860 4037 1027 4114 lieentiae;
1055 4037 1226 4118 solentque
1250 4047 1325 4101 tune

235 4134 388 4200 doctores
408 4135 553 4217 eJusdem
578 4137 739 4202 facultatis
764 4154 801 4204 ex
823 4137 1026 4203 ordinatione
1048 4137 1122 4201 anni
1140 4155 1197 4202 ero.
1216 4155 1256 4201 ro.
1274 4153 1323 4200 cx.

237 4232 481 4313 cancellarium,
497 4253 558 4300 una
571 4253 644 4303 eum
658 4237 808 4323 praeside
820 4248 913 4304 aotus
925 4245 957 4302 at
968 4237 1153 4318 candidato,
1163 4235 1324 4305 deducere
