3246 4944
758 446 942 515 „gge-

824 664 874 730 to.

351 811 429 877 item
455 812 567 878 statuit
589 811 733 878 visitatio
754 836 762 874 :
783 816 881 878 Ealrn
897 819 1052 878 vacantius
1067 817 1210 879 coatirtne
1224 815 1391 892 docebunt,-

310 918 337 976 et
353 912 475 994 puntudo
488 912 639 993 prolieius
653 912 746 990 suerit
762 914 1022 995 impedimentum,
1039 914 1176 978 uolumus
1192 921 1225 978 ut
1236 915 1391 980 doctorem

310 1010 443 1094 aliquem
458 1009 504 1074 nel
519 1011 638 1075 doctum
654 1011 841 1076 licentintnm
856 1013 916 1076 sibi
929 1013 1123 1089 substituant,
1140 1023 1201 1080 etc.
1281 1035 1284 1042 ’

347 1159 393 1223 Ex
419 1158 657 1240 professoribus
679 1160 852 1226 ordinariis
875 1178 930 1228 sex
953 1160 1204 1242 septimanarum
1226 1170 1301 1227 sunt
1323 1161 1390 1228 duo

307 1259 360 1340 qni
380 1257 517 1339 amptius
534 1260 597 1322 bon
613 1258 731 1324 docent
748 1277 755 1323 :
776 1275 857 1324 nnus
873 1259 968 1324 atium
985 1259 1161 1335 substituit,
1178 1268 1210 1326 et
1225 1259 1317 1337 atter,
1333 1261 1388 1342 qni

307 1357 462 1438 plebanus
474 1367 524 1442 est
537 1359 587 1436 tt),
599 1357 719 1422 nultum
732 1358 907 1438 substituit,
918 1369 948 1424 et
960 1359 1034 1424 binc
1046 1359 1174 1424 timetur
1190 1377 1229 1425 ne
1245 1361 1390 1426 trabatur

305 1457 547 1538 inexemplum,
564 1464 595 1522 et
614 1473 823 1523 successores
846 1457 877 1520 in
901 1457 1057 1539 plebanis,
1075 1459 1126 1524 cni
1147 1458 1242 1525 lectio
1265 1474 1390 1526 annexa

306 1564 367 1632 est,
386 1555 566 1622 sustineant
581 1573 617 1622 se
633 1555 664 1620 in
681 1555 818 1638 publicis
834 1557 956 1622 sobolis
971 1558 1090 1623 docere
1107 1573 1170 1623 oon
1187 1557 1316 1624 debere.

345 1705 534 1787 Suggeritur
569 1704 789 1770 ordenandum
828 1673 868 1770 nt
896 1705 1023 1770 decreta
1055 1704 1252 1772 visitationis
1285 1705 1388 1770 aditu-
1456 1745 1459 1750 ·

305 1804 423 1886 pteaut,
440 1804 499 1869 snb
517 1820 618 1885 poena
635 1803 822 1884 privationis
838 1803 1000 1885 stipendii.
1017 1803 1073 1869 cni
1090 1805 1220 1871 accedo.

822 1968 872 2032 ii.

346 2092 424 2166 tteni
450 2099 597 2166 visitatio
623 2100 689 2166 vnit
715 2097 949 2182 disputationes
972 2099 1169 2180 theologicas
1192 2101 1387 2181 promoveri,

307 2209 338 2264 et
355 2200 427 2265 iilos
442 2199 497 2282 qni
513 2207 587 2264 sunt
603 2200 643 2263 de
658 2199 767 2264 stricta
784 2199 932 2263 tenuitate
949 2198 1117 2264 iuteresse.
1136 2201 1176 2264 Et
1191 2206 1224 2262 nt
1239 2200 1309 2263 aliis
1323 2199 1391 2264 doe·

304 2299 419 2362 toribus
439 2300 479 2362 nd
501 2299 736 2380 comparendum
759 2300 861 2362 calcar
882 2299 1024 2374 addetur,
1039 2299 1256 2380 praecipimus,
1273 2297 1388 2379 inquit.

306 2406 340 2462 ul
367 2401 400 2462 in
426 2398 611 2462 admissione
635 2399 676 2462 nd
702 2399 841 2462 strictum
870 2397 1030 2478 collepinm
1059 2398 1187 2480 diligens
1215 2398 1388 2462 eorumdem

305 2497 453 2562 bnbeutur
467 2498 555 2571 ratio,
573 2505 634 2562 ete.

348 2644 425 2720 Quia
448 2644 599 2709 doctores
622 2644 774 2726 theologi,
792 2645 845 2726 qni
870 2662 932 2710 nou
954 2651 1028 2709 snrrt
1043 2645 1083 2708 de
1099 2643 1208 2708 stricta
1225 2643 1386 2718 laenitate,

306 2743 338 2806 in
356 2741 443 2807 nullo
460 2742 648 2823 participant
663 2743 702 2808 dc
715 2743 857 2824 juribus,
871 2751 902 2808 et
918 2759 979 2807 troo
997 2741 1068 2808 siue
1084 2741 1229 2806 maximis
1245 2749 1388 2822 sumptu-

303 2842 364 2908 bus
389 2843 523 2923 gradum
550 2842 746 2908 doctoralem
773 2841 938 2921 suscipere
969 2840 1105 2922 possint,
1129 2840 1167 2904 ad
1194 2839 1384 2906 animandos

304 2941 497 3016 licentiatos,
516 2949 549 3006 ut
564 2940 763 3006 doctoratnm
780 2941 969 3020 suscipiunt,
988 2957 1026 3004 ne
1049 2938 1192 3004 delectus
1215 2939 1383 3004 doctorum

304 3040 440 3118 accidat,
463 3049 591 3122 putatur
612 3041 785 3104 convestire
809 3048 842 3104 ut
863 3039 1063 3116 doctoribus,
1084 3038 1137 3119 uui
1161 3055 1224 3103 non
1247 3045 1323 3102 suut
1345 3037 1386 3102 de

305 3139 417 3204 stricto
440 3138 576 3220 collegio
600 3138 770 3213 facultatis,
788 3140 893 3220 aliqua
916 3138 1099 3202 distributio
1115 3135 1206 3202 tieret
1222 3152 1279 3217 pro
1296 3151 1386 3216 prae-

305 3237 407 3302 sentia
423 3237 454 3300 in
472 3237 744 3318 disputationibus
759 3247 791 3301 et
811 3237 959 3301 actubus.
977 3236 1037 3300 Sed
1054 3235 1127 3317 quia
1143 3235 1184 3300 ob
1201 3233 1387 3300 tenuitatem

305 3335 399 3400 erarii
427 3352 489 3401 non
516 3343 690 3415 suppetunt
717 3336 819 3398 media
848 3335 930 3400 unde
956 3334 1139 3399 distributio
1170 3331 1238 3398 lieri
1270 3331 1385 3414 possit,

304 3443 449 3515 putarem
466 3433 678 3498 insistendum
703 3433 832 3498 decreto
856 3433 1052 3498 visitationis
1074 3441 1117 3506 et,
1135 3433 1165 3494 in
1190 3431 1387 3495 admissione

304 3533 343 3596 ad
380 3532 527 3597 strictum
564 3531 747 3613 collegium,
784 3533 968 3597 eorumdem
1006 3531 1179 3596 baberetur
1214 3530 1294 3594 ratio
1331 3529 1386 3612 qni

304 3631 475 3713 diiigenter
510 3631 541 3693 in
579 3631 678 3696 scotis
716 3630 852 3711 publicis
883 3630 1094 3712 argumentati
1125 3629 1260 3705 lueriot;
1292 3637 1323 3693 et
1353 3637 1388 3692 nt

305 3729 454 3794 stimulus
477 3729 610 3794 addatur
633 3729 670 3792 ad
699 3729 939 3810 suscipiendum
967 3727 1100 3810 gradum
1128 3728 1337 3803 doctoralem,
1355 3736 1388 3792 et

305 3829 336 3890 iu
367 3827 540 3893 collatione
576 3827 751 3894 lectionum
789 3836 820 3891 et
857 3826 1141 3908 praesidentiarnm
1178 3825 1386 3905 collegiorum

340 4025 379 4095 (l)
399 4025 441 4080 Eu
463 4025 542 4091 1673,
557 4027 625 4081 leun
645 4026 828 4095 Cebbalgiers,
843 4027 877 4080 de
898 4025 1030 4093 Loubain,
1050 4023 1164 4080 licencia
1182 4041 1216 4078 en
1234 4021 1384 4093 theologie,

301 4114 371 4170 etait
391 4116 490 4186 platan
509 4116 546 4170 dn
567 4115 692 4188 ebapitre
711 4118 745 4172 de
765 4117 961 4182 Sciat-Pieres,
976 4121 1004 4172 et
1023 4115 1161 4188 prbsidant
1175 4117 1211 4170 du
1232 4114 1338 4184 college
1351 4114 1386 4170 de

300 4206 448 4276 Hontsr163
465 4223 545 4280 nopae
560 4208 585 4261 la
599 4223 626 4262 n.
643 4207 736 4262 XXIV
750 4207 783 4262 de
798 4209 824 4262 la
842 4207 904 4264 lists
923 4208 970 4264 des
991 4207 1142 4280 presidente
1162 4207 1195 4262 de
1213 4223 1245 4262 ca
1263 4205 1381 4276 college.
