3222 4944
749 459 933 531 ..680-

304 663 377 711 curn
406 647 527 714 sciatur
554 665 686 715 munera
716 647 858 724 dedisse,
885 664 925 714 eo
955 663 1019 713 non
1049 648 1393 730 opstanteaudacter

300 745 409 827 jurant
426 763 462 814 se
479 747 556 812 nibil
574 748 722 824 dedisse;
740 748 824 830 quod
842 748 989 814 diversos
1004 747 1209 814 scandalisat.

346 895 408 960 Pro
435 895 578 962 remedio
605 906 636 962 et
663 895 863 978 purilicando
886 893 1068 977 juramento
1091 895 1280 960 eliminanda
1303 906 1393 962 esset

303 992 448 1058 doctrina
462 995 679 1060 restrictionis
692 995 851 1072 mentalis,
863 1005 1010 1076 tanquam
1025 995 1211 1060 subversiva
1225 993 1392 1060 societatis

301 1101 333 1158 et
356 1093 552 1159 sinceritatis
575 1095 742 1160 humanae.
766 1095 963 1176 Reprobavit
984 1093 1070 1159 illarn
1098 1093 1390 1160 reverendissimus

302 1191 454 1258 dominos
482 1193 748 1262 Wacbtendonolt
781 1196 811 1258 in
848 1211 905 1260 sua
943 1194 1066 1276 synodo
1102 1193 1324 1270 Namuroend,
1356 1201 1391 1259 et

302 1290 462 1372 quotidam
480 1293 618 1359 laoultas
634 1293 813 1376 theologica
831 1293 1050 1360 lovaniensis.

818 1441 870 1506 31.

343 1589 420 1655 ltern
453 1590 483 1654 in
513 1589 699 1656 visitatione
728 1591 896 1657 ordinatur
924 1600 956 1656 ut
985 1581 1164 1673 numquam
1182 1595 1222 1656 od
1250 1591 1389 1672 aliquam

301 1689 455 1752 lectionem
478 1690 692 1768 conferentiam
716 1693 916 1771 magistratus
935 1692 1090 1771 procedat,
1106 1691 1169 1754 uisi
1189 1691 1277 1771 prius
1295 1692 1389 1772 petito

301 1793 330 1851 et
352 1785 454 1852 dubito
470 1790 506 1853 de
523 1789 725 1870 qualitatibus
738 1791 1011 1870 promovendorum
1020 1789 1137 1870 judicio
1151 1791 1217 1868 ejus
1230 1791 1389 1869 [acuitatis

300 1887 342 1950 od
369 1887 457 1965 cujus
486 1887 643 1952 lectionem
671 1897 745 1952 surrt
771 1889 968 1970 promovendi
976 1910 987 1962 ,·
1017 1896 1045 1952 et
1080 1891 1133 1970 qui
1167 1889 1256 1952 ulitur
1289 1891 1386 1968 suerit

298 1993 467 2068 promotus,
484 1986 628 2051 reolumus
645 2005 714 2051 eum
728 1990 792 2067 lrui
806 1989 1030 2070 stipendiorum
1045 1993 1216 2068 augmento,
1233 1997 1294 2053 etc.

344 2133 411 2199 Hoc
430 2134 586 2216 judicium
611 2143 739 2217 putatur
761 2137 898 2202 subinde
917 2153 980 2201 non
997 2137 1075 2201 satis
1092 2136 1198 2202 debite
1212 2145 1244 2202 et
1259 2138 1388 2202 sincere

301 2234 369 2301 dari
399 2251 438 2299 ex
468 2241 557 2316 parte
588 2235 784 2311 facultatum,
816 2245 847 2301 et
883 2235 934 2300 vir
972 2252 1109 2316 unquam
1147 2252 1164 2298 a
1200 2236 1387 2318 magistratu

300 2333 439 2400 debitam
457 2331 611 2399 rationem
630 2333 717 2398 illius
733 2335 855 2399 baberi.
870 2333 1074 2416 Magistratus
1090 2334 1186 2410 enim,
1199 2351 1263 2400 non
1279 2333 1389 2401 babito

302 2439 450 2514 respectu
477 2441 546 2496 uter
569 2432 670 2514 magis
694 2432 744 2496 vel
768 2433 811 2497 uti
836 2434 1044 2498 excellentior
1067 2435 1310 2498 commendatus
1332 2444 1388 2498 aut

301 2531 502 2596 consultatus
524 2531 577 2604 sit,
601 2531 639 2595 ad
664 2531 813 2612 placitum
837 2533 962 2596 confert
985 2531 1155 2597 lectionem
1179 2532 1232 2596 uni
1258 2549 1297 2597 ex
1322 2531 1388 2597 illis

300 2630 354 2711 qui
370 2630 402 2692 in
414 2630 651 2696 consultatione
667 2639 741 2694 sunt
758 2630 946 2711 positi,est0
962 2630 1072 2696 intimo
1085 2630 1158 2695 loco
1170 2630 1383 2696 consultetur.

300 2729 352 2792 Sic
387 2744 404 2791 a
441 2727 572 2794 biennio
608 2729 744 2794 contulit
783 2747 876 2794 urtam
915 2730 1085 2794 lectionem
1123 2729 1316 2795 ordinariam
1351 2729 1384 2794 in

300 2827 448 2892 facultate
468 2827 646 2910 theologica
662 2828 789 2892 cuidam
806 2829 980 2902 licentiato,
999 2827 1180 2909 praeteritis
1195 2827 1386 2894 doctoribus

299 2926 394 3008 longe
410 2925 511 3007 tnagis
526 2925 716 3006 qualili'catis
731 2934 762 2992 et
778 2927 1023 3000 commendatis,
1040 2934 1072 2991 et
1087 2926 1149 2992 boc
1163 2943 1227 2992 non
1242 2944 1281 2992 ex
1302 2926 1379 3003 alio,

300 3033 333 3090 ut
362 3032 501 3105 putator,
533 3025 651 3090 motivo
680 3042 774 3106 quam
805 3026 879 3107 quia
912 3017 1106 3092 licentiatus¹
1129 3025 1250 3108 aliquot
1286 3028 1381 3090 annis

299 3124 401 3189 iuerat
437 3123 624 3205 praesidens
659 3123 753 3189 onius
783 3124 923 3205 collegii,
951 3134 983 3190 et
1011 3124 1099 3190 cives
1125 3123 1165 3188 de
1196 3123 1382 3206 magistratu

298 3222 449 3304 elegerat,
485 3223 538 3304 qui
575 3223 712 3305 collegio
749 3223 965 3302 deliberarent
1004 3223 1207 3297 necessaria;
1227 3240 1383 3304 duorum

298 3321 469 3387 amicitiam
492 3321 541 3386 sio
562 3321 716 3397 lucratus,
734 3322 865 3386 domino
890 3323 1051 3387 licentiato
1074 3321 1255 3402 gratificare
1273 3322 1384 3388 volue-

246 3505 247 3508 ,
299 3429 372 3484 runt
388 3436 445 3501 per
460 3419 665 3485 collationem
683 3421 845 3486 lectionis.
1361 3487 1364 3492 ,

340 3518 419 3584 Item
445 3535 483 3583 ex
510 3527 599 3600 parte
623 3518 783 3583 facultatis
810 3520 992 3584 consultum
1019 3519 1126 3584 dantis
1147 3520 1267 3586 dicitur
1286 3519 1382 3586 etiam

298 3617 442 3684 deiectus
454 3617 621 3682 committi.
632 3616 709 3682 Corn
723 3621 808 3684 enim
822 3629 944 3685 tanturn
957 3619 1022 3684 sint
1037 3636 1105 3695 sex,
1117 3620 1170 3700 qui
1183 3619 1384 3686 constituunt

297 3716 468 3798 collegium
483 3717 630 3782 strictum
648 3719 816 3800 utriusque
833 3719 991 3784 facultatis
1004 3719 1098 3800 juris,
1115 3719 1190 3784 dunt
1208 3735 1269 3783 una
1287 3717 1383 3784 lectio

298 3822 399 3892 vacat,
417 3823 538 3880 tantum
555 3824 676 3882 restant
692 3817 833 3898 quinque
856 3818 1090 3893 consultantes,
1107 3827 1138 3882 et
1162 3828 1228 3884 tres
1251 3815 1384 3882 conciu-

297 3915 377 3978 dunt
406 3923 518 3980 contra
547 3916 640 3990 duos,
669 3915 807 3980 subinde
837 3933 899 3980 non
927 3915 1006 3980 satis
1033 3916 1176 3997 legitime
1200 3927 1232 3982 et
1257 3917 1383 3998 integro

297 4011 508 4088 affectuale.

338 4109 391 4174 Sic
404 4110 521 4176 dicitur
535 4113 713 4194 contigisse
728 4114 847 4180 abusus
864 4113 975 4196 elapso
990 4129 1075 4179 anno
1091 4113 1122 4176 in
1146 4112 1383 4178 consultatione

299 4207 464 4290 utriusque
486 4209 645 4274 facultatis
664 4210 746 4292 juris
768 4229 865 4293 super
887 4213 1059 4278 collatione
1075 4212 1222 4279 iectionis
1239 4210 1380 4276 detuncti
