3222 4944
705 465 890 548 -caass

252 647 391 727 scriptae
418 649 448 710 iu
476 646 646 713 collatione
673 648 844 713 lectionum
872 648 1055 724 satisfieret,
1081 665 1137 730 per
1166 650 1334 732 syndicum

252 747 391 812 civitatis
403 765 535 813 curasse
548 748 645 813 scribi
660 749 799 813 facultati
814 749 979 830 utriusque
992 749 1075 829 iuris
1087 749 1171 830 quod
1185 750 1334 814 dominus

254 847 388 928 Philippi
421 848 635 914 renuntiasset
665 849 922 928 superviventiae
948 859 978 914 et
1008 850 1153 929 petiisset
1181 849 1221 914 de
1251 866 1334 914 novo

253 945 314 1010 sibi
337 947 476 1011 conferri
497 947 669 1028 praelatam
694 947 876 1022 lectionem,
898 957 930 1013 et
953 948 1124 1030 rogabatur
1146 949 1222 1013 dare
1246 948 1334 1012 testi·

254 1045 394 1108 monium
411 1061 450 1108 an
462 1045 612 1110 dominus
628 1045 763 1127 Pbilippi
783 1063 845 1111 non
864 1047 943 1111 lorct
958 1063 1057 1126 capax
1068 1047 1173 1112 diotae
1187 1047 1335 1113 lectionis

254 1143 373 1208 domini
392 1144 499 1209 Perea.
1056 1135 1058 1140 ’
1267 1165 1269 1170 ·

294 1243 328 1307 ln
345 1242 449 1308 dando
466 1259 624 1324 responso
640 1242 817 1308 laboratum
834 1243 891 1309 suit
911 1261 928 1308 a
951 1244 1100 1310 facultate
1118 1243 1213 1325 juris,
1230 1253 1262 1311 ct
1277 1262 1336 1326 per

252 1341 417 1406 dominum
432 1343 664 1424 Staplctouuru,
684 1345 835 1424 priorem.
854 1343 942 1410 lllico
958 1344 989 1408 in
1006 1343 1116 1409 boram
1134 1345 1334 1411 undecimam

252 1441 536 1507 antemeridianam
559 1442 691 1506 lacultas
713 1451 888 1507 convocata
911 1443 979 1510 luit.
1005 1443 1073 1508 Duo
1097 1444 1236 1523 primarii
1261 1461 1335 1525 pro·

252 1542 395 1605 l'cssores
416 1541 498 1622 juris
521 1553 711 1606 recusarunt
733 1542 809 1606 dare
832 1543 1060 1619 testimonium,
1080 1553 1144 1607 tum
1167 1543 1240 1624 quia
1260 1560 1335 1609 cum

253 1640 387 1720 epistola
426 1641 630 1722 magistratus
671 1659 733 1706 non
771 1651 858 1706 esset
895 1642 1014 1707 missus
1049 1642 1176 1708 libellus
1213 1643 1335 1707 domiui

254 1739 402 1828 Plrilippi,
421 1757 480 1805 nec
496 1750 658 1806 constaret
679 1742 719 1806 dc
735 1741 969 1807 renuntiatione
991 1742 1257 1824 supervivemus,
1276 1759 1335 1822 pro

253 1855 315 1920 quo
333 1855 433 1918 nuper
448 1841 667 1904 executionem
686 1841 770 1921 passi
789 1841 923 1916 lucrant,
942 1849 1006 1905 turn
1022 1841 1095 1922 quia
1108 1850 1181 1906 ante
1193 1841 1333 1905 dandum

254 1939 471 2003 testimonium
496 1939 698 2003 sustinebant
722 1938 944 2019 publicandam
965 1956 1038 2004 esse
1055 1939 1202 2004 lectionis
1218 1956 1333 2004 vacan-

251 2038 325 2100 tiam
349 2048 381 2102 et
404 2039 606 2103 indicendum
631 2054 856 2102 concursum:
882 2047 924 2113 et,
951 2039 1035 2103 nulla
1061 2048 1152 2119 capta
1174 2039 1333 2119 collegiali

250 2137 458 2215 resolutione,
490 2148 521 2203 et
552 2155 614 2203 non
651 2138 780 2201 attentis
813 2137 877 2218 iarn
915 2137 1074 2218 allegatis,
1113 2147 1178 2202 trcs
1213 2137 1335 2202 residui

250 2235 401 2301 doctores
416 2237 456 2301 de
472 2237 581 2301 stricta
606 2237 773 2317 utriusque
792 2236 875 2318 juris
898 2237 1056 2310 facultate,
1074 2236 1197 2302 scilicet
1213 2236 1335 2302 domini

250 2335 468 2414 stapletonus,
487 2335 577 2400 Liser
598 2345 630 2400 ct
650 2336 715 2398 Van
736 2335 866 2409 Nurum,
885 2345 1114 2416 processerunt
1136 2345 1168 2398 et
1190 2335 1333 2400 testimo·

251 2433 336 2498 nium
355 2434 486 2514 potitum
503 2434 661 2499 dederunt
675 2435 706 2496 in
725 2436 863 2498 lavorcur
879 2434 999 2498 domini
1017 2433 1166 2515 Pltilippi.

292 2530 378 2606 Quos
395 2542 500 2596 tamen
518 2534 560 2596 uti
578 2541 747 2612 suspectos
763 2533 815 2595 alii
829 2531 973 2612 judicant
988 2532 1215 2598 couvenientes
1232 2540 1332 2598 testes

249 2647 414 2695 essenon
442 2631 596 2710 potuisse,
626 2641 691 2696 tum
722 2632 794 2712 quia
825 2632 976 2696 domiuus
1005 2631 1210 2712 Staplctonus
1240 2632 1331 2712 prius

247 2729 464 2794 testimonium
481 2729 621 2795 indebite
637 2731 779 2804 dederat,
798 2731 883 2812 quod
901 2741 1106 2795 manutenere
1130 2731 1216 2794 omni
1234 2731 1329 2796 modo

248 2828 424 2904 laborabat,
441 2828 552 2892 dicens
575 2829 626 2893 sui
649 2829 783 2894 horroris
808 2829 978 2902 interesse,
996 2837 1061 2892 turn
1084 2829 1158 2910 quia
1179 2829 1331 2894 dominus

249 2927 338 2991 Liser
360 2936 410 2990 cst
432 2927 462 2989 in
487 2927 589 3007 primu
611 2928 710 3008 gradu
734 2926 839 2992 affinis
861 2926 992 2992 domino
1009 2925 1156 3008 Philippi,
1174 2935 1239 2991 tum
1255 2929 1330 3008 quia

249 3025 398 3090 dominus
422 3026 486 3090 Van
510 3025 625 3091 Nerom
650 3026 785 3090 babebat
807 3027 967 3091 interesse
989 3035 1116 3090 uentum
1141 3034 1329 3106 patacouum

248 3141 366 3200 annue,
393 3141 475 3202 nuos
501 3125 637 3190 debebat
663 3126 789 3190 solvere
817 3125 947 3190 dominc
977 3124 1125 3205 Philippi,
1153 3124 1256 3188 donec
1285 3123 1330 3186 illi

249 3225 411 3304 provisum
448 3234 549 3299 essen
588 3241 605 3286 a
642 3242 705 3305 quo
742 3241 841 3290 onero
879 3241 935 3304 per
971 3222 1066 3304 nujus
1096 3223 1329 3304 promotionem

247 3333 439 3388 exoneratus
455 3334 516 3388 cst.

288 3421 423 3486 Ratione
444 3423 548 3487 dictae
571 3422 766 3487 difficultatis
790 3423 922 3486 lacultas
946 3420 1112 3502 utriusque
1131 3421 1213 3501 juris
1236 3420 1331 3501 plane

247 3521 351 3585 scissa
367 3533 415 3586 est
431 3530 462 3586 et
478 3523 509 3584 in
526 3521 699 3596 discordia,
716 3537 788 3586 oum
805 3521 997 3586 detrimento
1014 3519 1143 3600 publici.

291 3718 351 3784 Pro
367 3719 508 3784 remedio
530 3719 713 3800 suggeritur
735 3719 773 3782 ab
796 3719 955 3800 aliquibus
974 3716 1190 3783 necessarium
1206 3732 1280 3781 esso
1296 3727 1331 3780 ut

247 3819 397 3884 dominus
421 3819 556 3900 Philippi
582 3819 742 3884 renuntiet
769 3827 937 3899 praetenso
964 3834 1024 3883 suo
1046 3816 1123 3898 juri,
1145 3817 1331 3882 instituatur

246 3933 349 3982 novus
390 3934 568 3982 concursus
609 3928 651 3993 et,
691 3919 873 3999 praehabita
914 3917 1149 3982 consultatione
1189 3914 1330 3996 legitima

247 4015 405 4078 facultatis
432 4016 598 4097 utriusque
621 4017 714 4097 juris,
745 4017 839 4082 lectio
865 4018 904 4080 dc
932 4033 1013 4080 novo
1037 4014 1221 4080 conteratur
1242 4013 1330 4094 juxta

251 4113 480 4194 praescriptum
499 4115 705 4180 visitationis.

292 4210 338 4273 Ab
364 4211 435 4275 aliis
461 4214 644 4296 suggeritur
672 4233 688 4278 a
719 4217 781 4280 Sua
812 4215 1004 4280 Excellentia
1033 4212 1220 4278 cassandam
1251 4227 1326 4276 csse
