3240 4946
708 439 892 511 -lltt-

256 627 486 692 deliberatione
510 625 707 708 singularum
733 625 917 692 facultatum
941 622 1101 689 conclusit
1122 619 1287 702 pecuniam
1304 638 1340 684 cx

256 725 352 790 arella
367 725 595 790 extrahendam
613 725 673 790 sub
691 725 814 790 calculo
830 723 944 801 exinde
960 720 1136 787 reddendo.

542 860 612 912 dela
630 859 830 921 [indemnatis
847 857 879 918 V.
896 857 944 912 sol.
961 853 1056 925 lxxxiij
1073 861 1098 908 r⁰
1111 857 1138 909 et
1152 860 1190 908 νο.

298 1032 335 1094 ll
351 1031 505 1095 decembre
522 1029 613 1094 lton.
632 1031 784 1096 Rectorat
800 1028 950 1094 d'ddrien
967 1025 1119 1092 Florentii
1137 1025 1265 1104 (ddrien
1280 1025 1339 1102 vl).

297 1210 353 1276 llie
372 1211 459 1292 jonis
484 1211 545 1294 xvij
570 1212 692 1277 mensis
715 1195 897 1278 decembris
918 1209 1039 1291 indicta
1063 1207 1121 1272 luit
1136 1205 1341 1288 congregatio

256 1309 475 1376 vnlnersitalis
493 1329 548 1391 per
564 1311 782 1392 juramentum
801 1313 884 1392 apud
901 1313 1006 1376 locum
1023 1306 1230 1389 capitularem
1244 1322 1341 1385 supe-

256 1409 373 1474 riorem
386 1410 524 1476 ecclesie
540 1410 641 1492 saoclj
661 1410 743 1491 Petri
761 1410 975 1476 Louaniensis
990 1425 1089 1486 super
1104 1405 1166 1488 llijs
1182 1404 1338 1470 articulis.

298 1508 425 1574 Primus
441 1518 490 1574 est
507 1510 544 1572 ad
561 1510 753 1574 audiendum
771 1511 830 1594 legi
847 1527 883 1575 ea
907 1525 969 1592 que
992 1507 1167 1573 offerentur
1186 1504 1340 1586 illustris·

255 1607 338 1672 simo
378 1608 509 1673 domino
550 1618 662 1674 nostro
702 1609 865 1690 archiducj
907 1609 944 1672 ad
987 1606 1166 1672 habendum
1208 1620 1339 1668 cursum

256 1707 499 1774 conseruatorie
515 1707 755 1790 priuilegiorum
770 1708 987 1774 uniuersitatis
1004 1717 1033 1773 et
1047 1706 1084 1772 ad
1098 1703 1339 1770 deliberandum

256 1805 406 1887 desuper.

297 2005 454 2078 Quantum
481 2004 519 2068 ad
544 2005 681 2084 primum
704 2006 873 2072 articulum
898 2004 1038 2068 narrauit
1061 2003 1211 2068 dominos
1234 2010 1341 2066 rector

256 2113 324 2170 aeta
338 2102 372 2184 jn
388 2103 572 2170 huiusmodi
591 2105 720 2170 materia
743 2105 985 2170 conseruatorie
1007 2113 1039 2168 et
1060 2103 1196 2185 qualiter
1215 2100 1288 2182 jpse
1310 2109 1341 2165 et

258 2203 409 2283 magister
422 2212 532 2268 noster
544 2203 706 2269 lohannes
718 2203 910 2268 lloederloiz
924 2201 1007 2280 (llad
1022 2200 1339 2266 Reuerendisslmum

256 2301 420 2365 dominum
438 2301 651 2380 Bisuntinum,
672 2319 796 2366 necnon
819 2302 969 2366 dominus
992 2317 1028 2364 ac
1052 2299 1204 2380 magister
1229 2299 1340 2363 Petrus

256 2399 296 2466 de
307 2399 427 2464 Themis
439 2399 566 2480 (llapud
581 2401 746 2465 dominnm
761 2401 954 2482 Bergensem
967 2397 1116 2480 Namurrj
1130 2397 1341 2463 cumdominn

255 2498 428 2563 archiduce
443 2500 634 2564 existentem
652 2517 690 2564 ex
708 2507 796 2580 parte
813 2497 1030 2562 uniuersitatis
1047 2497 1135 2562 missi
1154 2495 1283 2561 luerunt
1301 2497 1338 2561 ad

255 2598 459 2660 obtinendam
477 2598 706 2663 relaxationem
725 2598 950 2678 suspensionis
964 2613 1080 2663 cursus
1096 2597 1341 2662 conseruatorie

254 2696 491 2772 uniuersitatis3
519 2707 550 2761 et
580 2697 652 2778 qnia
684 2706 986 2777 apponctamentum
1017 2713 1073 2761 seu
1104 2696 1337 2760 salsamentum

256 2794 530 2875 Reuerendisslnxj
558 2795 677 2862 domini
707 2796 863 2860 disunlinl
888 2794 923 2876 ju
951 2796 1093 2860 sanorem
1120 2794 1339 2859 vnlnersitalls

256 2891 387 2956 domino
412 2894 562 2974 Bergensi
578 2895 611 2976 jn
629 2895 726 2975 opido
743 2895 950 2959 Namurcensi
969 2894 1101 2958 missum
1120 2911 1175 2974 per
1190 2894 1337 2958 eumdem

258 2990 421 3055 dominum
440 2993 633 3074 Bergensem
650 3010 785 3058 unacum
801 2993 903 3058 literis
921 2993 1049 3073 propria
1066 2992 1192 3073 negotia
1208 3009 1340 3057 concer-

260 3088 407 3153 nentibus
447 3106 536 3165 casu,
575 3100 607 3155 vt
647 3091 815 3165 asseritur,
858 3091 1016 3170 perditum
1058 3101 1118 3164 est,
1160 3091 1341 3156 antedictus

257 3185 408 3252 dominus
433 3187 620 3253 Bisontinus
644 3190 771 3269 propria
794 3206 851 3253 sua
876 3205 969 3253 rnanu
997 3189 1082 3253 aliud
1109 3188 1341 3252 salsamentum

257 3303 352 3351 suum
374 3287 569 3369 scripsit‚1’n
593 3305 656 3368 quo
679 3290 862 3353 continetur
884 3289 968 3369 quod
987 3287 1179 3352 uniuersitas
1195 3286 1341 3368 ampleelj

258 3395 421 3452 teneretur
438 3387 581 3468 quitquid
600 3404 657 3468 pro
675 3387 900 3452 reformatione
915 3387 1005 3452 curie
1023 3386 1262 3452 conseruatoris
1285 3402 1343 3465 per

259 3486 503 3550 commissarios
526 3486 681 3567 principis
703 3497 735 3550 et
758 3485 977 3550 uniuersitatis
997 3487 1179 3550 ordinatum
1195 3494 1294 3559 esset,
1311 3493 1343 3548 el

255 3583 336 3664 jllud
363 3583 538 3649 obseruare
562 3586 622 3650 sub
650 3601 729 3666 pena
758 3585 843 3650 mille
870 3584 1067 3650 florenorum
1094 3599 1276 3648 aureorum.
1306 3583 1343 3647 Et

259 3681 331 3762 quia
348 3683 531 3748 huiusmodi
547 3685 781 3748 anisamentum
800 3683 932 3748 multum
957 3683 1162 3762 preludiciale
1185 3692 1235 3746 est
1257 3689 1287 3745 et
1307 3681 1342 3762 jn

258 3784 498 3846 eneruationem
522 3781 763 3865 priuilegiorum
788 3783 1008 3848 uniuersitatis
1033 3783 1177 3854 tendens,
1195 3783 1344 3863 concepit

294 4014 330 4084 (l)
348 4014 417 4068 dean
436 4013 620 4079 Moedsrloos,
634 4016 671 4070 dn
685 4015 793 4070 diocese
806 4016 840 4068 de
854 4015 1006 4078 Toronaico,
1022 4015 1135 4068 docleur
1147 4025 1174 4068 et
1189 4015 1345 4084 professeur

260 4106 293 4158 dc
307 4104 457 4174 theologie.

297 4195 335 4266 (2)
356 4196 492 4252 Pierrede
503 4195 650 4254 Themison
662 4196 867 4260 dcTirlemont·‚
879 4199 992 4252 docleur
1005 4203 1031 4252 ct
1046 4197 1200 4269 professeur
1212 4197 1246 4252 de
1259 4195 1343 4252 droit.
