3236 4944
661 474 916 554 '-ara-

278 687 315 738 ex
340 671 459 750 templo
485 670 518 734 S.
547 671 631 737 Petri
659 675 696 736 ad
727 675 888 754 publicum
913 673 1123 742 auditorium:
1151 689 1260 738 verum
1286 673 1360 738 dum

278 772 420 852 supremi
438 772 572 836 honoris
589 790 645 839 sou
666 776 838 855 magisterii
862 775 998 854 insignia
1016 774 1238 848 corileruotur,
1256 773 1362 838 diver-

277 887 361 942 sum,
378 870 447 936 sive
464 889 523 935 usu
539 873 608 937 sive
624 874 803 956 privilegio,
821 884 984 954 recemum
1002 881 1063 938 est.
1088 872 1197 952 Neque
1219 873 1302 937 enim
1318 873 1361 935 ibi

278 969 495 1035 tianoellarius
510 979 597 1036 creat
612 989 650 1037 au
667 973 851 1054 pronuntiat
867 972 1033 1038 doctorem
1051 971 1118 1036 sive
1134 972 1166 1034 S.
1183 971 1364 1050 theologiae

278 1067 479 1152 magistrum,
497 1069 552 1135 sed
570 1070 622 1136 die
637 1071 723 1137 dioto
739 1087 776 1138 ac
800 1070 940 1154 praefixo
957 1071 1059 1147 aulae,
1083 1080 1116 1135 ut
1137 1077 1266 1144 rocam,
1287 1070 1364 1135 doe-

278 1168 385 1242 torali,
401 1167 472 1250 ipse
488 1169 679 1236 candidatus
694 1188 730 1236 se
743 1170 891 1251 epomide
904 1171 935 1235 in
950 1171 1102 1236 humeros
1114 1169 1230 1251 injecta
1244 1167 1363 1239 induir;

279 1272 391 1346 postea
413 1283 546 1347 praeses
565 1273 656 1332 actus
680 1268 811 1350 (absque
834 1286 885 1346 eo,
903 1267 988 1351 quud
1006 1269 1090 1332 hanc
1110 1267 1156 1331 illi
1173 1274 1363 1348 potestatem

280 1365 371 1430 laciat
388 1365 618 1443 eunomiumne,
636 1367 728 1448 cuius
744 1369 850 1433 nullae
866 1369 918 1432 hie
933 1377 1008 1433 sunt
1024 1370 1142 1448 partes)
1164 1365 1258 1448 capiti
1280 1365 1365 1448 cius·

280 1465 352 1529 dem
383 1464 517 1544 imponit
548 1466 765 1546 magistralem
794 1467 911 1548 pileum
940 1483 997 1532 seu
1028 1466 1179 1542 biretum,
1214 1462 1365 1545 purpurei

279 1562 412 1638 coloris,
429 1563 528 1645 bysso
544 1563 637 1628 viridi
654 1565 723 1630 sive
739 1565 881 1632 laurecla
897 1574 1059 1631 ornatum.

325 1661 389 1726 »ld
417 1661 501 1744 quod
529 1663 657 1745 quidem
684 1663 901 1730 introductum
929 1664 1057 1730 videtur
1082 1670 1193 1728 contra
1221 1669 1366 1728 tenorem

282 1763 388 1829 bullae
404 1763 620 1844 hugonianae.
643 1763 720 1827 Nam
745 1765 907 1846 Eugenius
931 1763 1072 1846 pontifex
1087 1762 1162 1827 dum
1186 1760 1309 1834 statuit,
1334 1771 1367 1825 ut

282 1862 377 1928 etiam
395 1862 530 1927 lauultas
546 1862 579 1926 S.
596 1863 777 1945 theologiae
793 1865 823 1927 in
841 1863 938 1944 opida
953 1861 1145 1927 boraniensi
1162 1860 1278 1925 tuturis
1293 1876 1367 1940 per·

284 1961 389 2043 petuis
405 1962 603 2042 temporibus
619 1961 723 2044 vigeat
738 1971 769 2028 et
790 1963 993 2036 observetur,
1013 1961 1089 2026 iilud
1113 1975 1243 2042 quoque
1261 1959 1366 2041 quoad

284 2061 440 2143 graduum
461 2069 493 2126 et
512 2062 686 2144 insignium
710 2061 939 2143 magistralium
962 2061 1179 2142 receptionem
1195 2057 1366 2131 ordinauit,

284 2169 318 2225 ut
340 2159 371 2223 in
395 2162 505 2224 eadem
530 2157 690 2234 facultate,
714 2163 858 2242 congruis
879 2161 991 2224 bubilia
1013 2158 1164 2232 cursibus,
1188 2157 1371 2238 sufficientes

284 2259 445 2342 marcique
459 2261 572 2340 ruperti
583 2278 602 2323 u
612 2263 798 2342 praeposito,
813 2261 941 2335 tlecuno,
954 2259 1000 2323 uel
1011 2259 1184 2340 deputando
1196 2256 1234 2322 ub
1246 2258 1372 2328 eisdem,

285 2357 394 2440 quibua
418 2367 578 2441 propterea
600 2360 660 2422 rite
683 2361 870 2440 praesentati
895 2359 1023 2439 luerint,
1044 2357 1160 2437 prodas
1186 2361 1215 2419 et
1238 2355 1373 2437 iusignia

285 2458 477 2540 magistralia
499 2459 634 2540 recipere
654 2458 800 2522 ualerent.
823 2456 941 2522 Verum
965 2467 1075 2536 postea
1098 2454 1196 2519 didici
1220 2471 1259 2519 ex
1285 2453 1374 2518 Actis

285 2557 390 2622 dictae
413 2557 585 2630 facultatis,
611 2573 696 2621 anon
720 2556 841 2622 domini
865 2573 921 2620 cm.
942 2574 979 2620 m.
998 2573 1057 2618 uix.
1082 2555 1256 2620 occasione
1281 2551 1374 2616 aulae

286 2654 463 2722 doctoralis
479 2664 545 2720 tum
559 2655 782 2732 celebrandae,
794 2654 894 2720 luisse
907 2666 1008 2720 ortam
1021 2653 1278 2719 controversiam
1291 2651 1376 2714 inter

287 2756 451 2822 dominum
468 2754 713 2829 Canindiarium,
727 2755 781 2836 qui
799 2763 875 2820 tunc
891 2764 960 2819 erat
974 2753 1107 2820 Miuboe'l
1125 2753 1280 2828 driutius,
1291 2749 1374 2832 J'uris

289 2855 455 2937 utriusque
476 2855 602 2929 ductor,
625 2853 767 2918 decanus
788 2853 946 2918 ecclesiae
965 2851 1158 2933 collegiatae
1180 2849 1212 2914 S.
1231 2849 1329 2922 Petri,
1346 2856 1378 2912 et

289 2954 481 3020 facultatem.
500 2952 720 3018 Contendebat
735 2951 820 3016 enim
838 2951 904 3026 iile,
921 2951 1006 3032 quod
1025 2950 1106 3031 ipse,
1125 2949 1173 3014 rel
1191 2965 1249 3030 per
1264 2964 1311 3022 se,
1327 2947 1375 3010 vei

289 3071 346 3134 per
363 3053 533 3135 magistros
551 3051 774 3132 praesidentes
790 3049 962 3130 facultatis,
981 3066 1041 3114 suo
1064 3059 1169 3114 tamen
1194 3047 1324 3112 nomine
1347 3056 1378 3110 et

289 3152 492 3229 auctoritate,
510 3151 662 3217 doctores
674 3159 799 3216 crearet
815 3149 1002 3231 theolog0s;
1020 3159 1130 3214 contra
1150 3146 1377 3213 adserentibus

291 3251 453 3335 magistris
466 3249 637 3324 lacultatis,
647 3250 733 3332 quod
743 3250 781 3316 ad
796 3251 990 3326 facultatem,
1002 3265 1064 3312 non
1078 3248 1115 3311 ad
1130 3245 1375 3319 cancellarium,
1467 3255 1480 3278 ·

291 3370 329 3418 ex
345 3351 566 3433 antiquissima
583 3349 817 3416 consuetudine
834 3349 1008 3430 pertineret
1025 3347 1197 3428 magistros
1215 3345 1245 3408 in
1260 3344 1380 3410 tlteolo·

292 3451 342 3534 gia
358 3467 481 3517 creare.
498 3449 536 3514 iit
552 3448 679 3514 tandem
698 3449 836 3514 obtinuit
852 3447 1011 3514 sententia
1036 3445 1262 3528 magistrorum
1279 3445 1380 3510 lacul-

293 3549 384 3627 tatis,
411 3567 473 3613 non
508 3548 713 3614 obstantibus
742 3547 840 3630 varijs
871 3545 1119 3628 allegationibus
1147 3545 1223 3610 dicti
1257 3543 1380 3608 domini

293 3647 493 3729 cancellarii.
520 3647 667 3729 liciaque
691 3647 826 3728 insuper
848 3643 1071 3710 controversia
1095 3642 1201 3724 quoad
1226 3643 1332 3708 lucum
1349 3651 1381 3705 ut

294 3761 484 3813 consessum
506 3745 536 3809 in
559 3746 611 3812 die
634 3745 739 3818 aulae,
757 3744 955 3810 declaratum
972 3742 1030 3807 init
1046 3759 1102 3822 per
1118 3741 1282 3806 dominum
1300 3739 1381 3803 ilec-

295 3857 397 3912 torem
423 3853 455 3911 et
480 3847 662 3928 deputatos,
680 3845 765 3927 quod
792 3843 865 3927 quia
893 3843 1027 3908 facultas
1055 3841 1235 3922 theologiae
1257 3851 1383 3906 crearet

296 3945 467 4027 magistros
483 3962 562 4010 suus
579 3961 637 4010 sua
654 3943 854 4017 auctoritate,
874 3957 938 4007 noo
955 3939 1186 4014 cancellarius,
1204 3938 1289 4004 idum
1305 3940 1384 4002 cao·

297 4044 448 4110 cellarius
464 4044 595 4111 deberet
610 4044 730 4110 habere
746 4043 851 4108 locum
875 4049 948 4122 post
970 4039 1154 4116 Rectorem,
1179 4055 1218 4104 eo
1237 4037 1383 4120 quodibi

299 4160 362 4210 non
378 4153 580 4226 compareret
595 4144 627 4208 in
644 4142 751 4209 udicio
768 4140 970 4223 cancellarii.

343 4243 471 4315 »Plane
485 4243 517 4316 in
534 4243 683 4314 laenitate
699 4241 827 4324 artium,
845 4240 897 4330 qui
919 4240 959 4306 ad
980 4239 1182 4306 doctoralem
1206 4235 1275 4304 sire
1296 4235 1382 4304 bire-
