3222 4944
698 429 878 493 -raa-
965 519 968 525 Ι

242 619 354 678 octava
378 609 570 690 septembris
594 611 754 691 usquead
780 611 953 676 secundam
978 611 1131 686 octobris,
1155 611 1331 678 'statuimus

241 721 273 776 et
300 710 490 775 ordinamus
517 709 600 790 quod
631 709 784 793 deinceps
812 711 957 776 vacantie
987 711 1154 792 generales
1186 711 1330 791 predicte

243 810 468 876 Universitatis
492 809 644 890 incipiant
668 810 698 872 in
723 811 829 893 vigilia
851 811 1092 892 assumptionis
1115 811 1205 875 beate
1231 810 1329 875 llarie

244 919 315 991 post
341 925 470 984 trunam,
494 919 526 972 et
548 908 710 972 durabant
735 926 837 990 usque
862 909 900 972 ad
925 910 1059 990 primam
1081 909 1164 974 diem
1187 907 1330 973 octobris

244 1009 508 1090 subsequentem.
533 1007 599 1084 Qua
624 1009 676 1072 die
700 1009 846 1090 legentur
870 1018 986 1075 statuta
1010 1007 1235 1073 Universitatis
1251 1017 1281 1072 el
1298 1008 1329 1070 in

242 1107 418 1173 crastinum
434 1106 673 1171 itrcobabuntur
689 1107 851 1172 ordinarie
868 1108 1035 1173 lectiones.

284 1255 431 1320 scolares
454 1255 556 1320 eciam
579 1256 776 1321 arcebuntur
795 1255 832 1320 ad
858 1256 1138 1322 continuacionem
1156 1255 1327 1320 lectionum

241 1373 300 1421 sue
327 1355 487 1420 facultatis
514 1355 635 1436 absque
666 1355 907 1420 intermissione
938 1373 993 1436 per
1023 1355 1264 1436 imposicionem
1298 1365 1329 1421 et

241 1455 468 1520 execucionem
495 1471 646 1533 penarum
670 1453 700 1517 in
726 1456 854 1518 statutis
878 1465 940 1518 tam
964 1455 1102 1536 antiquis
1125 1471 1218 1536 quam
1238 1457 1328 1519 noris
1426 1487 1428 1492 ·

242 1564 352 1618 contra
369 1553 556 1619 deficientes
573 1554 747 1618 edicturum
761 1573 768 1630 ;
784 1553 988 1634 injungentes
1005 1555 1067 1633 lrijs
1081 1553 1131 1634 qui
1150 1557 1326 1618 secundum

242 1653 310 1732 ipsa
328 1663 444 1718 statuta
461 1652 547 1716 circa
563 1653 623 1716 lrec
640 1653 806 1717 intendere
827 1653 955 1727 debent,
980 1654 1129 1733 quatinus
1152 1653 1326 1732 injunctum

241 1753 302 1816 sibi
333 1770 416 1820 onus
446 1760 643 1830 exequantur
672 1752 854 1832 diligenter,
886 1753 971 1816 omni
1003 1768 1103 1824 mora,
1138 1753 1244 1816 farore
1274 1759 1327 1814 aut

241 1850 502 1915 dissimulacione
520 1851 664 1924 semotis,
682 1849 738 1929 [in]
757 1859 908 1931 quantum
925 1849 1158 1914 codrcicionem
1184 1859 1325 1914 nostram

241 1949 441 2032 superiorem
458 1951 589 2030 cupiunt
607 1967 669 2014 non
687 1950 841 2014 incidere.

283 2098 371 2172 Item,
389 2115 460 2162 curn
485 2115 542 2179 per
562 2098 756 2163 erectionem
774 2097 917 2179 predicte
935 2097 1155 2162 Universitatis
1172 2115 1209 2161 ac
1224 2099 1326 2178 ipsius

240 2197 481 2277 ampliacionem
514 2197 655 2277 provisio
692 2198 860 2262 doctorum
895 2205 927 2262 et
959 2197 1134 2278 legentium
1169 2197 1325 2262 lectiones

239 2296 418 2359 ordinarias
455 2297 485 2358 in
523 2295 659 2376 singulis
689 2296 905 2372 facultatibus,
939 2313 997 2360 nec
1029 2311 1090 2361 non
1123 2296 1325 2375 presentacio

239 2395 472 2475 prebendarum
490 2405 521 2460 et
543 2395 774 2460 beneficiorum
800 2413 856 2474 pro
879 2395 1073 2461 lectionibus
1097 2394 1177 2474 ipsis
1201 2394 1233 2456 in
1258 2393 1326 2458 sin-

237 2495 321 2576 gulis
348 2495 553 2558 facultatibus
579 2495 803 2575 deputatorum
830 2496 868 2558 ad
896 2512 1004 2559 curam
1033 2493 1271 2574 bur-gimagistri
1296 2502 1330 2557 et

239 2593 426 2658 consulatus
443 2593 528 2673 opidi
547 2594 646 2657 nostri
665 2593 750 2666 ideo,
769 2609 840 2656 cum
858 2609 874 2655 a
892 2603 1000 2656 sancta
1021 2593 1104 2657 Sede
1127 2591 1325 2672 Apostolica‚

242 2701 305 2754 tum
333 2709 348 2752 a
380 2693 500 2756 nostris
530 2692 829 2772 predecessoribus,
851 2692 952 2756 delata
979 2691 1034 2766 sit,
1056 2691 1140 2772 qnod
1168 2691 1327 2771 stipendia

244 2790 323 2854 ultra
341 2791 481 2872 predicta
498 2791 651 2856 beneficia
671 2792 853 2855 necessaria
870 2791 960 2855 oneri
979 2791 1081 2871 ipsius
1097 2790 1183 2870 opidi
1205 2791 1328 2854 incum-

244 2889 331 2964 bunt,
361 2889 482 2954 idcireo
509 2892 679 2954 statuimus
706 2900 738 2954 et
764 2890 950 2954 ordinamus
977 2891 1061 2969 quod
1089 2906 1147 2952 eos
1178 2889 1328 2952 doctores

243 2995 296 3050 ant
320 2989 489 3068 magistros
512 2990 559 3051 vel
586 2990 740 3069 legentes,
765 3006 848 3069 qnos
872 2989 1004 3069 predicti
1033 2987 1269 3068 burgimagistri
1296 2996 1329 3052 et

242 3087 394 3151 cnrrsules
407 3087 444 3150 ad
460 3087 614 3151 lectiones
627 3088 808 3152 ordinarias
821 3088 983 3168 sigillatim
999 3087 1045 3150 vel
1060 3104 1116 3166 per
1131 3101 1327 3150 correurren-

241 3184 308 3248 cias
331 3185 362 3247 in
386 3185 522 3266 singulis
545 3185 758 3259 facultatibus,
777 3197 831 3250 ant
846 3187 944 3250 altera
962 3201 1082 3260 earum,
1100 3183 1326 3258 conduxerint,

240 3293 271 3347 et
301 3299 369 3347 eam
400 3274 441 3348 ob
473 3299 538 3348 rem
568 3285 608 3348 de
639 3284 803 3348 beneficiis
834 3285 870 3347 ed
904 3284 1070 3347 facultates
1105 3293 1136 3346 et
1173 3281 1328 3346 lectiones

241 3382 417 3462 designatis
444 3391 496 3446 ant
523 3383 692 3465 stipendiis
720 3383 927 3463 providerint,
952 3381 1151 3446 Universitas
1175 3392 1206 3444 et
1229 3380 1328 3444 facul-

242 3489 323 3546 tates
346 3483 490 3562 recipere
510 3492 540 3545 et
556 3482 722 3546 admittere
739 3492 918 3558 teneantur,
938 3493 968 3546 et
985 3481 1072 3561 ipsos
1089 3480 1251 3543 intitulare
1267 3495 1324 3544 seu

241 3580 504 3654 immatrirulare‚
522 3581 641 3662 absque
657 3599 695 3645 eo
712 3582 795 3660 quod
813 3583 943 3646 alterius
967 3580 1126 3643 facultatis
1144 3595 1325 3644 consensus

240 3679 395 3759 exigatur,
413 3695 469 3742 seu
488 3681 570 3759 quod
592 3680 629 3742 ad
653 3681 778 3761 aliquos
802 3691 893 3744 actus
917 3678 1107 3744 scolasticos
1130 3677 1170 3760 (si
1194 3677 1268 3740 alibi
1293 3675 1324 3738 in

240 3777 346 3841 studio
370 3779 511 3858 generali
534 3779 679 3860 graduali
704 3779 834 3860 fuerint)
856 3789 1037 3853 arceantur,
1062 3777 1156 3842 etiam
1181 3783 1324 3857 pretextu

239 3875 469 3957 cujuscumque
493 3878 602 3942 statuti
626 3879 786 3959 generalis
810 3887 863 3942 aut
887 3876 1103 3958 particularis,
1121 3893 1178 3940 seu
1196 3871 1325 3938 conclu·

238 3975 341 4039 sionis
358 3977 501 4055 predicte
518 3977 740 4042 Universitatis
757 3987 810 4042 aut
826 3977 957 4042 alterins
979 3975 1151 4039 facultatis.
1170 3974 1215 4038 lld
1234 3971 1327 4052 cujus

238 4073 494 4150 observandam,
518 4085 670 4156 qnantum
698 4077 736 4140 ad
765 4077 943 4154 lacerates
969 4076 1131 4148 doctores,
1157 4070 1326 4151 magistros

240 4182 294 4237 aut
310 4173 453 4254 legentes
469 4176 647 4242 conductos
666 4185 709 4250 et,
728 4189 761 4241 ut
785 4177 962 4258 predictum
986 4183 1047 4250 est,
1065 4191 1122 4255 per
1146 4171 1324 4254 predictum
