3240 4946
733 423 916 495 -llll-

274 627 451 700 pauperum
489 611 662 680 scolarium
695 613 791 680 vellet
820 629 951 680 seruare
982 611 1118 677 tribunal
1148 618 1179 676 et
1207 627 1360 678 exercere

270 711 620 796 iurisdictionem.an
646 721 718 792 post
742 713 857 778 multas
882 705 997 776 c'aosas
1024 727 1080 792 per
1106 725 1186 774 eom
1205 710 1359 791 allegatas

274 829 332 894 per
360 828 452 894 quas,
479 820 513 876 vt
541 811 720 890 videbatur,
752 811 886 876 innuere
915 809 1014 874 voluit
1038 808 1124 889 jnter
1152 809 1244 885 alias,
1271 809 1357 890 quod

275 911 461 978 reformatio
476 910 570 986 facta,
585 926 679 991 qoam
696 911 790 976 etiam
806 909 885 974 dixit
896 907 1158 990 insufficientem,
1173 908 1254 972 faeta
1270 916 1360 972 esset

274 1011 425 1076 duntaxat
449 1009 484 1090 jn
511 1009 580 1074 eius
609 1009 719 1074 odium
749 1017 780 1074 et
809 1017 1026 1090 contemptum
1057 1016 1088 1072 et
1117 1025 1155 1073 eo
1182 1007 1358 1088 jnauisato,

275 1108 418 1190 allegans
447 1107 566 1173 multos
595 1107 740 1172 delectus
770 1106 964 1172 commissos
993 1123 1049 1186 per
1075 1113 1302 1186 procuratores
1328 1115 1361 1170 et

274 1207 461 1282 aduocatos,
489 1216 521 1272 et
551 1207 657 1272 nullos
688 1223 744 1287 per
770 1206 891 1287 ipsum,
922 1221 995 1270 com
1027 1205 1123 1269 nichil
1160 1205 1270 1270 fecerit
1306 1215 1361 1270 aut

275 1305 433 1387 receperit
455 1314 542 1370 extra
566 1305 786 1370 ordinationes
805 1323 860 1369 seu
879 1304 1124 1370 reformationes
1140 1303 1361 1369 uniuersitatis

275 1404 336 1485 sibj
353 1403 476 1486 pridem
494 1411 671 1486 porrectas,
689 1403 745 1468 sed
763 1403 846 1469 bene
862 1403 978 1478 minus,
997 1412 1092 1483 prout
1107 1404 1168 1466 lmc
1184 1402 1301 1467 obtulit
1324 1419 1361 1466 se

275 1503 481 1584 probaturum
509 1519 565 1583 per
586 1518 644 1566 sua
661 1501 809 1582 registra.
826 1500 930 1576 Quare
946 1500 1041 1566 etiam
1058 1500 1242 1566 huiusmodi
1258 1500 1361 1565 refor-

276 1601 446 1666 mationem
459 1607 626 1680 acceptare
640 1615 702 1664 non
717 1598 900 1680 intenderet
912 1598 1101 1680 inquantum
1115 1599 1194 1681 joibj
1211 1607 1360 1686 contenta

274 1714 366 1764 suam
393 1713 565 1778 personam
590 1705 799 1762 concernunt.
828 1696 882 1778 an
910 1697 1060 1762 dominus
1090 1705 1198 1762 rector
1228 1713 1362 1778 respon·

275 1795 382 1861 dendo
405 1794 484 1859 dixit
504 1794 589 1876 quod
607 1803 737 1876 propter
753 1793 867 1859 melius
883 1793 1050 1859 dimissum
1067 1804 1116 1859 est
1132 1795 1216 1876 quod
1232 1794 1270 1858 ad
1287 1811 1361 1860 eum

275 1911 340 1959 non
354 1892 482 1958 habitus
498 1901 548 1958 est
563 1909 716 1957 accessus
731 1899 763 1956 et
778 1893 863 1973 qnod
881 1892 1067 1958 reformatio
1083 1891 1164 1957 facta
1184 1893 1289 1958 solum
1313 1901 1364 1958 est

273 1993 400 2073 initium
438 1991 688 2066 reformationis,
719 2007 792 2056 oum
830 1991 1023 2056 uniuersitas
1060 1991 1187 2072 plenius
1217 1991 1365 2072 intendat

275 2092 452 2156 reformare
468 2087 603 2156 curiam.
619 2089 709 2164 Quod
730 2088 865 2154 audiens
888 2089 1050 2172 mitigatus
1073 2099 1123 2155 est
1145 2091 1271 2156 animus
1292 2091 1364 2156 eius

275 2199 306 2256 et
337 2190 464 2258 tandem
495 2199 567 2272 post
597 2189 695 2255 molta
726 2188 878 2271 hincjnde
903 2190 987 2255 dicta
1013 2191 1186 2273 consentiit
1211 2207 1364 2257 exercere

271 2288 530 2369 jurisdictionem
558 2288 594 2352 ad
622 2287 706 2352 duos
733 2304 874 2364 menses,
898 2289 990 2353 saluo
1020 2289 1105 2370 quod
1133 2289 1263 2371 interim
1290 2289 1364 2371 jpse

272 2403 408 2452 vnacnm
431 2403 492 2452 suo
507 2402 675 2451 assessore
699 2395 730 2451 et
748 2386 894 2468 notarijs‚
912 2386 964 2468 cuj
983 2388 1098 2452 melius
1115 2397 1233 2453 norunt
1249 2399 1360 2453 exces-

271 2503 327 2550 sus
344 2485 550 2550 offitiatorum
575 2485 676 2562 curie,
694 2485 867 2566 concipere
890 2496 1024 2566 possent
1046 2487 1180 2552 eandem
1206 2486 1362 2552 reforma·

272 2583 411 2656 tionem;
437 2571 530 2665 quam
554 2591 740 2664 conceptam
764 2583 926 2648 exhibebit
950 2584 1069 2664 rector]
1094 2594 1126 2649 et
1148 2583 1362 2666 uniuersitati,

276 2681 329 2764 qui
354 2681 457 2747 eidem
477 2682 696 2746 reformationi
720 2683 890 2748 detrahere
915 2691 946 2748 et
969 2683 1087 2749 addere
1109 2692 1259 2764 poterunt
1277 2685 1364 2766 qnod

279 2781 327 2844 eis
361 2779 521 2845 videbitur
556 2779 787 2846 detrahendum
826 2790 857 2846 et
893 2782 1086 2848 addendum.
1118 2782 1245 2848 Ponens
1277 2783 1365 2864 jdum

284 2878 435 2945 dominns
450 2887 557 2944 rector
568 2878 602 2959 J'n
618 2879 849 2946 deliberatione
864 2881 1066 2946 dominorum
1083 2898 1121 2946 an
1139 2881 1262 2962 placeat
1277 2883 1363 2963 quod

283 2977 433 3043 dominus
444 2985 656 3044 conseruntur
667 2995 740 3043 cum
753 2980 820 3044 suis
832 2996 1000 3046 assessore
1015 2988 1047 3045 et
1062 2979 1194 3062 notariis
1210 2981 1364 3047 articulos

281 3088 340 3158 pro
363 3075 589 3142 reformatione
607 3076 695 3142 curie
710 3095 768 3142 sue
784 3077 954 3160 concipiat,
969 3078 1108 3160 illosque
1125 3079 1172 3144 sic
1187 3089 1363 3160 conceptos

282 3175 398 3257 rectori
428 3184 459 3240 et
488 3175 686 3257 uniuersitatj
718 3177 859 3258 porrigat
887 3178 926 3242 ad
957 3194 1055 3258 super
1083 3177 1280 3244 admissione
1312 3179 1362 3243 vel

280 3274 455 3341 reiectione
470 3275 656 3340 eorumdem
677 3275 931 3345 deliberandum.
948 3275 1052 3356 snper
1074 3277 1190 3358 quibus
1213 3277 1363 3344 dominus

281 3381 387 3438 rector
423 3390 460 3438 ex
497 3373 730 3438 deliberatione
762 3373 960 3455 singularum
990 3375 1174 3440 facultatum
1204 3375 1364 3441 conclusit

281 3473 409 3554 placere
420 3472 506 3553 cuod
518 3471 668 3538 dominus
680 3481 892 3538 conseruator
906 3489 980 3538 cum
996 3490 1166 3540 assessore
1181 3483 1213 3540 et
1229 3474 1363 3556 notariis

281 3570 352 3636 suis
374 3571 529 3636 articulos
550 3587 609 3652 pro
632 3571 858 3636 reformatione
881 3572 970 3636 curie
992 3589 1051 3637 sue
1072 3572 1230 3653 concipiat
1252 3584 1283 3639 et
1304 3590 1362 3638 eos

282 3669 406 3736 deferat
427 3668 465 3733 ad
490 3679 700 3749 conspectum
723 3669 941 3735 uniuersitatis
962 3679 1005 3747 vt,
1025 3671 1053 3735 si
1076 3671 1242 3736 videantur
1264 3672 1362 3736 ratio-

281 3767 414 3842 nabiles,
431 3768 516 3849 quod
533 3767 726 3833 uniuersitas
739 3767 815 3849 jllos
831 3777 987 3851 acceptet,
1005 3771 1145 3852 alioquin
1162 3771 1284 3836 reiciat.

575 3883 658 3963 'Acta
677 3910 880 3975 Universltotfa,
896 3909 930 3976 l',
947 3911 995 3974 fol,
1012 3911 1114 3982 lxxxrij
1130 3919 1159 3965 νο
1173 3929 1212 3968 ar.

322 4080 361 4142 tl
376 4079 484 4160 [darier
500 4078 591 4144 lsol.
609 4080 761 4147 Rectorat
776 4081 816 4146 de
832 4081 939 4148 Pierre
954 4080 1138 4164 l'hpostole.

327 4261 383 4326 [tie
404 4259 526 4344 sabbati
548 4259 700 4327 vicesima
718 4261 854 4340 septima
871 4264 991 4328 mensis
1007 4262 1156 4343 februarii
1168 4264 1288 4345 indicta
1304 4261 1363 4329 fuit
