3240 4946
749 457 933 522 ..555-

299 639 509 706 leodiensem
540 646 668 718 uocatas
698 656 735 704 55
762 639 924 706 vocandas
951 638 1171 721 subdelegavit
1208 639 1381 704 lleinerum

297 739 429 804 loannis
451 737 491 804 tle
512 738 685 814 Encluusia,
699 737 782 819 juris
799 738 965 819 utriusque
980 738 1145 803 doctorem
1161 752 1199 803 ac
1214 737 1381 820 praeposi-

298 847 364 903 tum
390 835 655 903 Walcurienscm.
680 837 765 902 Obiit
793 837 904 904 Petrus
937 841 1011 900 llas
1040 835 1080 899 ll
1107 836 1256 901 februarii
1288 837 1380 912 1553,

298 935 447 1002 conditus
463 936 495 1000 in
511 936 649 1002 ecclesia
665 951 723 1002 sua
739 937 771 1000 S.
789 936 968 1012 Gertrudis,
985 936 1047 1001 sub
1069 936 1184 1001 eodem
1207 951 1285 1000 saxo
1306 951 1381 1002 cum

298 1042 398 1100 matre
421 1051 479 1100 sua
502 1034 666 1101 llicbaclia
689 1035 714 1101 ’s
737 1034 851 1102 Wolls.
872 1036 943 1116 lpse
966 1035 1184 1101 labefactatam
1201 1035 1284 1116 apud
1300 1051 1381 1100 suos

297 1134 481 1216 religiosam
505 1134 741 1200 observantiam
766 1135 962 1212 reformavit,
986 1151 1025 1201 5ο
1048 1134 1178 1201 nomine
1200 1133 1379 1217 apostolico

296 1233 402 1316 legato
416 1243 539 1318 gratus.

340 1350 370 1413 l.
396 1350 555 1432 Philippus
570 1349 607 1414 de
623 1349 758 1427 Husden,
775 1349 814 1414 ab
829 1366 914 1415 anuo
937 1350 1017 1414 1516
1040 1366 1177 1431 5555555
1199 1349 1231 1414 15
1253 1350 1381 1415 (inster-

298 1447 533 1530 5555111555
556 1447 590 1510 91
619 1448 769 1514 155555511
793 1449 872 1513 1553
897 1449 996 1514 55555
1018 1448 1235 1514 5555155515
1258 1456 1380 1525 sertus,

296 1565 369 1613 cum
400 1547 663 1628 praedecessoris
692 1549 741 1612 sui
772 1548 939 1630 coadjutor
968 1549 1083 1614 luisset
1108 1549 1148 1612 ab
1175 1564 1259 1612 anuo
1287 1548 1378 1613 1538.

296 1646 541 1712 conservatoris
556 1662 672 1712 munus
688 1646 884 1728 suscepitis
899 1647 1004 1713 martii
1021 1647 1112 1712 1553.
1126 1646 1214 1713 5555
1229 1647 1381 1713 omnibus

298 1745 454 1826 placebat,
473 1753 506 1810 51
529 1762 660 1810 aureum
684 1747 864 1827 praesulem
890 1763 963 1811 eum
991 1761 1141 1828 proceres
1167 1746 1378 1828 appellarent.

297 1844 447 1920 sectione
463 1860 612 1910 caesarea
628 1844 658 1908 iu
675 1845 778 1910 lucem
795 1845 901 1910 editus
919 1845 1084 1911 dicebatur
1106 1863 1212 1910 caesor
1235 1846 1273 1910 ub
1295 1851 1380 1910 utero

297 1945 417 2009 1551515.
452 1945 594 2024 corpore
629 1961 758 2026 semper
792 1945 909 2010 debilis
946 1945 1014 2019 luit,
1049 1945 1106 2010 sed
1142 1945 1249 2009 auimo
1287 1945 1380 2026 plane

296 2043 450 2110 robustus
479 2059 516 2108 ac
541 2043 628 2124 uigil.
650 2043 780 2108 5555115
806 2060 843 2108 55
868 2044 1112 2109 conservatoris
1139 2043 1379 2125 privilegiorum

297 2141 552 2208 academicorum
562 2141 793 2223 diguitatecum
807 2141 1380 2222 1555515551555511118515111569.

340 2239 532 2322 «vigesima
559 2248 669 2306 octava
697 2240 846 2304 51555511
873 2241 1061 2306 55551569
1088 2248 1262 2307 extremum
1286 2241 1382 2322 buius

301 2338 581 2404 5555555551155
606 2338 721 2404 clausit
745 2339 830 2404 diem
856 2339 1053 2405 reverendus
1080 2347 1169 2420 pater
1194 2339 1227 2402 in
1254 2339 1382 2404 cbristo

300 2438 481 2504 »dominus
508 2438 673 2520 Philippus
699 2437 739 2504 de
766 2438 909 2513 bipedes,
937 2437 1032 2521 buJus
1058 2437 1245 2504 monasterii
1271 2447 1382 2504 sextus

300 2559 314 2598 5
332 2536 432 2602 55555
447 2537 669 2618 dignissimus.
686 2537 744 2610 oui
760 2536 837 2601 illud
859 2537 939 2602 ultra
963 2537 1124 2602 sexdecim
1148 2553 1251 2602 anuos
1272 2535 1382 2602 lauda·

298 2635 457 2700 »tissime
490 2643 521 2700 51
549 2635 877 2702 bonorificentissime
906 2636 988 2702 rexit
1016 2644 1048 2701 et
1077 2634 1277 2717 gubernarit,
1307 2651 1381 2702 cum

299 2732 520 2815 »religionem
544 2733 696 2800 illibatam
719 2734 942 2800 conservando
964 2742 995 2799 51
1016 2733 1174 2815 augendo,
1191 2742 1257 2798 tum
1274 2744 1381 2800 struc-

300 2831 412 2897 rturis
437 2832 657 2899 celeberrimis
682 2849 720 2898 ac
745 2833 942 2899 ornamentis
970 2831 1216 2913 pretiosissimis
1244 2833 1381 2914 51115555

300 2929 484 3012 »55551555
506 2931 703 2998 555555555.
721 2932 829 2998 Primo
852 2931 1021 3009 abbatiam,
1039 2932 1142 3012 primo
1164 2947 1242 2996 suae
1264 2947 1378 2996 conse·

299 3050 313 3090 5
330 3029 484 3094 555115515
496 3047 676 3104 55555555
689 3029 1162 3112 lortuitooonllagratam,intus
1174 3029 1380 3112 exteriusque

300 3149 314 3188 ι
332 3129 501 3208 reparavit.
521 3129 655 3196 Domum
671 3131 730 3194 deu
744 3130 821 3194 Beer
836 3128 953 3194 dictam
968 3129 1112 3211 51155555
1127 3128 1268 3211 5515555
1282 3129 1380 3196 aedes

299 3226 497 3308 neregionc
518 3226 628 3308 templi
651 3238 782 3292 5555155
804 3227 985 3302 Gertrudis,
1004 3227 1229 3292 bibliothecam
1253 3243 1385 3309 555555

300 3325 428 3391 »variis
462 3325 655 3408 optimisque
684 3325 775 3391 libris
804 3336 948 3392 ornatam
978 3327 1101 3392 exstrui
1132 3326 1216 3391 lecit.
1241 3325 1381 3391 cborum

301 3424 425 3488 retiam
442 3423 533 3490 divae
554 3425 670 3490 1155155
692 3426 730 3490 ad
755 3425 936 3490 aedilicium
959 3431 1092 3505 aspectu
1117 3423 1381 3506 pulcherrimum,

300 3543 314 3583 e
332 3521 468 3605 subque
484 3521 553 3604 ejus
565 3539 685 3604 corpus
701 3524 899 3589 inbumutum
913 3533 973 3601 est,
989 3523 1162 3589 venerabili
1176 3526 1381 3588 sacramento

196 3698 198 3704 Α
300 3621 479 3687 »renovari
502 3621 635 3686 curavit.
660 3623 820 3688 ciborium
845 3640 974 3705 555555
995 3622 1300 3697 elaboratissimum,
1318 3638 1382 3702 quo
1408 3660 1415 3670 -

299 3719 417 3785 »idem
445 3721 680 3797 circumfertur,
709 3721 855 3788 cistulam
880 3728 1063 3804 argenteam
1093 3738 1130 3785 ac
1160 3737 1287 3795 cruces,
1315 3729 1382 3784 tum

299 3839 312 3879 r
331 3818 459 3886 demum
474 3819 684 3886 coenaculum
702 3838 796 3904 supra
815 3821 938 3898 biliam,
957 3821 1119 3902 multaque
1134 3820 1194 3884 alia
1212 3819 1383 3886 utilissima

300 3938 314 3978 5
332 3915 522 3999 fierijussit.
538 3919 663 4001 Quique
677 3920 847 3986 conventui
867 3929 978 3986 nostro
995 3919 1113 4002 legavit
1128 3935 1234 3984 annue
1249 3918 1383 3984 octode-

300 4015 394 4079 »cim
412 4015 554 4082 llorenos
576 4018 788 4084 haereditarie
812 4037 869 4100 pro
893 4019 1040 4084 laudibus
1064 4020 1105 4084 de
1128 4019 1246 4100 Spiritu
1270 4027 1383 4084 sancto

300 4113 468 4196 »eirrgulis
487 4117 675 4196 septimanis
697 4117 907 4183 decantandis
930 4129 962 4182 et
985 4134 1042 4198 pro
1066 4135 1125 4182 suo
1147 4114 1380 4182 anniversario.

298 4235 315 4273 u
333 4213 390 4280 1115
415 4229 532 4282 nomeu
557 4215 676 4283 bonum
703 4217 882 4300 1555551555
903 4216 1144 4284 celeberrimam
1167 4233 1225 4283 sue
1249 4215 1378 4292 virtute,
