3246 4944
683 451 805 519 ——utt
828 490 869 502 -

224 635 385 702 inidoneis
400 644 432 702 et
449 637 554 702 minus
570 637 692 717 peritis.
710 637 816 702 sulum
832 635 1037 703 seleutissimi
1055 637 1092 702 ad
1112 636 1314 703 doctoratnm

225 737 454 816 provehantur.
471 736 516 800 Ad
534 753 627 817 quem
646 737 741 801 duem
756 737 945 803 ordinamus
961 747 1057 818 atque
1073 737 1269 802 statuimus:

731 901 820 965 GVH.

160 1053 164 1064 ·
271 1035 389 1108 Primo,
419 1044 452 1100 ut
489 1034 542 1116 qui
572 1035 764 1100 meditantur
793 1035 994 1100 doctoratum
1028 1035 1060 1098 iu
1094 1052 1157 1100 unu
1187 1035 1255 1100 sive
1284 1037 1314 1099 iu

229 1144 365 1215 utroque
398 1134 470 1215 jure
503 1143 670 1199 teneantur
701 1143 809 1214 petere
837 1151 854 1198 a
885 1136 1000 1199 striato
1034 1134 1202 1218 utriusque
1235 1135 1318 1215 juris

229 1233 365 1314 collegio
392 1233 514 1298 admitti
542 1234 580 1297 ad
608 1250 680 1298 eum
707 1232 852 1314 gradum.
870 1233 1034 1308 Secundo,
1052 1233 1079 1297 si
1104 1233 1320 1299 admittendus

229 1331 385 1408 videatur,
410 1334 569 1396 'statuatur
598 1333 668 1397 dies
698 1332 866 1407 examinis,
895 1349 958 1412 qno
988 1349 1005 1396 a
1035 1333 1151 1397 striato
1185 1333 1321 1414 collegio

230 1430 323 1496 simui
341 1439 535 1513 congregato
552 1433 697 1512 rigorose
714 1449 770 1512 per
789 1441 889 1496 tntum
904 1431 957 1512 jus
974 1431 1185 1498 examinetur.
1200 1431 1320 1501 Tertio.

232 1540 266 1596 ut
287 1531 392 1596 omnis
416 1532 502 1595 draus
525 1531 608 1594 absit
624 1541 654 1595 et
677 1531 827 1595 omnibus
844 1540 994 1594 constare
1011 1530 1113 1610 possit
1128 1531 1168 1596 de
1184 1531 1320 1611 unatita-
1412 1611 1417 1625 Ι

232 1630 317 1695 tibus
333 1647 407 1696 sese
423 1631 460 1694 ad
485 1630 686 1696 dooturatum
713 1630 997 1710 praesumentium,
1016 1631 1203 1695 ordinamus
1226 1639 1320 1710 atoue

232 1739 384 1810 perpetua
408 1730 478 1811 lege
500 1730 671 1794 statuimus
696 1739 729 1793 ut
751 1729 791 1794 de
815 1737 924 1794 cetero
948 1745 1042 1793 nemo
1068 1745 1130 1792 nun
1149 1737 1269 1793 tantum
1286 1731 1316 1792 iu

232 1828 369 1904 iruo,·sed
385 1846 443 1894 neo
455 1829 486 1892 in
505 1829 566 1894 ulia
583 1829 743 1908 superiori
762 1829 912 1893 facultate
927 1828 965 1891 ad
984 1828 1172 1893 doctoratus
1187 1829 1319 1911 gradum

231 1927 426 2001 admittatur,
445 1928 503 1993 uisi
527 1929 579 2010 qui
605 1945 665 1992 una
692 1928 869 2009 septimana
899 1927 1002 1992 tribus
1030 1927 1168 1992 diversis
1195 1928 1321 2004 diebus,
1426 2000 1430 2017 Ι

231 2028 356 2092 duabus
378 2029 416 2092 ad
441 2029 547 2092 minus
563 2027 652 2092 horis
668 2036 741 2091 aute
762 2026 942 2100 meridiem,
961 2026 1107 2090 diversas
1125 2027 1274 2092 materias
1290 2027 1322 2090 in

232 2144 359 2208 eaque
382 2127 480 2207 eupit,
499 2127 632 2191 seientia
657 2125 850 2206 promoveri.
875 2125 1117 2200 subtilissimas,
1135 2125 1261 2206 sibique
1282 2126 1321 2189 ab

234 2225 378 2306 eiusdem
395 2225 553 2290 facultatis
570 2225 683 2289 striato
699 2223 836 2304 collegio
854 2224 956 2288 tribus
973 2224 1021 2288 vei
1046 2233 1183 2304 quatuor
1205 2224 1320 2288 diebus

233 2333 308 2391 ante
344 2324 536 2406 assignatas,
567 2323 694 2404 publice
731 2333 763 2387 et
800 2323 870 2387 siue
904 2321 1051 2402 praeside
1081 2322 1259 2386 defenderit
1289 2333 1321 2387 et

234 2422 452 2504 propugnant,
475 2431 682 2504 oppugnante
711 2421 992 2486 baccalaureorum
1023 2421 1146 2484 deaano
1182 2420 1318 2502 aliisque

233 2521 463 2597 baonaiaureis,
487 2537 568 2602 qnos
595 2528 753 2602 tamqnam
780 2519 915 2584 maxime
942 2518 1076 2584 idoneos
1101 2519 1244 2584 decanus
1269 2520 1318 2584 vei

236 2621 324 2702 prior
359 2620 517 2685 dictorum
555 2619 762 2701 collegiorum
793 2635 865 2683 oum
896 2617 1082 2682 eorumdem
1111 2617 1321 2700 collegiorum

239 2721 320 2784 soitu
340 2719 557 2800 designandos
581 2735 655 2784 esse
678 2717 846 2798 putaverit.
864 2716 920 2780 Cui
944 2716 1152 2796 disputationi
1175 2717 1324 2782 volumus

239 2836 353 2883 omnes
369 2817 519 2884 doctores
542 2818 764 2893 interessent
787 2817 827 2880 de
851 2825 1016 2896 repetente
1038 2832 1147 2880 verum
1168 2816 1323 2896 indicium

243 2917 327 2982 ierne
343 2917 478 2997 possint.
494 2917 529 2980 Et
545 2917 572 2980 si
588 2932 660 2980 eum
677 2932 752 2980 vere
768 2915 917 2980 idoneum
935 2914 1123 2993 repererint,
1138 2915 1321 2990 admittent;

241 3017 268 3080 si
286 3033 363 3082 vero
379 3017 411 3078 in
427 3015 623 3080 conscientia
636 3031 693 3079 sua
706 3013 917 3096 judicaverint
930 3030 1003 3078 enm
1016 3029 1079 3078 non
1093 3013 1320 3094 qualificatum,

242 3133 281 3181 ne
308 3115 444 3180 inierant
470 3131 584 3179 noxam
611 3114 818 3194 reipubtieoe,
840 3113 987 3192 injuriam
1014 3129 1092 3178 snae
1117 3113 1271 3189 inanitati,
1293 3123 1324 3179 et

239 3214 323 3296 quod
348 3213 449 3295 majus
472 3223 533 3287 est,
551 3230 590 3278 ne
610 3211 792 3278 efficiantur
804 3211 977 3293 juramenti
995 3212 1043 3276 sui
1062 3211 1158 3293 (quud
1175 3213 1324 3278 volumus

240 3329 392 3394 expresse
427 3313 593 3377 continere
629 3329 664 3376 se
702 3328 764 3375 uon
801 3310 1015 3388 admissuros,
1048 3309 1108 3374 nisi
1139 3327 1221 3391 quus
1250 3328 1326 3378 vere

237 3411 451 3491 judicaverint
467 3410 614 3490 idoneos)
630 3409 818 3486 violatores,
836 3408 959 3490 absque
983 3408 1046 3473 ulia
1069 3408 1327 3476 dissimulatione

240 3527 313 3575 eum
331 3509 499 3592 repellent.

732 3640 835 3704 cviii.

282 3773 428 3838 Ceterum
453 3790 492 3838 ne
515 3772 683 3837 ductorum
708 3771 907 3836 multitudine
929 3772 1027 3836 iatum
1052 3770 1219 3853 utriusque
1242 3772 1324 3854 juris

240 3873 411 3953 collegium
449 3871 543 3936 nimis
577 3881 752 3944 exarescat,
780 3871 929 3936 ruiramus
958 3880 1053 3952 atque
1083 3872 1265 3948 statuimus,
1295 3885 1327 3938 ut

241 3971 450 4051 imposterum
468 3987 531 4034 nou
549 3970 658 4049 piures
675 3970 714 4034 de
731 3985 770 4035 eo
786 3969 934 4050 pottagio,
955 3970 1007 4051 oui
1033 3969 1169 4049 publicis
1185 3971 1328 4051 disputa·

241 4069 382 4134 tionibus
410 4069 439 4132 in
466 4069 580 4134 ordine
603 4069 641 4132 ad
665 4067 784 4148 gradus
808 4069 962 4148 praesint,
980 4068 1124 4149 aliasque
1147 4069 1327 4136 functiones

242 4175 414 4231 consuetas
440 4177 621 4239 exerceant,
640 4175 831 4231 censeantur
857 4183 950 4248 quana
977 4167 1100 4240 decem,
1120 4184 1177 4231 sex
1203 4168 1327 4232 seilicet

325 4319 347 4361 1.
1203 4297 1241 4364 it
