3222 4944
745 457 928 520 —698-0·

333 653 369 717 lu
393 653 511 735 quibus
530 652 670 733 partibus
687 653 830 734 legendis
845 653 1026 718 servabitur
1045 653 1117 718 talis
1134 653 1258 728 modus,
1276 654 1376 734 qnod,

292 754 420 834 truendo
451 754 575 834 legetur
605 753 705 833 prima
736 770 809 833 pars
842 751 959 833 lligesti
996 753 1124 826 veteris,
1154 753 1206 816 liet
1242 752 1374 817 inicium

292 851 417 915 atitulo
436 853 479 914 lle
487 852 614 929 justitia
631 857 658 914 et
671 851 835 928 permitat
851 861 921 932 past
938 863 1075 932 quatuor
1090 852 1208 932 primas
1220 851 1376 916 lectiones

293 951 402 1032 legens
439 950 558 1013 dividet
589 951 760 1014 lectionem
792 967 882 1014 suurn
913 950 944 1013 in
973 952 1053 1014 duas
1084 960 1209 1030 pat·tes;
1240 949 1375 1030 quarum

294 1051 394 1131 prima
410 1050 621 1130 appellabitur
644 1049 907 1124 extraordinaria,
928 1066 989 1130 que
1011 1049 1137 1113 durabit
1161 1065 1217 1129 per
1240 1050 1376 1113 mediam

294 1151 404 1215 lauram
435 1151 605 1222 dumtaxat,
637 1157 669 1213 et
699 1149 840 1213 secunda
870 1148 1043 1222 ordinaria,
1075 1165 1137 1229 que
1166 1147 1291 1212 durabit
1320 1165 1378 1228 per

293 1249 404 1313 boram
428 1265 498 1312 euru
524 1248 639 1311 media.
657 1247 693 1310 Et
718 1265 774 1327 pro
798 1248 1051 1312 extraordinaria
1074 1247 1220 1328 legentur
1236 1247 1315 1311 tituli
1333 1249 1378 1311 De

291 1355 373 1410 sidtu
386 1348 538 1409 demittam
549 1347 594 1428 (l)
606 1357 636 1410 et
649 1357 821 1427 sequentes
835 1363 935 1428 usque
948 1347 986 1410 ad
1005 1347 1130 1411 tilulum
1146 1347 1187 1410 tle
1202 1345 1297 1424 officia
1312 1349 1378 1425 ejus

292 1448 341 1509 eui
362 1448 507 1509 rnurtdutu
530 1454 574 1508 est
589 1447 762 1526 jurisdictio
778 1446 815 1524 (3)
839 1445 1013 1518 exclusive,
1031 1446 1243 1510 discurrendo
1266 1445 1377 1509 titulos

292 1545 470 1610 allisionum
494 1544 615 1625 absque
638 1546 772 1624 legendo
797 1545 857 1608 uisi
882 1545 969 1625 leges
987 1544 1144 1608 notabiles
1160 1543 1243 1608 sieut
1260 1545 1377 1607 Barba-

293 1647 358 1706 rius
383 1645 541 1726 Philippus
556 1644 611 1725 (4),
630 1644 859 1708 Observandum
874 1645 931 1724 (5),
948 1655 979 1708 el
1005 1643 1140 1708 similes.
1159 1641 1196 1706 Et
1224 1643 1377 1722 predictis

293 1743 395 1808 titulis
424 1744 454 1805 in
487 1743 588 1824 primu
619 1743 699 1808 libra
729 1743 885 1822 expeditis
915 1743 1078 1807 suauinete
1108 1743 1229 1823 absque
1260 1759 1374 1824 magna

293 1842 480 1906 extensione
495 1854 526 1906 et
542 1842 612 1906 sine
634 1842 768 1915 calamo,
790 1841 843 1906 liet
865 1842 1019 1905 transitus
1044 1859 1101 1921 pro
1124 1841 1376 1905 extraordinaria

293 1943 331 2005 ad
368 1941 500 2006 tercium
538 1941 665 2015 librum,
698 1943 831 2021 legenda
862 1939 1087 2020 parilannitet·,
1119 1952 1271 2020 quantum
1302 1939 1372 2005 lieri

295 2041 411 2120 poterit
427 2042 458 2102 in
476 2041 529 2103 illa
546 2056 642 2104 anno.

320 2188 368 2252 ⁴Et
385 2188 537 2252 revolutis
554 2198 691 2268 quatuor
706 2189 810 2262 aratris,
829 2205 901 2252 eum
918 2187 972 2252 liet
988 2188 1111 2252 reditus
1136 2188 1173 2250 ad
1200 2187 1377 2268 predictam

292 2288 423 2366 primam
439 2297 558 2366 partem
573 2287 692 2368 Digesti
706 2287 834 2359 veteris,
846 2297 988 2350 assumet
1002 2289 1112 2366 legens
1127 2303 1184 2366 pro
1198 2287 1377 2350 extraordi-

294 2387 380 2449 naria
394 2385 535 2465 predicta
549 2385 648 2451 libros
660 2395 819 2465 quartum,
834 2385 991 2466 quiritum,
1002 2389 1050 2449 vel
1065 2386 1145 2449 alias
1160 2386 1260 2465 ipsius
1274 2385 1377 2465 prime

294 2483 393 2563 partis
417 2483 569 2565 gradatim
594 2495 625 2547 et
649 2494 741 2565 prout
762 2483 964 2548 audientibus
982 2484 1092 2547 utilius
1108 2494 1139 2548 et
1154 2483 1377 2564 expedientius

294 2583 399 2646 luerit.
431 2582 576 2646 Secunda
607 2601 682 2646 vera
714 2599 787 2662 pars
817 2582 901 2647 dicte
931 2583 1091 2655 lectionis,
1121 2601 1184 2663 que
1212 2582 1374 2646 ordinaria

291 2681 513 2760 appellabitur,
531 2681 769 2744 continuabitur
790 2681 821 2742 in
847 2681 989 2760 prediutu
1014 2681 1105 2746 titulo
1130 2683 1174 2744 De
1193 2683 1318 2760 iustitia
1344 2689 1374 2745 et

283 2781 365 2853 jure,
385 2780 436 2858 qui
461 2779 583 2858 integre
607 2778 740 2857 legetur,
757 2795 794 2841 ae
818 2780 898 2842 tituli
925 2782 967 2843 lle
982 2777 1096 2859 lepidus
1111 2779 1156 2861 (6)
1171 2789 1201 2843 et
1220 2781 1262 2842 lle
1277 2779 1374 2857 allicio

290 2880 355 2955 ejus
380 2880 430 2940 eui
459 2878 605 2940 mundata
635 2885 678 2942 est
700 2880 894 2957 jur·isdieti0,·
924 2888 954 2942 et
983 2880 1057 2943 iude
1086 2879 1249 2943 secundus
1279 2879 1372 2952 liber,

291 2977 484 3040 declaranda
524 2986 555 3039 et
595 2977 787 3041 resolvenda
831 2977 979 3041 materias
1017 2995 1073 3055 per
1116 2977 1295 3058 glosatores
1341 2985 1376 3042 et

290 3078 441 3140 doctores
457 3085 569 3148 taetus,
588 3085 738 3156 quantum
759 3077 876 3140 utiliter
893 3077 993 3157 magis
1009 3077 1130 3156 absque
1153 3075 1376 3156 superfluitate

292 3175 360 3238 lieri
391 3176 516 3254 poterit,
540 3187 571 3238 et
596 3191 667 3238 uum
695 3175 829 3250 calamo,
855 3177 1108 3254 pertranseunda
1135 3175 1236 3239 levius
1264 3175 1375 3238 titulos
1426 3245 1427 3250 ἵ

290 3276 342 3353 qui
382 3275 519 3338 leviores
556 3283 643 3346 suut,
675 3275 759 3337 sieut
793 3291 810 3336 a
848 3274 940 3338 titula
971 3275 1014 3336 De
1043 3276 1150 3353 injus
1178 3274 1375 3349 secunduli)

290 3373 445 3437 inclusive
463 3375 616 3452 usquead
635 3373 758 3436 titulum
778 3374 821 3435 lle
840 3374 955 3436 edendo
970 3373 1015 3453 (8)
1038 3373 1212 3446 exclusive.
1230 3374 1375 3452 exceptis

289 3471 480 3552 quibusdam
518 3472 642 3552 legibus
671 3471 865 3536 natabilibus
894 3488 910 3534 a
940 3474 1127 3536 doctoribus
1157 3473 1187 3534 in
1220 3473 1374 3551 predictis

290 3572 390 3635 titulis
414 3572 648 3636 commentatis.
674 3571 829 3652 Legentes
852 3581 956 3635 autent
982 3571 1150 3636 lectionem
1177 3570 1373 3635 ordinariam

291 3673 330 3735 de
353 3688 427 3735 sero
450 3671 480 3732 in
506 3672 560 3734 illo
583 3687 667 3734 atina
690 3669 842 3750 incipient
864 3671 895 3731 in
920 3671 1020 3750 prima
1044 3680 1133 3749 parte
1158 3669 1278 3749 bigesti
1303 3669 1375 3733 novi

289 3771 413 3834 titulum
427 3771 468 3833 De
479 3772 547 3833 nuni
562 3773 663 3850 operis
679 3769 868 3832 tiaratiatiaae
880 3769 942 3850 (9);
961 3779 991 3832 et
1005 3769 1177 3832 diuidenda
1191 3768 1376 3846 tectionem,

324 4020 362 4091 (ι)
382 4018 444 4086 utg.
462 4019 470 4070 t
491 4017 512 4073 t.
532 4048 563 4058 -
577 4019 615 4087 (ε)
636 4018 724 4086 naga
746 4019 772 4069 s.
795 4047 820 4055 -
839 4016 878 4086 (3)
898 4015 961 4084 pig.
979 4016 987 4068 t
1008 4015 1054 4070 at.
1073 4044 1104 4055 -
1120 4016 1156 4087 (4)
1179 4015 1241 4083 ntg.
1259 4017 1268 4068 t
1289 4013 1332 4080 ta,
1348 4017 1377 4072 a.

287 4141 323 4150 -
335 4109 371 4180 (5)
394 4109 454 4177 pig.
470 4110 477 4160 t
494 4109 534 4171 ts,
550 4109 590 4165 ts.
603 4139 639 4149 -
654 4109 692 4178 (a)
714 4109 776 4176 urg.
790 4108 799 4159 t
813 4106 933 4178 3.-(7)
955 4107 1017 4176 pig.
1033 4107 1054 4158 n
1070 4107 1143 4162 4.-
1155 4107 1191 4177 pp
1213 4107 1276 4174 ntg.
1292 4107 1314 4159 tt
1332 4109 1378 4166 13.

292 4229 324 4242 -
338 4200 372 4271 (9)
391 4199 456 4254 non.
473 4199 534 4252 vlu
554 4199 595 4263 ta,
615 4199 656 4254 tt.
