3240 4946
701 427 884 500 -tta-

249 610 415 694 committj,
433 620 465 678 et
480 629 579 694 super
595 612 738 696 pecuniis
762 622 793 679 et
816 614 967 693 expensis
990 615 1027 678 ad
1053 615 1114 680 hoc
1137 609 1331 695 necessariis

248 721 443 779 mercatores
468 713 502 793 jn
530 713 673 778 Romana
699 713 787 778 ouria
817 714 1025 794 responsales
1053 731 1125 779 mox
1152 721 1183 779 et
1209 714 1333 794 absque

247 811 399 893 diletione
419 811 594 892 jrnpetrare
616 820 646 875 et
668 811 815 877 obtinere
844 812 1060 892 promittimus
1087 822 1117 878 et
1143 812 1334 894 pollicemur

248 930 305 992 per
320 919 486 991 presentes
502 909 652 976 omnibus
668 910 743 976 dolo
760 921 791 976 et
808 912 918 976 lraudc
935 912 1073 976 seclusis
1091 913 1142 989 (ll.

289 1093 437 1159 Clausala
450 1113 525 1158 uero
539 1093 705 1174 otarticulj
718 1093 801 1159 vnde
815 1110 909 1174 supra
923 1095 1328 1176 sequunturetsuuttales:

287 1275 323 1336 ln
353 1275 462 1354 primis
489 1275 638 1339 dominus
664 1286 875 1340 conseruator
902 1275 1029 1340 habebit
1052 1275 1092 1340 dc
1116 1275 1230 1356 sigillis
1253 1293 1331 1357 qna-

247 1391 456 1455 rumcumque
473 1375 635 1438 literarum
653 1374 901 1439 monitorialium
923 1374 1188 1456 johibitorialiuna
1212 1385 1273 1440 etc.
1292 1379 1331 1440 ‹lc

247 1473 389 1554 quolibet
411 1473 516 1554 sigillo
540 1472 695 1537 stolorum
717 1490 824 1536 vnum.
846 1474 889 1537 ile
908 1473 1174 1554 interlocutoriis,
1193 1475 1232 1538 tic
1248 1473 1330 1537 diffi-

248 1573 356 1636 nitiuis
379 1573 451 1653 outa
478 1571 675 1649 compositus
702 1587 758 1652 per
784 1587 983 1636 assessorem
1011 1571 1116 1658 solum
1145 1574 1331 1653 pronuntiat
1390 1639 1396 1656 ,

248 1671 356 1735 nichil.
376 1674 417 1736 lle
439 1670 642 1735 absolutione
665 1671 692 1734 si
717 1687 790 1751 pars
813 1671 958 1734 absoluta
982 1669 1057 1735 velit
1081 1669 1190 1736 literas
1206 1671 1328 1746 leuare,

247 1769 375 1834 habebit
388 1768 527 1850 projnre
540 1769 634 1850 sigilli
649 1778 714 1833 tres
727 1768 877 1846 stuleros,
892 1777 921 1832 et
938 1767 965 1832 si
978 1768 1043 1833 duo
1058 1779 1111 1833 aut
1128 1771 1236 1849 plures
1251 1770 1326 1846 sint,

247 1868 375 1932 habebit
401 1885 455 1932 scx
483 1868 636 1932 stuleros.
659 1867 739 1932 item
767 1867 916 1932 dominns
943 1883 1093 1932 assessor
1119 1868 1246 1934 habebit
1269 1885 1327 1948 pro

247 1967 409 2031 laboribus
431 1967 500 2030 suis
521 1967 560 2029 ab
577 1966 786 2030 uniuersitatc
802 1966 944 2047 quolibet
960 1983 1045 2030 anno
1060 1975 1187 2030 centurn
1206 1977 1325 2046 petros,

247 2075 277 2129 et
299 2082 315 2129 a
340 2065 483 2146 partibus
506 2065 616 2137 nichil,
633 2064 661 2128 si
683 2064 788 2145 agitur
809 2066 919 2146 vigore
943 2073 1052 2130 nostre
1075 2067 1328 2130 conseruatorte.

245 2161 328 2229 item
344 2165 457 2244 notarij
481 2163 644 2228 habebunt
666 2163 706 2226 de
726 2163 867 2243 qualibet
889 2163 979 2228 litera
1004 2164 1193 2245 monitorialj
1218 2174 1330 2228 contu·

249 2263 370 2346 macialj
401 2261 748 2342 excommunicatorialj
776 2262 1039 2343 aggralualtorialj
1067 2265 1207 2328 stuieros
1233 2263 1326 2326 daos.

245 2363 326 2427 Jtem
344 2381 401 2443 pro
415 2359 624 2442 inhibiturialj
641 2359 782 2424 stuleros
798 2370 946 2449 quatuor.
968 2359 1009 2424 De
1032 2361 1131 2425 literis
1154 2361 1328 2426 absolutio-

247 2477 332 2533 num,
358 2461 448 2525 saluo
475 2460 560 2541 quod
588 2459 679 2523 vadat
705 2469 760 2522 aut
783 2459 884 2522 mittat
906 2476 978 2523 cum
1003 2468 1092 2539 parte
1114 2461 1152 2523 ad
1173 2460 1326 2540 jndicem,

246 2568 312 2624 tres
328 2560 480 2624 stuleros.
497 2559 529 2621 Si
545 2559 609 2622 sint
628 2558 748 2638 plures,
768 2557 897 2622 habebit
919 2575 975 2622 sex
997 2559 1148 2623 stuleros.
1165 2561 1245 2624 ltem
1271 2577 1328 2641 pro

246 2658 350 2723 litoris
372 2675 443 2722 cum
467 2674 563 2722 cruce
587 2657 726 2721 stuleros
742 2665 890 2737 quatuor.
912 2658 954 2721 De
972 2657 1079 2721 notula
1096 2655 1327 2723 sententiarum

249 2757 318 2822 siue
330 2757 569 2820 diffinitiuarum
586 2756 656 2820 siue
669 2755 985 2836 jtrterlocutoriarnm
1005 2756 1113 2831 nichil,
1128 2758 1183 2821 sed
1202 2758 1330 2823 babebit

249 2857 419 2921 terminum
446 2873 538 2920 surm
565 2855 615 2932 lb).
632 2854 712 2919 item
741 2871 798 2935 pro
825 2855 966 2936 quolibet
994 2855 1130 2919 terrnino
1158 2857 1328 2921 babebita

245 2953 384 3034 qualibet
410 2961 499 3034 parte
527 2970 588 3016 non
615 2953 694 3016 vltra
722 2969 815 3034 qrram
843 2953 1013 3017 consueuit
1040 2954 1169 3018 habere.
1191 2956 1272 3020 Jtcm
1301 2958 1327 3020 si

244 3052 350 3133 aliquo
371 3053 508 3118 termino
533 3051 686 3130 producta
711 3051 829 3114 luerint
853 3068 1054 3132 qrreoomque
1076 3051 1149 3130 iura
1178 3054 1326 3132 partium,

243 3151 282 3214 ad
320 3151 424 3214 statim
459 3151 571 3214 saltem
599 3149 683 3229 jutra
713 3149 853 3212 triduum
882 3150 1094 3228 copiabuntur
1124 3160 1155 3214 et
1186 3152 1329 3230 partibus

244 3249 471 3326 restituentem
496 3247 688 3328 habebitque
713 3264 770 3327 pro
794 3247 937 3327 quolibet
960 3247 1035 3311 lolio
1053 3249 1329 3329 scripturejnstar

280 3465 317 3538 (1)
338 3466 389 3520 Lea
405 3461 563 3520 demarchos
577 3479 630 3534 que
643 3459 818 3516 l’Unirorsitc
833 3466 938 3532 promet
951 3460 984 3515 de
999 3461 1067 3515 faire
1085 3479 1154 3532 pour
1172 3463 1282 3518 obtenir
1302 3465 1330 3520 la

246 3558 416 3613 nomination
430 3557 463 3611 de
476 3551 565 3609 t'abbt
578 3555 611 3608 dc
626 3555 696 3609 Parc
709 3559 737 3608 el
750 3553 786 3605 du
801 3553 888 3624 doyen
902 3553 938 3605 du
953 3552 1077 3622 chapitrc
1090 3553 1123 3607 do
1141 3552 1329 3610 Sciat-Pierrc

244 3665 350 3704 comme
369 3653 577 3703 conserreleurs
596 3648 629 3701 ds
650 3663 693 3699 sss
713 3643 860 3716 privileges
880 3661 914 3698 nc
934 3645 1026 3698 iurent
1047 3661 1096 3714 pas
1114 3643 1282 3699 courounties
1296 3645 1329 3699 dc

244 3747 349 3796 succes,
373 3740 443 3793 C'ost
465 3740 616 3792 seulement
642 3753 676 3791 on
705 3734 772 3789 {56⁶2
800 3751 855 3805 que
880 3750 925 3788 ess
950 3733 1020 3788 deux
1047 3733 1212 3803 dignitaircs
1238 3737 1329 3791 forent

244 3833 350 3900 ajoutbs
363 3847 418 3883 eux
431 3829 554 3883 ancisus.
569 3828 658 3899 Voyez
672 3825 814 3889 oi-dessus,
832 3841 877 3895 pp.
893 3824 947 3878 455
960 3840 1018 3878 sur.

280 3921 319 3990 (2)
340 3921 377 3974 Le
401 3936 545 3990 passage:
569 3942 582 3966 ι
597 3919 668 3973 ,item
693 3934 741 3988 pro
768 3916 847 3970 litera
870 3933 932 3970 oum
955 3933 1036 3969 cruce
1059 3917 1177 3970 slaforos
1199 3922 1328 3989 quatuor.

246 4038 258 4058 π
276 4013 315 4065 De
334 4013 430 4065 notula
449 4011 648 4065 sententiarum
668 4009 729 4062 siue
748 4007 959 4062 diffinitiuarom
980 4006 1040 4060 siue
1056 4009 1330 4077 jatcrlocutoriarum

247 4129 259 4150 ι
276 4103 371 4166 nichil,
392 4103 440 4157 sed
465 4102 575 4157 habebit
598 4101 746 4156 torminum
767 4115 859 4156 suurn.
877 4124 889 4145 a
911 4114 1029 4168 manqnc
1049 4099 1117 4151 dans
1137 4099 1163 4152 lo
1183 4097 1278 4154 charte
1298 4101 1332 4156 do

246 4193 375 4264 Philippo
389 4195 415 4249 le
429 4195 514 4250 Boou.
