3246 4944
742 420 928 486 -rtat-

292 603 388 670 clusit
418 603 500 670 idem
530 604 680 670 dominns
710 604 827 670 Rector
858 605 983 686 placere
1015 613 1048 668 ut
1077 604 1205 670 devitor.
1234 603 1377 683 deputati

292 712 397 768 autem
422 711 497 768 suni
517 703 556 767 ad
581 703 764 784 hujusmodi
780 703 1105 769 communicationem
1122 701 1190 766 deri
1207 701 1378 766 videndum

294 811 325 867 et
350 802 544 868 audiendum
572 802 773 868 clarissimus
803 802 953 867 dominus
983 801 1164 881 Stephanus
1193 800 1322 880 Wevms
1348 809 1379 864 et

293 901 413 966 domini
431 899 584 966 licentiati
600 900 784 966 conrardus
799 901 925 983 Sylvius
940 910 970 967 et
986 901 1126 966 loannes
1141 899 1280 965 iiassen.

336 1087 349 1126 ι
369 1066 427 1132 bie
443 1067 824 1148 martis,vigesima1'unii
841 1068 914 1130 anni
933 1067 1024 1142 iiiii,
1040 1065 1158 1132 indicta
1175 1065 1377 1147 luitcongre·

291 1165 376 1247 gallo
404 1164 639 1231 Universitatis.
658 1167 691 1229 ln
719 1183 780 1248 qua
808 1166 927 1230 domini
954 1165 1208 1232 commissarii...
1226 1165 1376 1230 besterna

291 1264 344 1329 die
359 1264 500 1346 deputati
518 1265 696 1330 retulerunt
712 1282 748 1330 ea
766 1281 847 1348 quae
864 1282 899 1330 ev
917 1274 1075 1346 praetacta
1089 1263 1377 1330 communicatione

291 1363 373 1443 ipsis
397 1364 478 1428 saeta
501 1361 697 1438 didicerant;
721 1372 752 1428 et
776 1364 858 1430 inter
878 1372 982 1430 cetera
1007 1363 1091 1445 quod
1115 1364 1280 1428 advertant
1303 1361 1377 1428 visi-

293 1461 444 1528 tationem
464 1462 546 1528 bane
569 1461 754 1542 specialiter
777 1472 808 1528 et
833 1462 985 1543 primario
1008 1463 1068 1528 sub
1090 1461 1377 1528 serenissimorum
1466 1515 1472 1520 .

293 1560 476 1641 Principum
518 1559 702 1626 nominibus
743 1571 931 1642 conceptam
973 1562 1152 1643 expeditam
1192 1577 1277 1626 esse.
1311 1561 1378 1635 Qua

292 1659 448 1724 relatione
464 1660 557 1734 iacta,
577 1659 683 1739 posuit
700 1659 889 1740 magnificus
905 1660 1055 1725 domiuus
1078 1661 1193 1725 Rector
1208 1659 1239 1724 in
1256 1659 1376 1726 delibo-

292 1757 449 1824 rationem
466 1758 554 1839 quid,
574 1774 610 1823 ea
626 1767 756 1832 attenta,
774 1759 897 1840 placeat
921 1758 1001 1824 lieri.
1019 1757 1056 1822 Et
1079 1775 1114 1824 ex
1138 1757 1377 1824 deliberationi-

291 1856 352 1920 bus
376 1855 558 1922 facultatum
582 1856 743 1922 conoiusit
766 1857 848 1922 idem
875 1857 1064 1938 magnificus
1087 1857 1236 1922 dontinus
1260 1857 1377 1921 Recior

292 1955 467 2022 mittendos
483 1973 557 2022 esse
569 1957 608 2023 ad
622 1957 834 2022 reverendum
847 1957 1011 2022 dominum
1026 1956 1170 2022 abbatem
1184 1956 1375 2022 Parcensem

291 2065 323 2120 et
359 2055 523 2120 domiuum
560 2055 779 2120 consiliarium
816 2055 1012 2136 Stephanum
1042 2055 1239 2122 craesbeeck
1269 2063 1376 2122 certos

292 2154 536 2220 commissarios
552 2154 591 2218 ab
608 2153 822 2220 Universitate
845 2155 1046 2235 deputandos
1069 2155 1107 2220 ad
1131 2153 1375 2236 significandum

292 2261 325 2318 et
351 2251 560 2316 intimandum
589 2251 703 2318 iisdem
729 2253 826 2334 quod,
849 2253 1107 2334 quandoquidem
1133 2253 1213 2318 haec
1239 2253 1377 2318 visitatio

294 2351 477 2432 specialiter
494 2360 525 2416 et
542 2351 693 2432 primario
709 2351 769 2416 sub
782 2351 1068 2416 serenissimorum
1082 2351 1265 2431 Principum
1278 2349 1376 2432 Belgii

292 2449 478 2515 nominibus
507 2459 662 2531 concepta
692 2450 881 2530 reperiatur,
912 2460 942 2515 et
972 2459 1140 2531 propterea
1172 2449 1376 2516 Universitati

291 2547 531 2630 privilegiisque
567 2547 672 2612 eidem
710 2549 876 2613 concessis
906 2558 938 2614 et
967 2547 1109 2630 elargitis
1140 2547 1376 2628 praeiudiciaiis

289 2657 451 2727 appareat,
469 2647 552 2710 dicta
569 2645 780 2722 Universum,
799 2648 889 2712 salvo
904 2647 1085 2728 juramento
1108 2647 1191 2728 quod
1210 2664 1267 2728 pro
1284 2663 1375 2727 prae·

291 2745 449 2835 dictorum
472 2745 712 2826 privilegiorum
730 2747 975 2810 conservatione
999 2745 1166 2825 praestitit,
1185 2745 1216 2808 in
1233 2746 1374 2826 promul-

290 2842 1372 2924 gatirtnemeujusmodivisitationisadbucprotemporeooosentire

291 2958 353 3006 non
371 2939 485 3020 possit.
511 2940 548 3006 m
569 2941 731 3024 deputavit
747 2943 944 3008 Universitas
966 2943 1005 3006 ad
1029 2941 1204 3023 praemissa
1221 2941 1373 3006 intiman-

288 3040 364 3106 dum
380 3039 578 3121 singularum
594 3039 778 3106 facultatum
795 3041 946 3106 decanos

333 3193 346 3231 ι
366 3170 486 3238 eonem
508 3171 560 3236 die
580 3171 697 3237 indicta
716 3172 773 3238 iuit
786 3172 993 3254 congregatio
1008 3171 1242 3236 Universitatis.
1262 3172 1295 3236 in
1313 3190 1374 3253 qua

290 3269 410 3335 domini
427 3270 641 3335 commissarii
658 3271 812 3336 hodierna
832 3271 883 3337 die
906 3273 945 3336 ab
969 3270 1181 3336 Universitate
1203 3271 1267 3334 dati
1291 3272 1375 3336 sece-

291 3377 365 3434 ruut
380 3368 567 3434 relationem
583 3385 687 3434 suern.
704 3375 771 3444 Qua
788 3372 868 3435 iacta
885 3379 917 3436 et
931 3370 1050 3446 audita,
1065 3369 1171 3450 posuit
1187 3368 1376 3450 magnificus

290 3467 440 3532 dominus
463 3467 580 3532 ilector
603 3467 634 3530 iu
657 3469 934 3544 deliberationem,
951 3468 1027 3550 quid
1049 3468 1182 3532 ulterius
1198 3467 1227 3530 in
1246 3465 1383 3548 negotio·

291 3565 501 3648 publicandae
517 3566 710 3651 visitationis
728 3566 796 3632 fleri
814 3569 946 3647 placeat.
963 3566 1000 3630 Et
1020 3567 1159 3646 desuper
1182 3583 1221 3630 ex
1245 3568 1373 3630 iaculta-

290 3674 356 3730 tum
379 3664 663 3730 deliberationibus
690 3665 849 3731 cortulusit
873 3665 1062 3747 magnificus
1085 3665 1236 3730 dominus
1259 3665 1377 3728 Rector

291 3761 396 3843 rogari
434 3763 646 3827 reverendum
684 3775 715 3828 et
752 3764 902 3828 eximium
932 3763 1096 3830 dominum
1127 3772 1157 3828 et
1190 3762 1375 3842 nvagistrum

292 3871 438 3926 nostrum
464 3861 617 3928 iacobum
643 3863 846 3938 iansuuium,
864 3873 1021 3944 quatenus
1046 3864 1203 3928 accedere
1228 3863 1377 3942 dignetur

290 3959 439 4026 dominos
455 3960 639 4026 visitatores
656 3961 881 4028 Universitatis
899 3979 983 4028 nunc
999 3964 1029 4026 in
1042 3962 1161 4042 oppido
1178 3971 1374 4041 praesentes,

291 4059 487 4139 eosdemque
511 4075 625 4141 rogare
649 4077 689 4126 ne
715 4063 745 4124 in
772 4061 935 4126 sinistram
964 4070 1085 4141 partem
1112 4061 1374 4140 interpretentur,

292 4157 377 4239 quod
406 4157 602 4224 Universitas
630 4169 691 4224 tam
717 4159 824 4224 subito
852 4159 882 4222 in
910 4159 1156 4240 publicationem
1183 4156 1374 4224 visitationis
