3240 4946
754 409 937 476 ..554-

300 592 477 658 lobannem
500 591 646 656 Vollinclt
669 599 700 658 et
721 591 899 658 lobannem
923 589 1023 658 llolen
1046 592 1083 658 ad
1110 591 1294 658 huiusmodi
1318 591 1387 658 offi-

302 691 380 758 tium
402 690 535 766 clectos,
553 691 697 771 recipere
720 699 752 756 et
774 691 942 757 admittere
961 692 1159 773 dignaretur.
1175 691 1233 768 Qui
1257 690 1386 773 quidem

303 789 453 854 dominus
477 799 690 855 conseruntur
716 789 838 856 eisdem
866 790 1005 858 dominis
1031 791 1192 873 deputatis
1222 790 1388 871 respondit

304 889 388 970 quod
416 887 454 954 ad
483 888 665 954 huiusmodi
691 887 824 954 offitium
849 905 967 954 recens
990 907 1047 971 per
1069 899 1204 955 mortem
1227 888 1387 971 quondam

306 986 448 1070 magistri
472 986 603 1052 Gererdi
625 987 773 1053 lenissen
795 987 867 1068 ipse
890 987 1074 1069 intenderet
1101 1005 1196 1053 vnum
1222 988 1387 1068 deputare.

306 1088 358 1169 qui
377 1085 480 1152 eidem
496 1085 598 1153 offitio
614 1093 760 1168 preesset
777 1087 889 1169 illique
904 1088 1095 1166 desereire,
1113 1097 1146 1154 et
1160 1088 1235 1153 lieet
1250 1086 1300 1168 sui
1317 1102 1389 1167 pre-

306 1185 498 1252 decessores
524 1184 763 1266 priuilegiorum
790 1186 875 1251 dicte
900 1186 1119 1252 uniuersitatis
1143 1195 1390 1252 conseruatores

301 1285 355 1367 ius
378 1300 488 1350 eorum
515 1283 644 1350 minime
671 1286 887 1366 ponderantes
914 1284 1118 1366 permiserint
1145 1284 1249 1350 eidem
1275 1282 1389 1358 offitio,

305 1383 482 1452 vacationis
519 1400 594 1448 casu
633 1391 827 1450 occurrente
857 1401 913 1464 per
943 1383 1182 1450 uniuersitatem
1213 1381 1390 1464 prouideri,

304 1483 376 1564 ipse
392 1491 496 1548 tamen
511 1499 573 1547 non
584 1483 769 1564 intenderet
781 1484 843 1548 boc
857 1484 1052 1565 permittere,
1067 1483 1207 1565 alioquin
1221 1491 1392 1548 contentus

308 1590 397 1648 esset
419 1581 628 1664 subdelegare
650 1599 747 1646 vitum
770 1583 818 1648 vel
836 1583 919 1648 duos
935 1583 973 1648 ad
991 1582 1116 1650 libitum
1133 1581 1334 1648 dominorum
1351 1580 1392 1646 de

309 1679 529 1754 vniuersitate.
546 1681 598 1762 qui
616 1692 803 1746 exercerent
825 1680 961 1747 ollitium
978 1680 1233 1748 conseruatoric.
1250 1679 1393 1760 Cumque

308 1789 423 1860 enpust
446 1779 518 1860 ipse
544 1780 694 1844 dominus
722 1790 827 1849 rector
856 1798 911 1862 per
938 1781 1112 1846 nonnullos
1139 1781 1221 1846 alios
1242 1780 1393 1854 dominos

309 1878 479 1958 deputatos
495 1878 714 1944 uniuersitatis
730 1879 768 1944 ad
786 1878 932 1944 eumdem
949 1879 1113 1944 dominum
1129 1887 1391 1945 conseruatorem

311 1977 429 2042 missos
458 1977 561 2042 eidem
589 1977 650 2059 diei
677 1987 708 2044 et
737 1978 852 2060 exponi
884 1979 1013 2044 lecisset
1039 1979 1175 2059 qualiter
1199 1977 1393 2043 vniuersitas

312 2092 441 2156 semper
471 2078 573 2141 luerat
599 2077 634 2159 in
664 2077 873 2158 possessione
906 2077 1095 2158 procidendi
1133 2077 1173 2143 dc
1209 2074 1394 2142 huiusmodi

312 2173 413 2241 offitio
436 2175 612 2241 vacationis
635 2192 710 2240 ceso
726 2187 917 2241 occurrente
932 2186 964 2242 et
981 2192 1150 2257 personam
1168 2175 1323 2257 ydoneam
1339 2191 1397 2254 per

313 2274 554 2340 uniuersitatem
585 2275 623 2339 ad
655 2274 717 2340 boc
746 2275 880 2342 electam
914 2275 1044 2340 domino
1080 2274 1300 2354 conseruatori
1339 2290 1397 2354 pro

311 2384 455 2456 tempore
479 2373 684 2456 presentandi
710 2383 804 2456 prout
827 2374 888 2440 boc
910 2374 1015 2442 eidem
1033 2391 1088 2455 per
1104 2373 1251 2438 diuersas
1267 2373 1399 2438 conclu-

310 2476 423 2540 siones
438 2473 657 2539 uniuersitatis
673 2490 690 2536 a
708 2473 815 2538 multis
831 2473 924 2538 annis
940 2473 1019 2538 citra
1042 2480 1151 2554 captas
1173 2471 1394 2546 ostenderunt.

312 2581 463 2654 rogantes
484 2571 630 2638 eumdem
646 2572 810 2636 dominum
827 2581 1089 2638 conseruatorem
1106 2582 1138 2636 rt
1153 2571 1395 2636 uniuersitatem

312 2672 347 2754 in
363 2687 421 2736 sua
438 2670 568 2751 pacitlca
585 2671 793 2751 possessione
809 2671 992 2750 permittere
1006 2671 1114 2746 vellet,
1132 2669 1298 2750 respondit
1309 2667 1395 2750 idem

318 2770 468 2838 dominus
505 2779 716 2834 conseruator
750 2785 786 2834 se
824 2769 969 2849 pluribus
998 2769 1121 2834 vicibus
1150 2777 1182 2834 et
1211 2785 1228 2832 a
1257 2767 1397 2833 diuersis

317 2867 466 2951 personis
491 2868 570 2932 alias
594 2867 794 2948 intellexisse
824 2884 918 2948 quam
945 2868 980 2949 in
1010 2869 1104 2934 dictis
1132 2866 1398 2934 conclusionibus

316 2967 540 3036 continebatur
575 2967 743 3048 presertim
774 2969 876 3048 quoad
908 2967 1041 3032 offitium
1072 2983 1128 3033 seo
1160 2975 1280 3049 partem
1308 2964 1398 3046 offitii

317 3085 412 3151 quam
429 3067 579 3148 magister
594 3065 755 3132 lohannes
778 3066 818 3132 de
834 3066 998 3131 Winckele
1021 3065 1165 3146 possedit
1187 3073 1218 3130 et
1241 3064 1397 3146 possidet.

317 3167 369 3250 qui
407 3166 574 3232 dicebatur
610 3165 762 3246 prouisos
795 3182 852 3246 per
882 3165 1045 3230 dominum
1076 3172 1338 3232 conseruatorem
1368 3171 1401 3227 et

318 3265 448 3332 minime
464 3281 521 3346 per
536 3264 789 3331 uniuersitatem.
807 3264 1041 3330 Nicbilominus
1056 3272 1161 3328 tamen
1182 3263 1294 3328 volens
1316 3277 1400 3327 com·

319 3365 446 3446 placere
468 3362 667 3444 vrtiuersitati
690 3363 795 3428 adbuc
818 3371 988 3426 contentus
1010 3371 1097 3428 esset
1120 3361 1232 3426 ambos
1256 3360 1400 3426 notarios

320 3480 405 3528 nunc
422 3480 478 3543 per
493 3461 732 3527 uniuersitatem
747 3462 868 3526 electos
881 3459 1059 3530 admittere.
1072 3459 1165 3524 saluo
1177 3459 1261 3540 quod
1274 3459 1399 3523 uniuer-

320 3561 400 3628 sites
425 3561 528 3627 eidem
556 3570 766 3641 recognoscat
792 3559 1032 3632 alternatiuam;
1055 3557 1197 3639 alioquin
1219 3557 1402 3638 intenderet

321 3660 371 3742 vni
385 3660 474 3742 alteri
493 3677 548 3741 per
561 3677 633 3726 eum
646 3659 829 3740 deputando
844 3659 1014 3739 prouidere
1026 3659 1066 3722 de
1078 3657 1185 3722 causis
1201 3655 1401 3737 apostolicis.

321 3757 400 3824 Etsi
422 3775 494 3825 cum
514 3759 572 3840 illo
595 3759 700 3823 adbuc
724 3775 786 3824 non
810 3759 904 3822 vellet
929 3756 1122 3822 uniuersitas
1144 3764 1231 3822 stare
1253 3763 1404 3820 contenta

321 3857 436 3924 obtulit
462 3858 566 3923 adbuc
592 3859 630 3922 ad
658 3857 782 3922 libitum
809 3856 1029 3922 uniuersitatis
1055 3855 1266 3936 subdelegere
1292 3869 1404 3934 quem-

321 3973 458 4038 cumque
470 3958 518 4022 vel
534 3974 756 4040 quoscumque
769 3956 802 4036 in
819 3956 927 4022 causis
940 3953 1157 4022 uniuersitatis
1173 3952 1225 4033 qui
1243 3951 1404 4018 exercebit

323 4054 457 4120 offitium
473 4057 724 4124 conseruatoric.
743 4057 780 4120 Et
801 4056 886 4120 aliud
911 4070 1101 4138 responsum
1125 4069 1142 4116 a
1165 4052 1250 4118 dioto
1272 4050 1405 4117 domino

323 4167 553 4224 conseruatore
588 4157 709 4222 domini
745 4155 884 4236 deputati
916 4152 1134 4220 uniuersitatis
1163 4151 1309 4220 obtinere
1339 4166 1403 4219 non
