3194 4940
746 398 932 464 -llli-

298 582 450 648 turdum
481 581 658 646 litterarum
684 581 789 646 studia
815 577 1043 646 comitantibus
1071 595 1127 659 per
1152 593 1213 659 quc
1240 579 1385 659 prolusis

298 681 438 747 sciencie
468 681 561 744 donis
593 680 819 745 uniuersorum
850 679 980 744 ubertas
1010 677 1169 742 bonorum
1207 677 1385 744 succedere

300 780 496 862 prospicitur
520 779 753 844 subnentioues
780 789 811 842 et
842 776 980 856 presidia
1012 775 1244 852 ministrantur,
1276 776 1316 840 ad
1348 791 1385 842 ea

296 877 426 960 quidam
451 877 535 942 notis
558 877 752 942 inflectimur
767 875 908 942 assiduis
924 884 956 940 et
974 873 1075 940 nostri
1091 884 1197 955 partes
1214 874 1384 956 ministerii

316 977 322 1058 Ι
342 976 477 1040 libenter
493 975 694 1040 adhibemus.

576 1123 726 1190 Suppllque
744 1139 806 1177 auec
824 1129 934 1177 reasons
952 1127 970 1177 d
990 1123 1104 1190 t'apput.

342 1243 466 1310 Dudum
489 1243 649 1326 siquidem
673 1245 776 1310 felicis
800 1245 1035 1310 recordationis
1065 1245 1205 1326 Eugenio
1234 1261 1314 1326 pepe
1341 1244 1386 1326 iiij

300 1344 525 1424 predecessori
547 1353 659 1408 nostro
676 1361 733 1424 pro
750 1354 839 1424 parte
856 1333 1045 1408 dilectorum
1064 1344 1202 1408 liliorum
1219 1343 1386 1408 Vniuersi·

300 1443 374 1508 tatis
396 1442 491 1524 studi]
515 1441 606 1522 Opidi
633 1443 843 1508 Louaniensis
861 1443 1049 1508 Leodiensis
1066 1442 1207 1507 diocesis
1223 1441 1385 1524 exposito,

300 1541 387 1622 quod
414 1541 489 1606 licet
513 1539 655 1605 studium
683 1539 865 1605 huiusmodi
895 1541 1136 1622 suppositorum
1156 1542 1161 1623 Ι
1181 1540 1388 1606 multitudine

301 1639 448 1720 polleret,
467 1641 571 1719 ipsum
596 1649 699 1704 tamcn
716 1637 852 1720 Opidum
869 1640 954 1721 quod
971 1640 1009 1704 ad
1027 1639 1271 1705 sustentandum
1287 1655 1387 1720 gene-

299 1739 368 1802 rale
384 1739 524 1802 studium
541 1739 633 1803 locus
651 1738 822 1818 plurimum
839 1747 933 1819 aptus
949 1747 980 1804 et
993 1737 1139 1820 ydoneus
1152 1747 1232 1814 erat,
1247 1737 1388 1820 demptis

301 1837 437 1920 gabellis
460 1837 511 1900 uel
533 1835 659 1917 assisijs
683 1835 802 1902 ibidem
824 1836 908 1901 solui
931 1837 1095 1919 recipique
1118 1835 1233 1910 solitis,
1257 1845 1289 1902 et
1311 1836 1389 1904 inde

301 1935 566 2019 prouenientibus
586 1935 812 2000 emolumentis
834 1953 895 2016 quc
911 1935 1033 2017 absque
1051 1937 1056 2016 1
1076 1935 1207 2000 licencia
1224 1943 1255 1999 et
1273 1936 1390 2000 uolun-

301 2043 365 2100 tate
378 2033 448 2098 slne
462 2034 675 2115 permissione
690 2035 784 2100 [lucis
799 2033 972 2100 Brabancie
986 2052 1044 2116 pro
1057 2044 1202 2113 tempore
1217 2033 1390 2100 existentis

303 2133 402 2214 recipi
426 2133 609 2213 nequirent,
627 2133 724 2198 tantis
741 2131 944 2198 facultatibus
960 2132 991 2196 in
1008 2131 1169 2198 communi
1187 2149 1250 2196 non
1267 2131 1391 2196 habun-

303 2231 397 2296 dabat
412 2231 452 2296 de
468 2232 584 2312 quibus
601 2231 788 2296 indellciens
806 2231 966 2316 blagistris
989 2231 1180 2296 Ductoribus
1203 2229 1390 2296 Licentiatis

303 2341 335 2396 et
355 2330 426 2411 alijs
449 2329 480 2392 in
503 2330 588 2395 dicto
611 2329 717 2394 studio
736 2337 742 2406 Ι
762 2347 819 2412 pro
843 2342 986 2410 ternpore
1009 2329 1191 2410 legentibus
1212 2346 1250 2394 ac
1271 2345 1388 2411 regen·

303 2429 389 2494 tibus
414 2429 558 2508 prouisio
582 2428 650 2494 lteri
677 2429 809 2497 ualeret,
834 2429 904 2510 ipse
931 2429 1143 2509 predecessor
1163 2427 1390 2494 Vniuersitatis

304 2527 460 2603 eiusdem,
486 2543 523 2591 ae
546 2527 738 2592 dilectorum
763 2527 899 2592 tiliorum
924 2527 1041 2592 nobilis
1064 2527 1123 2590 viri
1149 2526 1283 2607 Philippi
1308 2525 1391 2591 Bur-

303 2626 422 2707 gnndie
437 2634 469 2690 et
485 2625 659 2690 Brabancie
676 2625 771 2690 [lucis
786 2644 823 2690 ac
839 2627 1163 2708 Burgimagistrorum
1177 2625 1391 2690 scabinorum

322 2725 326 2806 Ι
346 2725 519 2789 Consulum
533 2736 564 2789 et
577 2723 748 2789 Rectorem
765 2726 857 2805 Opidi
875 2742 998 2790 necnon
1016 2725 1102 2791 illius
1118 2735 1150 2790 et
1165 2723 1262 2806 studij
1281 2725 1395 2789 buius-

305 2823 390 2888 modi
409 2823 579 2888 [lectorum
596 2825 886 2904 supplicationibus
902 2825 1086 2898 inclinatus,
1101 2841 1157 2904 per
1173 2840 1250 2888 suas
1267 2823 1392 2888 litteras

304 2922 432 2988 dilectis
448 2921 523 3003 liliis
539 2923 651 2986 Abbati
671 2924 852 3004 llonasterij
871 2925 962 2990 beate
978 2923 1075 2988 llarle
1099 2922 1391 3003 lliddelburgensis

304 3021 520 3086 Tmlectensis
546 3021 686 3088 diocesis
712 3034 744 3086 et
772 3023 889 3102 Prepe-
907 3020 913 3103 Ι
933 3021 996 3086 sito
1023 3021 1125 3085 sancti
1155 3020 1237 3085 Petri
1263 3019 1392 3085 Traiec-

306 3119 407 3186 tensis
424 3136 461 3183 ac
479 3153 499 3184 .·.
518 3119 753 3185 drclridiacono
768 3119 1005 3201 antwerpiensi
1024 3118 1266 3184 Cameracensis
1285 3118 1392 3184 eccle-

303 3218 438 3292 siarum,
468 3219 651 3284 nominibus
672 3235 784 3284 eurum
809 3219 948 3299 proprijs
972 3235 1036 3284 non
1058 3218 1223 3298 expressis
1245 3217 1335 3282 dedit
1357 3217 1391 3280 in

306 3318 476 3391 mandatis,
496 3328 529 3382 ut
549 3318 610 3398 ipsi
627 3319 677 3384 uel
693 3320 757 3384 duo
772 3330 827 3384 aut
841 3337 924 3384 vnus
940 3335 1050 3384 eorum
1068 3319 1095 3382 si
1112 3333 1169 3398 per
1184 3315 1391 3382 summarium

306 3417 562 3482 informationem
586 3435 684 3499 super
707 3417 767 3499 bijs
795 3435 851 3498 per
877 3435 933 3483 eos
952 3419 957 3501 Ι
977 3417 1192 3497 recipiendam
1220 3417 1287 3480 lore
1314 3431 1391 3480 uera

306 3516 463 3595 premissa
485 3517 676 3595 reperirent,
694 3517 734 3582 da
757 3517 983 3583 llacltendouel
1000 3517 1093 3580 culus
1109 3515 1218 3596 viginti
1235 3514 1389 3595 quinque,

305 3614 345 3678 de
370 3613 529 3680 ttolsbete
551 3615 646 3680 cuius
668 3617 779 3680 decem
805 3625 836 3680 et
859 3631 988 3690 nouem,
1011 3615 1051 3679 de
1073 3613 1230 3678 Curtbeltc
1252 3612 1393 3678 Ouerloc

305 3713 398 3778 cuius
421 3713 576 3802 sedenim,
593 3715 633 3781 de
650 3715 809 3782 Lintberis
826 3715 968 3782 interiori
986 3715 1078 3780 cuius
1095 3715 1222 3796 triginta
1238 3721 1389 3794 quatuor,

305 3811 346 3877 de
373 3811 490 3877 Buexel
513 3815 550 3890 (ll
580 3815 672 3882 ouius
702 3815 801 3880 eciam
829 3815 940 3881 decem
959 3815 964 3897 l
984 3823 1016 3880 et
1042 3829 1158 3878 nouem
1186 3811 1390 3876 marcharum

305 3899 441 3992 argenti,
458 3928 582 3978 necnon
598 3914 638 3978 de
653 3913 769 3979 Brecbt
785 3915 877 3979 ouius
894 3911 1077 3995 nonaginta,
1089 3911 1129 3976 de
1145 3909 1282 3986 Sabelle,
1297 3908 1393 3976 cuius

304 4177 307 4182 .
342 4125 383 4198 (l)
402 4127 480 4182 Lisez
493 4127 610 4184 Kneeu.
