3260 4944
664 424 848 494 -333-

203 607 349 690 prosequi
376 605 587 679 intermittam,
612 604 672 666 uisi
700 604 738 666 tte
762 606 909 668 mandato
939 604 1055 670 domitii
1085 604 1219 668 Restatis
1249 603 1295 667 uel

142 760 148 775 .
210 703 439 776 Universilutis,·
465 719 563 782 neque
588 704 679 766 ellan
704 699 854 766 salarium
885 703 1010 786 aliquod
1035 721 1054 764 a
1077 711 1167 784 parte
1191 703 1296 784 aliqua

206 806 342 884 eriqam,
359 803 421 864 alsi
436 799 515 863 illud
536 801 630 880 suerit
646 800 722 864 mihi
741 819 797 884 pat·
810 803 970 866 dominum
987 803 1143 866 Rectorem
1158 801 1204 865 nal
1222 802 1295 866 Uni·

210 903 379 968 seruitutem
403 907 564 970 tanatum,-
582 900 682 962 uullos
696 917 837 964 extorsus
852 901 898 964 uel
921 900 1036 964 doliola
1051 899 1217 974 occultabo,
1234 901 1295 962 inno

210 1002 267 1063 illa
288 1000 450 1080 oliliqenler
465 999 619 1080 inquiram
644 1003 672 1061 el
685 1016 864 1080 prosequor,
881 989 917 1062 aa
929 1017 1059 1080 poenas,
1076 1000 1108 1062 t'n
1131 1016 1208 1079 quas
1223 1017 1295 1078 sup·

210 1099 310 1182 posita
326 1097 539 1162 Urtitvensllatir
550 1097 597 1159 uel
608 1096 662 1160 olii
675 1099 793 1160 ratione
804 1104 984 1160 statutorum
997 1098 1044 1160 uel
1055 1115 1094 1160 aa
1105 1097 1299 1160 otulinatt'one

214 1197 351 1262 flectaris
362 1195 408 1258 uel
423 1195 636 1260 llninersitatis
652 1196 820 1270 induerint,
833 1200 901 1259 sirie
913 1199 1085 1277 arreptione
1097 1213 1298 1277 personarum

211 1298 335 1376 ¹ean'qere
350 1311 410 1358 nau
427 1297 574 1366 omittam,
588 1312 643 1357 ner
655 1294 773 1375 aliquid
787 1312 826 1358 aa
835 1313 935 1376 poeria
951 1293 997 1358 uel
1006 1281 1190 1376 paenitentia
1205 1292 1299 1357 altoui

213 1395 352 1476 imposita
368 1393 513 1472 mitiqnbo
529 1393 574 1455 uel
589 1392 747 1456 relaxabo,

256 1523 286 1590 9.
311 1526 482 1590 Promotou
497 1525 628 1588 domino
644 1524 774 1590 Reotari
799 1525 830 1588 in
847 1525 946 1588 linitis
962 1535 992 1589 et
1008 1525 1154 1590 honestis
1178 1535 1300 1604 pareat,

214 1625 385 1706 ipsumque
401 1624 565 1687 dominum
584 1623 752 1688 Rectorem
769 1625 801 1686 ln
816 1623 1080 1704 processionibus
1097 1622 1301 1703 singulisque

214 1725 351 1800 antibus,
366 1725 403 1787 ad
421 1739 503 1804 quos
519 1723 670 1788 doctores
682 1740 754 1788 auin
770 1723 941 1788 licentiatis
954 1731 1119 1804 rogantur,
1134 1733 1301 1803 sequatur,

216 1825 359 1904 ipsisque
386 1821 574 1886 doctoribus
598 1831 629 1886 et
653 1822 826 1886 licentiatis
853 1822 1008 1886 honorem
1031 1831 1063 1886 et
1090 1823 1301 1887 reverentiam

215 1922 376 1987 exhibeat.

259 2053 289 2116 3.
313 2052 455 2133 Singulis
477 2051 592 2115 diebus
616 2051 677 2126 bis,
696 2053 796 2116 semel
820 2051 1061 2137 videlicetante
1084 2052 1250 2133 prandium
1272 2061 1304 2116 et

218 2153 334 2221 iterum
350 2162 424 2230 post
447 2151 614 2232 prandium
640 2168 675 2215 se
692 2151 838 2216 exhibeat
858 2150 989 2216 domino
1006 2151 1147 2226 heutoni,
1165 2167 1302 2232 eumque

217 2253 395 2330 interroget
414 2267 453 2312 an
478 2251 649 2330 quidquam
675 2267 731 2328 per
754 2266 826 2314 eum
850 2250 932 2314 obiri
955 2251 1047 2323 vetit;
1069 2267 1128 2314 nea
1151 2250 1302 2330 oppidum

217 2349 417 2413 bononiense
440 2365 600 2428 quoquam
623 2357 725 2422 exeat,
746 2348 807 2412 nisi
830 2347 962 2427 speciali
986 2352 1127 2427 desuper
1151 2349 1247 2428 petita
1274 2359 1306 2412 et

215 2449 345 2513 obtenta
362 2447 489 2512 lieentia
513 2447 631 2512 domini
649 2446 809 2521 Bostaris,
827 2449 888 2511 sub
906 2464 1007 2528 poena
1032 2446 1251 2512 destitutionis
1267 2451 1306 2510 ab

219 2546 336 2620 affinio,
354 2548 438 2628 quad
457 2565 494 2610 eo
510 2548 582 2627 ipsu
599 2546 800 2628 impetrabile
816 2546 888 2610 erit.

262 2677 294 2740 l.
318 2675 465 2742 Omnium
492 2687 524 2742 et
545 2679 746 2758 singulorum
774 2678 907 2751 abusus,
932 2693 1098 2749 excessus,
1124 2688 1306 2759 transgres-

224 2775 334 2840 siones
349 2786 381 2842 et
396 2777 511 2840 delicta
528 2793 748 2858 quaecumque
764 2776 895 2842 domiuo
909 2775 1038 2840 Reotori
1055 2776 1222 2841 denuntiet
1237 2777 1307 2841 sine

216 2875 412 2956 -exoeptlone
434 2874 665 2956 cujuscumque
687 2885 741 2940 aut
759 2875 1032 2948 dissimulatione;
1054 2875 1171 2938 nnllam
1195 2886 1307 2940 eontra

224 2989 415 3054 quemquam
440 2977 708 3053 praeparatorium
732 2973 989 3038 informationem
1013 2973 1127 3053 capiat,
1148 2984 1202 3038 aut
1220 2973 1307 3054 judi·

224 3072 347 3136 uialiter
364 3074 515 3151 procedat
530 3073 579 3136 vel
597 3088 613 3136 a
630 3073 685 3136 lite
699 3081 812 3152 coepta
828 3072 973 3142 desistat.
992 3072 1062 3136 sine
1075 3070 1168 3151 jussu
1185 3073 1308 3136 domini

221 3169 385 3234 Remuria.
405 3169 438 3233 ln
455 3170 610 3251 capienda
630 3170 854 3234 informatione
871 3187 929 3250 pro
944 3170 1088 3250 quolibet
1103 3179 1184 3234 teste
1200 3171 1310 3236 audito

227 3270 340 3333 haheat
355 3269 438 3334 duos
453 3269 606 3344 stateras,
625 3277 656 3333 ot
672 3269 816 3332 statarius
832 3279 968 3348 quatuor
984 3269 1136 3333 stateras.

269 3401 299 3463 5.
326 3400 493 3464 Promotor
515 3399 653 3478 singulis
677 3399 840 3478 nostibus,
857 3399 974 3480 quibus
997 3399 1027 3463 id
1051 3399 1202 3479 expedire
1224 3401 1311 3464 uide·

228 3497 325 3574 bitur,
352 3515 425 3564 oum
455 3499 612 3564 ministris
640 3497 866 3564 Universitatis
892 3497 1014 3578 plateas
1042 3497 1237 3574 obambulet,
1265 3499 1313 3563 sia

221 3606 333 3661 *tamen
350 3609 501 3679 utquam
519 3599 650 3679 propria
667 3606 753 3662 motu
770 3597 956 3662 obambulat
970 3607 1002 3662 et
1019 3598 1178 3662 neminem
1196 3613 1310 3678 appre-

229 3696 350 3772 hendit,
382 3712 540 3776 expensas
570 3699 666 3770 l'erat;
698 3711 795 3777 qaum
825 3712 903 3762 vero
933 3713 971 3760 ex
1001 3695 1132 3775 speciali
1163 3696 1313 3761 mandato

228 3795 349 3860 domini
372 3795 522 3882 heutonis
547 3795 731 3860 obambulat
758 3805 792 3860 et
822 3794 981 3860 nominem
1010 3795 1234 3875 apprehendit,
1258 3811 1313 3861 ex·

230 3911 347 3976 pensas
363 3896 463 3960 tantas
477 3895 582 3962 solvat
598 3893 810 3972 Universitas.

272 4025 304 4089 6.
328 4027 497 4092 l'ramotor
509 4041 566 4107 per
580 4025 745 4091 dominum
758 4025 928 4090 Rectorem
942 4025 1066 4106 iussus,
1082 4033 1176 4091 noeto
1195 4025 1318 4106 plateas

233 4123 417 4190 obambulet
448 4141 521 4190 aum
554 4134 701 4206 praetore
726 4124 776 4189 vel
800 4125 871 4189 sine
898 4133 1058 4204 praetore,
1087 4124 1182 4190 modo
1208 4135 1314 4189 tamen

227 4222 384 4290 hominus
406 4225 524 4292 hector
546 4223 747 4306 tempestive,
765 4231 839 4306 puta
863 4222 966 4290 tribus
987 4232 1043 4289 aut
1064 4233 1203 4305 quatuor
1224 4223 1317 4289 boris
