3236 4944
742 519 778 530 -
803 459 938 547 (το-ἑ

292 663 452 746 privilege,
476 663 626 727 toutefois
648 684 724 727 sous
746 665 897 728 certaines
923 663 1113 728 conditione.
1141 667 1184 728 Le
1208 664 1311 729 ddecet
1336 664 1377 728 de

294 763 440 846 Philipps
463 762 491 826 le
508 765 595 826 Beau
611 763 716 828 relatil
726 762 745 826 i
759 776 807 828 cet
824 763 908 846 objct
923 777 968 827 est
983 763 1025 826 du
1044 784 1077 828 21
1097 763 1259 827 decembre
1279 767 1374 840 15003

291 885 373 929 nous
394 884 433 927 en
455 863 603 928 donnons
625 866 652 928 lc
676 877 757 929 texte
778 865 966 942 ci-dessous,
983 885 1021 928 en
1045 866 1073 928 le
1095 866 1210 929 faisant
1231 867 1376 948 pre‘cdder

292 963 388 1027 d’une
412 965 490 1026 serie
515 962 672 1028 d'extraits
693 963 748 1028 des
769 965 867 1028 Actes
888 963 926 1028 de
948 964 1161 1041 l'Universite‚
1185 965 1376 1032 renfermant

294 1064 338 1126 les
353 1061 577 1127 deliberations
592 1065 647 1146 qui
662 1077 772 1128 curent
787 1063 849 1127 lieu
865 1063 883 1126 d
898 1074 977 1128 cette
991 1065 1149 1128 occasion.
1367 1055 1372 1066 '

313 1209 316 1217 ¹
333 1259 373 1324 m
389 1261 549 1326 noveno-e
565 1261 656 1326 troo.
674 1261 989 1328 ceommundum
1006 1261 1156 1329 riorenor
1173 1247 1375 1342 (tarren'vn.

334 1448 348 1486 ι
369 1425 425 1492 llie
438 1425 525 1508 iouis
541 1426 593 1491 xix
612 1425 798 1492 nouembris
810 1425 931 1508 sudicta
947 1426 1006 1492 luit
1021 1427 1231 1510 congregatio¹
1248 1427 1375 1494 uniuer-

293 1524 399 1590 sitatis
423 1542 480 1606 per
498 1525 715 1606 iuramentum
739 1526 816 1590 bora
840 1527 976 1606 septima
998 1526 1038 1592 de
1061 1543 1153 1592 mane
1171 1527 1253 1606 apud
1270 1526 1375 1592 locum

295 1623 502 1706 capitularem
529 1625 730 1705 superiorem
757 1623 894 1690 ecclesie
920 1624 1021 1706 sanctj
1052 1623 1134 1706 Petrj
1165 1624 1393 1691 Louanieasis

295 1738 394 1804 super
410 1721 471 1804 bijs
487 1723 644 1788 articulis.

338 1821 416 1886 «nd
444 1821 637 1890 audiendum
665 1821 776 1903 relerrj
806 1839 863 1904 per
886 1822 1050 1887 dominum
1073 1822 1244 1888 Rectorem
1266 1821 1376 1887 condi·

296 1919 402 1986 tiones
417 1920 533 2001 quibus
550 1921 763 1986 mediantibus
778 1921 1020 1986 conseruatoria
1037 1919 1253 1986 uniuersitatis
1271 1921 1377 1986 denuo

295 2034 426 2084 cursum
443 2018 571 2084 babebit
586 2026 617 2084 et
633 2018 712 2083 alias
729 2035 805 2096 nou,
822 2027 853 2084 at
869 2019 908 2083 ad
925 2018 1167 2084 deliberandum
1183 2019 1335 2101 desuper.

341 2238 355 2276 t
374 2216 532 2291 Quantum
555 2216 593 2281 ad
611 2215 748 2298 primurn
765 2217 934 2282 articulum
951 2217 1093 2284 narrauit
1108 2216 1257 2282 dominus
1273 2226 1378 2282 rector

297 2316 434 2398 qualiter
460 2315 498 2380 ad
528 2315 786 2381 sollicitationem
816 2325 847 2380 et
876 2315 1072 2397 diligentiam
1104 2315 1246 2396 magistri
1277 2315 1379 2380 nostri

298 2413 398 2480 Bellis
417 2416 455 2492 (l)
475 2423 506 2480 et
529 2414 643 2480 notarii
668 2414 886 2479 uniuersitatis
907 2415 944 2492 (i)
964 2413 1206 2494 illustrissimus
1229 2415 1379 2479 dominus

297 2521 409 2578 noster
420 2512 573 2578 archidux
585 2529 679 2596 suum
692 2521 994 2593 appurrctamentum
1007 2513 1095 2576 dedit
1107 2511 1142 2593 jn
1159 2512 1380 2594 scriptisque

300 2609 458 2676 mediante
470 2627 508 2674 ac
520 2611 579 2674 sub
595 2609 836 2674 conditionibus
846 2609 881 2690 jn
894 2609 1007 2674 eodem
1020 2609 1144 2690 inserto
1157 2610 1196 2688 (3)
1212 2627 1382 2676 conserua·

300 2709 382 2774 toria
398 2708 504 2772 denuo
519 2723 648 2772 cursum
666 2707 810 2782 babebit;
828 2709 912 2789 quod
930 2708 1057 2789 quidem
1079 2718 1382 2788 apponctamentum

301 2821 436 2870 unacum
466 2806 700 2887 supplicatione
726 2806 845 2887 ibidem
872 2807 953 2872 lecta
981 2802 1266 2882 luerunt.'Quibus
1292 2809 1383 2873 lectis

302 2903 567 2985 posuitdominus
581 2913 689 2970 rector
701 2905 736 2987 jn
749 2905 1033 2970 deliberationibus
1046 2906 1250 2970 dominorum
1263 2906 1337 2988 quid
1348 2905 1382 2988 jn

303 3002 487 3069 huiusmodi
504 3003 632 3085 nogotio
650 3003 827 3068 laciendum
844 3003 916 3076 erit,
934 3011 964 3068 et
979 3020 1018 3066 an
1036 3003 1159 3084 placeat
1178 3004 1263 3085 quod
1287 3004 1382 3086 aliquj

304 3101 467 3168 mittantur
489 3101 528 3166 ad
552 3101 869 3170 Reuerendissimum
889 3089 1053 3168 dominum
1070 3102 1270 3168 Bisontinum
1288 3102 1384 3182 lllad

338 3326 374 3400 (Ι)
394 3325 507 3382 Nicolas
530 3326 564 3381 de
585 3323 686 3394 Hellis‚
707 3327 741 3381 de
761 3325 937 3398 Duulaerque,
959 3325 1113 3396 prolesssur
1132 3324 1166 3380 de
1185 3325 1212 3378 la
1232 3321 1333 3380 laeultd
1352 3324 1387 3378 de

299 3417 449 3488 theologie.

337 3509 374 3582 (2)
394 3509 462 3564 Jean
476 3507 621 3578 Vullincla‚
636 3509 670 3566 de
685 3508 817 3571 Lautam,
833 3507 900 3563 suit
915 3511 931 3561 d
944 3523 975 3562 ca
988 3510 1111 3561 mouleut
1125 3505 1232 3562 uotaire
1244 3523 1279 3561 ou
1298 3504 1386 3561 sacre·

301 3599 371 3655 taire
385 3601 418 3655 de
432 3599 617 3656 l'Universilb.

338 3691 377 3760 (3)
397 3689 474 3745 Lissa
487 3696 611 3747 insertis.

338 3781 376 3852 (t)
397 3781 527 3848 Franpois
548 3781 706 3845 Butlaidan,
722 3778 884 3852 precepteur
903 3781 937 3834 da
951 3777 1100 3834 l’arehiduc
1115 3776 1244 3850 Philipps
1258 3779 1284 3833 le
1297 3781 1384 3844 Banu,

301 3869 471 3944 archevdqus
495 3872 529 3924 de
552 3871 693 3939 Besaupon
716 3871 811 3942 depuis
838 3870 917 3935 llas,
933 3877 1004 3925 mort
1027 3877 1043 3923 a
1065 3869 1167 3924 Toldde
1187 3885 1223 3923 au
1245 3869 1383 3939 Espague.

303 3961 395 4032 Voyez
410 3979 446 4015 au
461 3965 534 4033 sujat
547 3963 581 4018 ds
596 3964 623 4017 ls
638 3963 742 4016 lamille
756 3963 789 4016 de
803 3963 970 4029 Busleiden3
986 3961 1013 4015 1⁰
1026 3961 1169 4023 oidessus,
1195 3961 1241 4022 lv,
1266 3978 1293 4030 p.
1313 3959 1385 4026 4953

302 4051 332 4106 2ο
352 4052 384 4107 F.
407 4053 495 4115 ΝΜ,
511 4055 646 4108 Mdmolrc
660 4071 710 4108 sur
723 4060 748 4109 le
760 4058 858 4120 colltpe
870 4060 917 4108 des
933 4053 1163 4119 Trois-Lamprus,
1179 4069 1226 4122 pp.
1242 4050 1278 4107 38
1291 4055 1317 4104 al
1332 4051 1388 4104 373

301 4143 381 4213 (daus
403 4143 443 4197 las
465 4145 611 4200 memorre
636 4148 790 4200 couronne's
815 4151 848 4200 de
874 4146 1037 4200 l'rlcaddmle
1062 4149 1095 4198 de
1124 4145 1276 4207 Bracaros,
1303 4141 1386 4204 in-c.

302 4231 431 4299 xxvllt,
448 4235 534 4292 Brux.
556 4236 645 4308 1856).
