3222 4944
681 461 868 528 -ttlti-

271 645 370 712 bolus
393 644 446 709 ille
470 644 565 709 modo
589 643 623 708 tlt
639 643 710 708 sine
724 645 787 709 ulla
804 643 1007 709 solemnitate
1025 662 1032 709 :
1052 650 1172 709 tantum
1189 661 1317 726 compa·

231 753 300 810 rent
317 752 394 819 tres,
412 743 536 808 scilicet
552 743 742 826 praesidens
765 761 836 809 cnm
861 743 1038 809 biredando
1062 752 1095 809 et
1119 753 1317 826 proponente

231 843 470 924 quaestionem
494 854 526 906 et
550 842 625 907 nulli
650 841 703 923 uui
720 841 750 905 in
769 843 972 922 philosophia
991 843 1126 924 promoti
1144 851 1230 922 sunt,
1248 852 1318 909 esto

178 987 182 992 -
232 957 270 1005 cx
287 939 405 1004 ultimis
421 940 549 1019 luerint,
567 940 606 1005 ab
622 941 678 1006 illo
692 950 764 1005 ectu
781 941 1014 1016 excluduutnra
1041 957 1097 1021 per
1121 958 1215 1022 ouem
1240 942 1319 1006 liurrt

231 1055 367 1121 capaces
384 1039 637 1104 nominationum
653 1038 691 1102 ad
709 1039 880 1104 beneficia.

271 1137 376 1219 Aliqui
390 1137 507 1204 vellent
521 1137 562 1202 ab
578 1138 633 1202 illo
650 1146 721 1202 actu
738 1137 864 1202 excludi
880 1136 1012 1219 ignaros
1025 1145 1058 1216 et
1072 1137 1268 1202 novissimos
1285 1137 1317 1200 in

233 1237 445 1318 promotione,
462 1237 535 1319 quia
559 1237 719 1318 perillum
736 1237 831 1301 etiam
849 1236 1016 1301 novissimi
1034 1236 1173 1303 senioris
1190 1253 1319 1318 promo·

232 1335 328 1400 lionin
345 1337 527 1416 praevalent
542 1335 573 1399 in
591 1333 864 1401 nominationibus
879 1335 1080 1400 doctissimis
1096 1344 1128 1402 et
1150 1334 1320 1400 linealibus

228 1434 367 1516 iunioris
384 1435 614 1515 promotionis;
633 1433 717 1515 orrod
735 1443 845 1514 putant
861 1451 935 1500 esse
952 1434 1176 1516 incongruum.

273 1533 333 1596 alti
369 1533 493 1607 timent,
524 1534 552 1598 sl
584 1533 663 1598 tales
693 1531 724 1595 in
755 1533 954 1598 biredatione
984 1532 1205 1607 excludantur,
1234 1534 1317 1614 quod

233 1631 341 1713 plures
365 1649 427 1698 non
453 1631 735 1713 promovebuntur,
757 1631 821 1696 imo
845 1633 940 1696 etiarn
965 1632 1064 1712 probe
1086 1631 1171 1697 docti
1194 1633 1318 1696 abstra-

233 1732 349 1796 hentur
372 1748 388 1795 a
413 1731 626 1812 promotione,
644 1731 792 1796 timentes
817 1748 855 1796 ne
879 1731 909 1794 in
935 1747 1102 1796 nnmerum
1127 1730 1317 1795 novissimo·

232 1847 303 1895 rum
330 1829 559 1905 detrudantur;
588 1831 699 1912 sicque
726 1847 878 1895 numerus
907 1829 1198 1911 promovendorum
1227 1829 1318 1894 valde

235 1929 441 1995 diminuetur.

276 2027 337 2090 Alii
360 2026 504 2108 judicant
529 2037 633 2093 actrrm
660 2028 870 2093 biredationis
894 2027 1073 2093 solemnius
1096 2026 1214 2094 debere
1237 2026 1318 2102 deri,

235 2135 279 2202 et,
297 2125 392 2190 sicuti
408 2126 440 2190 in
458 2125 520 2191 tine
535 2127 655 2191 biennii
671 2143 796 2201 omnes,
813 2126 866 2208 qul
890 2127 928 2190 ad
952 2125 1112 2191 licentiam
1137 2127 1318 2206 promoveri

236 2223 357 2298 nolunt,
397 2225 492 2290 simul
531 2235 771 2306 promoventur,
809 2225 857 2289 sio
894 2224 987 2289 etiam
1024 2241 1138 2289 omncs
1175 2223 1320 2305 eiusdem

235 2323 362 2405 collegii
387 2341 449 2390 ono
473 2324 525 2389 die
545 2333 577 2388 et
592 2324 705 2412 eodem
721 2333 792 2388 ectu
810 2322 970 2387 doctorari
987 2339 1044 2388 seu
1061 2321 1207 2403 byredari
1225 2321 1320 2387 debe-

236 2431 326 2496 rent;
352 2431 384 2487 et
406 2422 458 2504 qui
487 2439 550 2486 non
577 2431 775 2502 comparent,
792 2431 980 2503 sequentem
1006 2437 1125 2486 aunum
1152 2429 1323 2502 expectare

156 2582 160 2591 .
235 2520 400 2586 deberent.
420 2520 456 2584 llt
478 2521 630 2586 estimant
652 2521 736 2586 diem
760 2520 917 2603 assignari
939 2537 1037 2602 posse
1053 2537 1111 2602 pro
1128 2537 1321 2602 unoquoque

236 2619 413 2701 pedagogio
429 2618 531 2702 pridie
548 2629 640 2684 actus
656 2618 931 2684 determinantiae.

275 2781 455 2850 iudicarem
471 2784 644 2851 convenire
662 2793 694 2849 ut
710 2784 947 2850 ordonnaretur
963 2783 1148 2866 regentibus
1164 2791 1195 2848 et
1211 2782 1318 2863 provi-

234 2883 364 2948 soribus
388 2883 650 2966 pedagogiorum,
669 2893 701 2948 ut
723 2899 783 2948 una
800 2899 872 2948 cum
888 2883 1048 2963 aliquibus
1065 2881 1315 2963 prolessoribus,

235 2981 466 3047 interveniente
480 2984 614 3046 Recture
627 2981 853 3046 Uuirersilatis
865 2990 918 3046 aut
930 2981 994 3046 alio
1010 2997 1026 3044 a
1043 2981 1105 3046 Sua
1122 2980 1317 3046 Excellentia

236 3079 430 3160 deputando,
456 3098 553 3160 super
585 3081 756 3160 praedictis
782 3081 1023 3146 difficultatibus
1049 3080 1262 3146 deliberarent
1287 3087 1319 3144 et

235 3178 329 3242 simul
346 3179 586 3252 concluderent,
603 3187 634 3244 et
653 3179 684 3242 in
708 3179 837 3244 statutis
860 3179 1018 3244 lacoltatis
1041 3179 1156 3243 artium
1179 3178 1319 3260 desuper

235 3285 388 3342 statutum
419 3277 570 3354 lacerent,
598 3277 692 3344 sicuti
722 3287 753 3343 et
783 3279 823 3343 de
852 3295 891 3343 eo
922 3287 1028 3343 utrum
1055 3293 1118 3342 non
1148 3277 1319 3342 conveniat

234 3374 431 3458 stipendiare
456 3375 680 3458 subrogantes,
698 3377 750 3458 qui
778 3393 864 3442 nunc
890 3377 970 3442 solis
997 3375 1125 3441 mulctis
1152 3376 1318 3452 truentum

234 3483 265 3540 et
305 3473 439 3540 mulctes
479 3475 641 3556 applicare
681 3476 798 3542 sacello
841 3475 1037 3558 predagogtt,
1071 3474 1156 3557 quod
1197 3473 1318 3561 diuersi

234 3571 397 3639 estimant.

752 3706 804 3770 at.

275 3853 352 3918 ltem
382 3853 528 3920 Visiletio
558 3855 624 3920 volt
653 3854 807 3920 obseruari
831 3854 986 3934 liacultolis
1011 3859 1317 3938 stolato,.puolenus

232 3955 298 4016 suls
313 3953 558 4018 ordinationibus
574 3972 633 4017 riou
649 3959 831 4036 repupuonl,
850 3962 914 4018 clc.

274 4099 379 4181 aliqui
406 4111 648 4182 conqueruntur
673 4101 758 4184 quod
785 4101 919 4167 lacultas
949 4100 1064 4165 artium
1095 4100 1169 4166 talia
1200 4109 1318 4166 statuta

234 4197 330 4272 cudat
351 4207 382 4263 et
406 4199 547 4275 recedat,
571 4209 664 4280 prout
687 4201 774 4265 libet.
796 4199 950 4265 Consistit
970 4199 1002 4263 in
1028 4215 1161 4265 numero
1183 4197 1224 4262 ts
1247 4216 1319 4282 per-
