<?xml version="1.0" encoding="UTF-8"?>
<!DOCTYPE html PUBLIC "-//W3C//DTD XHTML 1.0 Transitional//EN"
    "http://www.w3.org/TR/xhtml1/DTD/xhtml1-transitional.dtd">
<html xmlns="http://www.w3.org/1999/xhtml" xml:lang="en" lang="en">
 <head>
  <title>
</title>
<meta http-equiv="Content-Type" content="text/html;charset=utf-8" />
  <meta name='ocr-system' content='tesseract 3.04.00' />
  <meta name='ocr-capabilities' content='ocr_page ocr_carea ocr_par ocr_line ocrx_word'/>
</head>
<body>
  <div class='ocr_page' id='page_1' title='image "./documentsrelati00reusgoog_0382.png"; bbox 0 0 3260 4944; ppageno 0'>
   <div class='ocr_carea' id='block_1_1' title="bbox 700 397 952 492">
    <p class='ocr_par' dir='ltr' id='par_1_1' title="bbox 700 397 952 492">
     <span class='ocr_line' id='line_1_1' title="bbox 700 397 952 492; baseline -0.004 -1"><span class='ocrx_word' id='word_1_1' title='bbox 700 429 703 434; x_wconf 89' lang='lat'>·</span> <span class='ocrx_word' id='word_1_2' title='bbox 767 397 952 492; x_wconf 37' lang='lat' dir='ltr'>-anla</span> 
     </span>
    </p>
   </div>
   <div class='ocr_carea' id='block_1_2' title="bbox 303 601 1405 3061">
    <p class='ocr_par' dir='ltr' id='par_1_2' title="bbox 303 601 1405 3061">
     <span class='ocr_line' id='line_1_2' title="bbox 353 601 1400 673; baseline -0.002 -3"><span class='ocrx_word' id='word_1_3' title='bbox 353 609 395 671; x_wconf 82' lang='lat' dir='ltr'>Le</span> <span class='ocrx_word' id='word_1_4' title='bbox 426 605 605 672; x_wconf 81' lang='lat' dir='ltr'>Cdcnceller</span> <span class='ocrx_word' id='word_1_5' title='bbox 637 607 675 670; x_wconf 83' lang='lat' dir='ltr'>de</span> <span class='ocrx_word' id='word_1_6' title='bbox 703 605 907 672; x_wconf 78' lang='lat' dir='ltr'>l&#39;llnloerene.</span> <span class='ocrx_word' id='word_1_7' title='bbox 942 607 1163 673; x_wconf 71' lang='lat' dir='ltr'>«Garrrellarii</span> <span class='ocrx_word' id='word_1_8' title='bbox 1194 601 1337 671; x_wconf 86' lang='lat' dir='ltr'>secunda</span> <span class='ocrx_word' id='word_1_9' title='bbox 1369 602 1400 668; x_wconf 90' lang='lat' dir='ltr'>id</span> 
     </span>
     <span class='ocr_line' id='line_1_3' title="bbox 312 705 1402 787; baseline -0.003 -16"><span class='ocrx_word' id='word_1_10' title='bbox 312 705 481 772; x_wconf 73' lang='lat' dir='ltr'><strong>Academia</strong></span> <span class='ocrx_word' id='word_1_11' title='bbox 498 705 638 786; x_wconf 81' lang='lat' dir='ltr'>dignitas</span> <span class='ocrx_word' id='word_1_12' title='bbox 654 715 715 779; x_wconf 86' lang='lat' dir='ltr'>est,</span> <span class='ocrx_word' id='word_1_13' title='bbox 734 705 828 787; x_wconf 87' lang='lat' dir='ltr'>eique</span> <span class='ocrx_word' id='word_1_14' title='bbox 844 707 1010 787; x_wconf 88' lang='lat' dir='ltr'>proximus</span> <span class='ocrx_word' id='word_1_15' title='bbox 1025 724 1042 771; x_wconf 89' lang='lat' dir='ltr'>a</span> <span class='ocrx_word' id='word_1_16' title='bbox 1059 709 1195 772; x_wconf 84' lang='lat' dir='ltr'>Rectore</span> <span class='ocrx_word' id='word_1_17' title='bbox 1211 707 1243 769; x_wconf 92' lang='lat' dir='ltr'>in</span> <span class='ocrx_word' id='word_1_18' title='bbox 1259 721 1402 771; x_wconf 86' lang='lat' dir='ltr'>conven-</span> 
     </span>
     <span class='ocr_line' id='line_1_4' title="bbox 314 803 1405 887; baseline -0.002 -18"><span class='ocrx_word' id='word_1_19' title='bbox 314 805 399 869; x_wconf 81' lang='lat' dir='ltr'>tibus</span> <span class='ocrx_word' id='word_1_20' title='bbox 421 813 516 885; x_wconf 87' lang='lat' dir='ltr'>atque</span> <span class='ocrx_word' id='word_1_21' title='bbox 538 803 764 877; x_wconf 79' lang='lat' dir='ltr'>consessibus,</span> <span class='ocrx_word' id='word_1_22' title='bbox 788 805 857 870; x_wconf 87' lang='lat' dir='ltr'>siro</span> <span class='ocrx_word' id='word_1_23' title='bbox 881 806 1021 887; x_wconf 87' lang='lat' dir='ltr'>publicis</span> <span class='ocrx_word' id='word_1_24' title='bbox 1047 807 1115 870; x_wconf 86' lang='lat' dir='ltr'>sive</span> <span class='ocrx_word' id='word_1_25' title='bbox 1143 804 1286 886; x_wconf 86' lang='lat' dir='ltr'>privatis,</span> <span class='ocrx_word' id='word_1_26' title='bbox 1314 804 1405 868; x_wconf 87' lang='lat' dir='ltr'>locus</span> 
     </span>
     <span class='ocr_line' id='line_1_5' title="bbox 313 903 1404 986; baseline -0.003 -18"><span class='ocrx_word' id='word_1_27' title='bbox 313 905 418 978; x_wconf 86' lang='lat' dir='ltr'>datur,</span> <span class='ocrx_word' id='word_1_28' title='bbox 448 903 543 968; x_wconf 87' lang='lat' dir='ltr'>unico</span> <span class='ocrx_word' id='word_1_29' title='bbox 573 911 694 968; x_wconf 90' lang='lat' dir='ltr'>lentum</span> <span class='ocrx_word' id='word_1_30' title='bbox 724 919 801 968; x_wconf 85' lang='lat' dir='ltr'>casu</span> <span class='ocrx_word' id='word_1_31' title='bbox 828 914 977 986; x_wconf 83' lang='lat' dir='ltr'>excepto.</span> <span class='ocrx_word' id='word_1_32' title='bbox 1006 905 1135 986; x_wconf 90' lang='lat' dir='ltr'>qnando</span> <span class='ocrx_word' id='word_1_33' title='bbox 1165 903 1292 969; x_wconf 86' lang='lat' dir='ltr'>scilicet</span> <span class='ocrx_word' id='word_1_34' title='bbox 1321 903 1404 967; x_wconf 93' lang='lat' dir='ltr'>idem</span> 
     </span>
     <span class='ocr_line' id='line_1_6' title="bbox 313 1000 1405 1084; baseline -0.002 -17"><span class='ocrx_word' id='word_1_35' title='bbox 313 1003 464 1068; x_wconf 85' lang='lat' dir='ltr'>dominus</span> <span class='ocrx_word' id='word_1_36' title='bbox 480 1000 698 1068; x_wconf 83' lang='lat' dir='ltr'>cancellarius</span> <span class='ocrx_word' id='word_1_37' title='bbox 715 1004 945 1083; x_wconf 89' lang='lat' dir='ltr'>superpellicio</span> <span class='ocrx_word' id='word_1_38' title='bbox 962 1003 1162 1084; x_wconf 89' lang='lat' dir='ltr'>almutinqne</span> <span class='ocrx_word' id='word_1_39' title='bbox 1179 1003 1311 1068; x_wconf 90' lang='lat' dir='ltr'>indutus</span> <span class='ocrx_word' id='word_1_40' title='bbox 1327 1001 1405 1079; x_wconf 83' lang='lat' dir='ltr'>(sive</span> 
     </span>
     <span class='ocr_line' id='line_1_7' title="bbox 314 1101 1404 1182; baseline -0.002 -17"><span class='ocrx_word' id='word_1_41' title='bbox 314 1101 342 1167; x_wconf 90' lang='lat' dir='ltr'>is</span> <span class='ocrx_word' id='word_1_42' title='bbox 373 1101 578 1182; x_wconf 89' lang='lat' dir='ltr'>praepositus</span> <span class='ocrx_word' id='word_1_43' title='bbox 608 1101 721 1176; x_wconf 89' lang='lat' dir='ltr'>luerit,</span> <span class='ocrx_word' id='word_1_44' title='bbox 754 1101 824 1167; x_wconf 86' lang='lat' dir='ltr'>sire</span> <span class='ocrx_word' id='word_1_45' title='bbox 853 1103 998 1168; x_wconf 87' lang='lat' dir='ltr'>decanus</span> <span class='ocrx_word' id='word_1_46' title='bbox 1028 1103 1186 1168; x_wconf 87' lang='lat' dir='ltr'>ecclesiae</span> <span class='ocrx_word' id='word_1_47' title='bbox 1214 1101 1404 1182; x_wconf 77' lang='lat' dir='ltr'>collegiatae</span> 
     </span>
     <span class='ocr_line' id='line_1_8' title="bbox 316 1197 1404 1282; baseline -0.001 -19"><span class='ocrx_word' id='word_1_48' title='bbox 316 1201 350 1263; x_wconf 87' lang='lat' dir='ltr'>ll.</span> <span class='ocrx_word' id='word_1_49' title='bbox 367 1199 464 1274; x_wconf 87' lang='lat' dir='ltr'>Petri,</span> <span class='ocrx_word' id='word_1_50' title='bbox 482 1199 551 1264; x_wconf 89' lang='lat' dir='ltr'>sive</span> <span class='ocrx_word' id='word_1_51' title='bbox 572 1198 612 1264; x_wconf 86' lang='lat' dir='ltr'>ab</span> <span class='ocrx_word' id='word_1_52' title='bbox 637 1197 751 1280; x_wconf 74' lang='lat' dir='ltr'>iisdem</span> <span class='ocrx_word' id='word_1_53' title='bbox 774 1200 991 1282; x_wconf 82' lang='lat' dir='ltr'>substitutus),</span> <span class='ocrx_word' id='word_1_54' title='bbox 1009 1201 1059 1266; x_wconf 87' lang='lat' dir='ltr'>vel</span> <span class='ocrx_word' id='word_1_55' title='bbox 1084 1200 1122 1264; x_wconf 91' lang='lat' dir='ltr'>ad</span> <span class='ocrx_word' id='word_1_56' title='bbox 1139 1201 1274 1265; x_wconf 85' lang='lat' dir='ltr'>chorum</span> <span class='ocrx_word' id='word_1_57' title='bbox 1299 1199 1404 1263; x_wconf 88' lang='lat' dir='ltr'>dietae</span> 
     </span>
     <span class='ocr_line' id='line_1_9' title="bbox 312 1297 1402 1378; baseline -0.004 -14"><span class='ocrx_word' id='word_1_58' title='bbox 312 1297 483 1375; x_wconf 89' lang='lat' dir='ltr'>ecclesiae,</span> <span class='ocrx_word' id='word_1_59' title='bbox 500 1299 551 1364; x_wconf 91' lang='lat' dir='ltr'>vel</span> <span class='ocrx_word' id='word_1_60' title='bbox 575 1297 704 1363; x_wconf 86' lang='lat' dir='ltr'>scholas</span> <span class='ocrx_word' id='word_1_61' title='bbox 728 1297 887 1378; x_wconf 85' lang='lat' dir='ltr'>publicas,</span> <span class='ocrx_word' id='word_1_62' title='bbox 909 1315 1034 1364; x_wconf 88' lang='lat' dir='ltr'>sacram</span> <span class='ocrx_word' id='word_1_63' title='bbox 1059 1298 1315 1365; x_wconf 75' lang='lat' dir='ltr'>benedictionem</span> <span class='ocrx_word' id='word_1_64' title='bbox 1340 1297 1402 1362; x_wconf 79' lang='lat' dir='ltr'>silli</span> 
     </span>
     <span class='ocr_line' id='line_1_10' title="bbox 315 1395 1403 1481; baseline -0.001 -19"><span class='ocrx_word' id='word_1_65' title='bbox 315 1415 371 1478; x_wconf 91' lang='lat' dir='ltr'>per</span> <span class='ocrx_word' id='word_1_66' title='bbox 397 1397 581 1481; x_wconf 77' lang='lat' dir='ltr'>facultatum</span> <span class='ocrx_word' id='word_1_67' title='bbox 609 1396 782 1480; x_wconf 79' lang='lat' dir='ltr'>magistros</span> <span class='ocrx_word' id='word_1_68' title='bbox 808 1398 878 1463; x_wconf 89' lang='lat' dir='ltr'>sive</span> <span class='ocrx_word' id='word_1_69' title='bbox 907 1399 1059 1464; x_wconf 84' lang='lat' dir='ltr'>ductores</span> <span class='ocrx_word' id='word_1_70' title='bbox 1084 1415 1142 1480; x_wconf 90' lang='lat' dir='ltr'>pro</span> <span class='ocrx_word' id='word_1_71' title='bbox 1167 1397 1267 1479; x_wconf 79' lang='lat' dir='ltr'>gradu</span> <span class='ocrx_word' id='word_1_72' title='bbox 1295 1395 1403 1478; x_wconf 90' lang='lat' dir='ltr'>aliquo</span> 
     </span>
     <span class='ocr_line' id='line_1_11' title="bbox 314 1495 1404 1578; baseline -0.005 -15"><span class='ocrx_word' id='word_1_73' title='bbox 314 1497 542 1578; x_wconf 88' lang='lat' dir='ltr'>consequendo</span> <span class='ocrx_word' id='word_1_74' title='bbox 574 1497 787 1577; x_wconf 87' lang='lat' dir='ltr'>praesentatis</span> <span class='ocrx_word' id='word_1_75' title='bbox 813 1507 867 1562; x_wconf 90' lang='lat' dir='ltr'>ant</span> <span class='ocrx_word' id='word_1_76' title='bbox 895 1497 1152 1578; x_wconf 87' lang='lat' dir='ltr'>praesentandis,</span> <span class='ocrx_word' id='word_1_77' title='bbox 1181 1495 1404 1578; x_wconf 73' lang='lat' dir='ltr'>impertiturus</span> 
     </span>
     <span class='ocr_line' id='line_1_12' title="bbox 314 1593 1402 1680; baseline -0.002 -20"><span class='ocrx_word' id='word_1_78' title='bbox 314 1595 536 1680; x_wconf 77' lang='lat' dir='ltr'>progreditur3</span> <span class='ocrx_word' id='word_1_79' title='bbox 574 1605 650 1660; x_wconf 90' lang='lat' dir='ltr'>tunc</span> <span class='ocrx_word' id='word_1_80' title='bbox 685 1595 770 1661; x_wconf 93' lang='lat' dir='ltr'>enim</span> <span class='ocrx_word' id='word_1_81' title='bbox 801 1595 921 1662; x_wconf 83' lang='lat' dir='ltr'>[lectur</span> <span class='ocrx_word' id='word_1_82' title='bbox 954 1614 991 1662; x_wconf 91' lang='lat' dir='ltr'>se</span> <span class='ocrx_word' id='word_1_83' title='bbox 1020 1596 1171 1662; x_wconf 82' lang='lat' dir='ltr'>comitem</span> <span class='ocrx_word' id='word_1_84' title='bbox 1202 1593 1402 1660; x_wconf 81' lang='lat' dir='ltr'>cancellario</span> 
     </span>
     <span class='ocr_line' id='line_1_13' title="bbox 315 1691 1403 1778; baseline -0.004 -17"><span class='ocrx_word' id='word_1_85' title='bbox 315 1695 495 1776; x_wconf 77' lang='lat' dir='ltr'>adiungens</span> <span class='ocrx_word' id='word_1_86' title='bbox 518 1693 683 1760; x_wconf 87' lang='lat' dir='ltr'>sinistrum</span> <span class='ocrx_word' id='word_1_87' title='bbox 708 1695 794 1760; x_wconf 91' lang='lat' dir='ltr'>illius</span> <span class='ocrx_word' id='word_1_88' title='bbox 811 1695 895 1760; x_wconf 85' lang='lat' dir='ltr'>latus</span> <span class='ocrx_word' id='word_1_89' title='bbox 918 1696 1085 1778; x_wconf 84' lang='lat' dir='ltr'>tantisper.</span> <span class='ocrx_word' id='word_1_90' title='bbox 1101 1696 1176 1759; x_wconf 93' lang='lat' dir='ltr'>dum</span> <span class='ocrx_word' id='word_1_91' title='bbox 1200 1694 1320 1776; x_wconf 83' lang='lat' dir='ltr'>gradus</span> <span class='ocrx_word' id='word_1_92' title='bbox 1335 1691 1403 1758; x_wconf 92' lang='lat' dir='ltr'>col·</span> 
     </span>
     <span class='ocr_line' id='line_1_14' title="bbox 314 1791 1403 1876; baseline -0.005 -17"><span class='ocrx_word' id='word_1_93' title='bbox 314 1795 399 1860; x_wconf 88' lang='lat' dir='ltr'>latus</span> <span class='ocrx_word' id='word_1_94' title='bbox 423 1794 529 1865; x_wconf 80' lang='lat' dir='ltr'>luerit.</span> <span class='ocrx_word' id='word_1_95' title='bbox 554 1793 685 1859; x_wconf 88' lang='lat' dir='ltr'>claudit.</span> <span class='ocrx_word' id='word_1_96' title='bbox 709 1793 814 1859; x_wconf 85' lang='lat' dir='ltr'>Gradu</span> <span class='ocrx_word' id='word_1_97' title='bbox 841 1811 918 1860; x_wconf 91' lang='lat' dir='ltr'>vero</span> <span class='ocrx_word' id='word_1_98' title='bbox 941 1795 1071 1870; x_wconf 89' lang='lat' dir='ltr'>collato,</span> <span class='ocrx_word' id='word_1_99' title='bbox 1095 1795 1127 1857; x_wconf 94' lang='lat' dir='ltr'>in</span> <span class='ocrx_word' id='word_1_100' title='bbox 1150 1809 1283 1876; x_wconf 78' lang='lat' dir='ltr'>egressu</span> <span class='ocrx_word' id='word_1_101' title='bbox 1311 1791 1403 1857; x_wconf 89' lang='lat' dir='ltr'>chori</span> 
     </span>
     <span class='ocr_line' id='line_1_15' title="bbox 312 1890 1403 1974; baseline -0.007 -14"><span class='ocrx_word' id='word_1_102' title='bbox 312 1894 364 1960; x_wconf 85' lang='lat' dir='ltr'>vel</span> <span class='ocrx_word' id='word_1_103' title='bbox 380 1892 575 1967; x_wconf 85' lang='lat' dir='ltr'>scholarum,</span> <span class='ocrx_word' id='word_1_104' title='bbox 595 1891 711 1956; x_wconf 79' lang='lat' dir='ltr'>licetur</span> <span class='ocrx_word' id='word_1_105' title='bbox 733 1892 848 1958; x_wconf 89' lang='lat' dir='ltr'>iterum</span> <span class='ocrx_word' id='word_1_106' title='bbox 873 1893 1009 1974; x_wconf 87' lang='lat' dir='ltr'>primurn</span> <span class='ocrx_word' id='word_1_107' title='bbox 1027 1894 1134 1958; x_wconf 87' lang='lat' dir='ltr'>locum</span> <span class='ocrx_word' id='word_1_108' title='bbox 1157 1901 1307 1972; x_wconf 86' lang='lat' dir='ltr'>occupat.</span> <span class='ocrx_word' id='word_1_109' title='bbox 1332 1890 1403 1954; x_wconf 77' lang='lat' dir='ltr'>ruit</span> 
     </span>
     <span class='ocr_line' id='line_1_16' title="bbox 314 1990 1400 2076; baseline -0.005 -19"><span class='ocrx_word' id='word_1_110' title='bbox 314 1990 1400 2076; x_wconf 83' lang='lat' dir='ltr'>quidemaliquandocontroversiainlerRectoremetpraepositum,</span> 
     </span>
     <span class='ocr_line' id='line_1_17' title="bbox 315 2089 1399 2171; baseline -0.006 -14"><span class='ocrx_word' id='word_1_111' title='bbox 315 2107 426 2157; x_wconf 88' lang='lat' dir='ltr'>verum</span> <span class='ocrx_word' id='word_1_112' title='bbox 450 2090 649 2171; x_wconf 90' lang='lat' dir='ltr'>inqualitate</span> <span class='ocrx_word' id='word_1_113' title='bbox 671 2089 859 2170; x_wconf 79' lang='lat' dir='ltr'>praepositi,</span> <span class='ocrx_word' id='word_1_114' title='bbox 877 2106 940 2154; x_wconf 93' lang='lat' dir='ltr'>nun</span> <span class='ocrx_word' id='word_1_115' title='bbox 964 2090 1059 2155; x_wconf 92' lang='lat' dir='ltr'>etiam</span> <span class='ocrx_word' id='word_1_116' title='bbox 1076 2089 1277 2170; x_wconf 75' lang='lat' dir='ltr'>cancellarii,</span> <span class='ocrx_word' id='word_1_117' title='bbox 1296 2089 1399 2170; x_wconf 91' lang='lat' dir='ltr'>quoad</span> 
     </span>
     <span class='ocr_line' id='line_1_18' title="bbox 318 2188 1403 2270; baseline -0.004 -14"><span class='ocrx_word' id='word_1_118' title='bbox 318 2206 510 2256; x_wconf 81' lang='lat' dir='ltr'>consessum</span> <span class='ocrx_word' id='word_1_119' title='bbox 526 2189 558 2252; x_wconf 92' lang='lat' dir='ltr'>ln</span> <span class='ocrx_word' id='word_1_120' title='bbox 576 2188 677 2254; x_wconf 86' lang='lat' dir='ltr'>clroro</span> <span class='ocrx_word' id='word_1_121' title='bbox 693 2189 852 2254; x_wconf 86' lang='lat' dir='ltr'>ecclesiae</span> <span class='ocrx_word' id='word_1_122' title='bbox 869 2193 902 2251; x_wconf 86' lang='lat' dir='ltr'>l).</span> <span class='ocrx_word' id='word_1_123' title='bbox 921 2188 1018 2265; x_wconf 86' lang='lat' dir='ltr'>Petri,</span> <span class='ocrx_word' id='word_1_124' title='bbox 1038 2189 1090 2254; x_wconf 85' lang='lat' dir='ltr'>ubi</span> <span class='ocrx_word' id='word_1_125' title='bbox 1108 2188 1282 2270; x_wconf 89' lang='lat' dir='ltr'>praepositi</span> <span class='ocrx_word' id='word_1_126' title='bbox 1302 2189 1403 2270; x_wconf 92' lang='lat' dir='ltr'>prima</span> 
     </span>
     <span class='ocr_line' id='line_1_19' title="bbox 318 2287 1402 2371; baseline -0.003 -16"><span class='ocrx_word' id='word_1_127' title='bbox 318 2289 547 2371; x_wconf 72' lang='lat' dir='ltr'>dignitosam,</span> <span class='ocrx_word' id='word_1_128' title='bbox 575 2297 607 2352; x_wconf 94' lang='lat' dir='ltr'>et</span> <span class='ocrx_word' id='word_1_129' title='bbox 633 2287 769 2368; x_wconf 90' lang='lat' dir='ltr'>primum</span> <span class='ocrx_word' id='word_1_130' title='bbox 796 2287 943 2364; x_wconf 87' lang='lat' dir='ltr'>stallum;</span> <span class='ocrx_word' id='word_1_131' title='bbox 975 2288 1223 2369; x_wconf 89' lang='lat' dir='ltr'>ordinatumque</span> <span class='ocrx_word' id='word_1_132' title='bbox 1252 2293 1291 2351; x_wconf 79' lang='lat' dir='ltr'>al)</span> <span class='ocrx_word' id='word_1_133' title='bbox 1318 2303 1402 2352; x_wconf 91' lang='lat' dir='ltr'>annu</span> 
     </span>
     <span class='ocr_line' id='line_1_20' title="bbox 316 2385 1404 2463; baseline -0.001 -10"><span class='ocrx_word' id='word_1_134' title='bbox 316 2407 373 2454; x_wconf 82' lang='lat' dir='ltr'>cru.</span> <span class='ocrx_word' id='word_1_135' title='bbox 401 2406 483 2451; x_wconf 86' lang='lat' dir='ltr'>cccc.</span> <span class='ocrx_word' id='word_1_136' title='bbox 508 2405 613 2462; x_wconf 77' lang='lat' dir='ltr'>xnrrn,</span> <span class='ocrx_word' id='word_1_137' title='bbox 641 2387 693 2451; x_wconf 88' lang='lat' dir='ltr'>die</span> <span class='ocrx_word' id='word_1_138' title='bbox 720 2403 802 2450; x_wconf 87' lang='lat' dir='ltr'>xxrv.</span> <span class='ocrx_word' id='word_1_139' title='bbox 828 2385 992 2463; x_wconf 75' lang='lat' dir='ltr'>februarii,</span> <span class='ocrx_word' id='word_1_140' title='bbox 1020 2387 1048 2451; x_wconf 89' lang='lat' dir='ltr'>si</span> <span class='ocrx_word' id='word_1_141' title='bbox 1074 2386 1192 2452; x_wconf 81' lang='lat' dir='ltr'>licetur</span> <span class='ocrx_word' id='word_1_142' title='bbox 1222 2386 1337 2451; x_wconf 86' lang='lat' dir='ltr'>exierit</span> <span class='ocrx_word' id='word_1_143' title='bbox 1362 2385 1404 2452; x_wconf 87' lang='lat' dir='ltr'>de</span> 
     </span>
     <span class='ocr_line' id='line_1_21' title="bbox 303 2485 1401 2567; baseline -0.004 -15"><span class='ocrx_word' id='word_1_144' title='bbox 303 2490 415 2553; x_wconf 86' lang='lat' dir='ltr'>choro</span> <span class='ocrx_word' id='word_1_145' title='bbox 432 2504 489 2551; x_wconf 90' lang='lat' dir='ltr'>seu</span> <span class='ocrx_word' id='word_1_146' title='bbox 506 2486 629 2567; x_wconf 82' lang='lat' dir='ltr'>gremio</span> <span class='ocrx_word' id='word_1_147' title='bbox 645 2485 828 2564; x_wconf 86' lang='lat' dir='ltr'>praedictae</span> <span class='ocrx_word' id='word_1_148' title='bbox 849 2485 1018 2562; x_wconf 87' lang='lat' dir='ltr'>ecclesiae,</span> <span class='ocrx_word' id='word_1_149' title='bbox 1036 2494 1112 2551; x_wconf 90' lang='lat' dir='ltr'>tunc</span> <span class='ocrx_word' id='word_1_150' title='bbox 1132 2487 1161 2550; x_wconf 92' lang='lat' dir='ltr'>ei</span> <span class='ocrx_word' id='word_1_151' title='bbox 1179 2486 1401 2567; x_wconf 90' lang='lat' dir='ltr'>praeeminen-</span> 
     </span>
     <span class='ocr_line' id='line_1_22' title="bbox 316 2584 1399 2666; baseline -0.003 -15"><span class='ocrx_word' id='word_1_152' title='bbox 316 2587 430 2652; x_wconf 91' lang='lat' dir='ltr'>tiorem</span> <span class='ocrx_word' id='word_1_153' title='bbox 453 2587 557 2650; x_wconf 87' lang='lat' dir='ltr'>lucum</span> <span class='ocrx_word' id='word_1_154' title='bbox 582 2600 657 2650; x_wconf 86' lang='lat' dir='ltr'>esse</span> <span class='ocrx_word' id='word_1_155' title='bbox 679 2584 934 2661; x_wconf 87' lang='lat' dir='ltr'>concedendum,</span> <span class='ocrx_word' id='word_1_156' title='bbox 952 2586 1047 2649; x_wconf 90' lang='lat' dir='ltr'>eliam</span> <span class='ocrx_word' id='word_1_157' title='bbox 1070 2595 1143 2650; x_wconf 89' lang='lat' dir='ltr'>ante</span> <span class='ocrx_word' id='word_1_158' title='bbox 1167 2585 1399 2666; x_wconf 85' lang='lat' dir='ltr'>praepositum,</span> 
     </span>
     <span class='ocr_line' id='line_1_23' title="bbox 314 2681 1400 2764; baseline -0.001 -15"><span class='ocrx_word' id='word_1_159' title='bbox 314 2685 394 2750; x_wconf 87' lang='lat' dir='ltr'>alias</span> <span class='ocrx_word' id='word_1_160' title='bbox 421 2701 496 2748; x_wconf 91' lang='lat' dir='ltr'>non.</span> <span class='ocrx_word' id='word_1_161' title='bbox 526 2681 642 2748; x_wconf 82' lang='lat' dir='ltr'>Verum</span> <span class='ocrx_word' id='word_1_162' title='bbox 669 2698 742 2746; x_wconf 92' lang='lat' dir='ltr'>cum</span> <span class='ocrx_word' id='word_1_163' title='bbox 769 2682 897 2747; x_wconf 87' lang='lat' dir='ltr'>stallum</span> <span class='ocrx_word' id='word_1_164' title='bbox 928 2683 1123 2754; x_wconf 87' lang='lat' dir='ltr'>istuddicto</span> <span class='ocrx_word' id='word_1_165' title='bbox 1149 2683 1281 2749; x_wconf 88' lang='lat' dir='ltr'>domino</span> <span class='ocrx_word' id='word_1_166' title='bbox 1309 2699 1400 2764; x_wconf 91' lang='lat' dir='ltr'>prae·</span> 
     </span>
     <span class='ocr_line' id='line_1_24' title="bbox 315 2779 1401 2865; baseline -0.003 -16"><span class='ocrx_word' id='word_1_167' title='bbox 315 2784 438 2865; x_wconf 85' lang='lat' dir='ltr'>posito,</span> <span class='ocrx_word' id='word_1_168' title='bbox 471 2792 621 2862; x_wconf 85' lang='lat' dir='ltr'>tanquam</span> <span class='ocrx_word' id='word_1_169' title='bbox 656 2779 782 2860; x_wconf 89' lang='lat' dir='ltr'>primati</span> <span class='ocrx_word' id='word_1_170' title='bbox 811 2781 889 2846; x_wconf 88' lang='lat' dir='ltr'>cleri</span> <span class='ocrx_word' id='word_1_171' title='bbox 922 2781 1066 2862; x_wconf 85' lang='lat' dir='ltr'>ejusdem</span> <span class='ocrx_word' id='word_1_172' title='bbox 1097 2781 1273 2860; x_wconf 88' lang='lat' dir='ltr'>eeclesiae,</span> <span class='ocrx_word' id='word_1_173' title='bbox 1304 2781 1401 2847; x_wconf 89' lang='lat' dir='ltr'>luerit</span> 
     </span>
     <span class='ocr_line' id='line_1_25' title="bbox 314 2877 1395 2966; baseline -0.003 -19"><span class='ocrx_word' id='word_1_174' title='bbox 314 2883 517 2962; x_wconf 82' lang='lat' dir='ltr'>adsignatum</span> <span class='ocrx_word' id='word_1_175' title='bbox 540 2877 592 2944; x_wconf 93' lang='lat' dir='ltr'>diu</span> <span class='ocrx_word' id='word_1_176' title='bbox 617 2889 691 2943; x_wconf 90' lang='lat' dir='ltr'>ante</span> <span class='ocrx_word' id='word_1_177' title='bbox 716 2889 855 2944; x_wconf 91' lang='lat' dir='ltr'>erectam</span> <span class='ocrx_word' id='word_1_178' title='bbox 880 2879 1136 2966; x_wconf 85' lang='lat' dir='ltr'>llnirersitatem,</span> <span class='ocrx_word' id='word_1_179' title='bbox 1161 2882 1311 2946; x_wconf 90' lang='lat' dir='ltr'>nimirum</span> <span class='ocrx_word' id='word_1_180' title='bbox 1330 2880 1395 2962; x_wconf 85' lang='lat' dir='ltr'>jam</span> 
     </span>
     <span class='ocr_line' id='line_1_26' title="bbox 314 2977 1398 3061; baseline 0.001 -17"><span class='ocrx_word' id='word_1_181' title='bbox 314 2979 353 3044; x_wconf 88' lang='lat' dir='ltr'>ab</span> <span class='ocrx_word' id='word_1_182' title='bbox 366 2995 450 3044; x_wconf 94' lang='lat' dir='ltr'>anuo</span> <span class='ocrx_word' id='word_1_183' title='bbox 463 2977 708 3060; x_wconf 84' lang='lat' dir='ltr'>quadragesimo</span> <span class='ocrx_word' id='word_1_184' title='bbox 725 2977 862 3058; x_wconf 85' lang='lat' dir='ltr'>septimo</span> <span class='ocrx_word' id='word_1_185' title='bbox 875 2995 973 3060; x_wconf 87' lang='lat' dir='ltr'>supra</span> <span class='ocrx_word' id='word_1_186' title='bbox 986 2981 1202 3059; x_wconf 87' lang='lat' dir='ltr'>millesimum,</span> <span class='ocrx_word' id='word_1_187' title='bbox 1215 2981 1247 3044; x_wconf 92' lang='lat' dir='ltr'>in</span> <span class='ocrx_word' id='word_1_188' title='bbox 1263 2979 1398 3061; x_wconf 84' lang='lat' dir='ltr'>ejusque</span> 
     </span>
    </p>
   </div>
   <div class='ocr_carea' id='block_1_3' title="bbox 208 3077 1399 3163">
    <p class='ocr_par' dir='ltr' id='par_1_3' title="bbox 208 3077 1399 3163">
     <span class='ocr_line' id='line_1_27' title="bbox 208 3077 1399 3163; baseline -0.003 -17"><span class='ocrx_word' id='word_1_189' title='bbox 208 3144 213 3155; x_wconf 84' lang='grc'><em>,</em></span> <span class='ocrx_word' id='word_1_190' title='bbox 315 3079 556 3163; x_wconf 89' lang='lat' dir='ltr'>possessionem</span> <span class='ocrx_word' id='word_1_191' title='bbox 570 3077 774 3159; x_wconf 87' lang='lat' dir='ltr'>praepositus</span> <span class='ocrx_word' id='word_1_192' title='bbox 788 3095 845 3160; x_wconf 92' lang='lat' dir='ltr'>pro</span> <span class='ocrx_word' id='word_1_193' title='bbox 862 3089 1007 3160; x_wconf 87' lang='lat' dir='ltr'>tempore</span> <span class='ocrx_word' id='word_1_194' title='bbox 1020 3097 1076 3161; x_wconf 92' lang='lat' dir='ltr'>per</span> <span class='ocrx_word' id='word_1_195' title='bbox 1091 3082 1248 3145; x_wconf 92' lang='lat' dir='ltr'>decanum</span> <span class='ocrx_word' id='word_1_196' title='bbox 1264 3091 1296 3144; x_wconf 91' lang='lat' dir='ltr'>el</span> <span class='ocrx_word' id='word_1_197' title='bbox 1310 3079 1399 3160; x_wconf 89' lang='lat' dir='ltr'>capi-</span> 
     </span>
    </p>
   </div>
   <div class='ocr_carea' id='block_1_4' title="bbox 300 3177 1402 4251">
    <p class='ocr_par' dir='ltr' id='par_1_4' title="bbox 300 3177 1402 4251">
     <span class='ocr_line' id='line_1_28' title="bbox 315 3177 1400 3260; baseline -0.002 -15"><span class='ocrx_word' id='word_1_198' title='bbox 315 3179 416 3245; x_wconf 89' lang='lat' dir='ltr'>tulum</span> <span class='ocrx_word' id='word_1_199' title='bbox 439 3178 629 3242; x_wconf 88' lang='lat' dir='ltr'>solemniter</span> <span class='ocrx_word' id='word_1_200' title='bbox 652 3177 857 3243; x_wconf 88' lang='lat' dir='ltr'>introductus</span> <span class='ocrx_word' id='word_1_201' title='bbox 880 3189 981 3256; x_wconf 89' lang='lat' dir='ltr'>esset,</span> <span class='ocrx_word' id='word_1_202' title='bbox 1005 3180 1279 3260; x_wconf 87' lang='lat' dir='ltr'>contenderetque</span> <span class='ocrx_word' id='word_1_203' title='bbox 1302 3193 1400 3259; x_wconf 93' lang='lat' dir='ltr'>prop·</span> 
     </span>
     <span class='ocr_line' id='line_1_29' title="bbox 314 3277 1401 3360; baseline -0.002 -16"><span class='ocrx_word' id='word_1_204' title='bbox 314 3288 401 3344; x_wconf 89' lang='lat' dir='ltr'>terea</span> <span class='ocrx_word' id='word_1_205' title='bbox 424 3277 486 3342; x_wconf 86' lang='lat' dir='ltr'>sibi</span> <span class='ocrx_word' id='word_1_206' title='bbox 506 3277 559 3359; x_wconf 84' lang='lat' dir='ltr'>jus</span> <span class='ocrx_word' id='word_1_207' title='bbox 582 3293 656 3341; x_wconf 87' lang='lat' dir='ltr'>esse</span> <span class='ocrx_word' id='word_1_208' title='bbox 682 3277 721 3340; x_wconf 90' lang='lat' dir='ltr'>ad</span> <span class='ocrx_word' id='word_1_209' title='bbox 749 3279 946 3358; x_wconf 89' lang='lat' dir='ltr'>praedictum</span> <span class='ocrx_word' id='word_1_210' title='bbox 974 3279 1102 3344; x_wconf 89' lang='lat' dir='ltr'>stallum</span> <span class='ocrx_word' id='word_1_211' title='bbox 1130 3288 1278 3360; x_wconf 89' lang='lat' dir='ltr'>tanquam</span> <span class='ocrx_word' id='word_1_212' title='bbox 1305 3293 1401 3342; x_wconf 89' lang='lat' dir='ltr'>suum</span> 
     </span>
     <span class='ocr_line' id='line_1_30' title="bbox 314 3375 1400 3458; baseline -0.003 -16"><span class='ocrx_word' id='word_1_213' title='bbox 314 3375 550 3458; x_wconf 87' lang='lat' dir='ltr'>occupandum,</span> <span class='ocrx_word' id='word_1_214' title='bbox 569 3392 606 3440; x_wconf 85' lang='lat' dir='ltr'>ex</span> <span class='ocrx_word' id='word_1_215' title='bbox 623 3391 725 3456; x_wconf 88' lang='lat' dir='ltr'>eoque</span> <span class='ocrx_word' id='word_1_216' title='bbox 741 3376 904 3441; x_wconf 87' lang='lat' dir='ltr'>deturbari</span> <span class='ocrx_word' id='word_1_217' title='bbox 930 3393 992 3441; x_wconf 94' lang='lat' dir='ltr'>non</span> <span class='ocrx_word' id='word_1_218' title='bbox 1011 3393 1107 3458; x_wconf 88' lang='lat' dir='ltr'>posse</span> <span class='ocrx_word' id='word_1_219' title='bbox 1132 3392 1189 3457; x_wconf 92' lang='lat' dir='ltr'>per</span> <span class='ocrx_word' id='word_1_220' title='bbox 1204 3376 1400 3442; x_wconf 87' lang='lat' dir='ltr'>Vniversita·</span> 
     </span>
     <span class='ocr_line' id='line_1_31' title="bbox 313 3474 1398 3558; baseline -0.002 -18"><span class='ocrx_word' id='word_1_221' title='bbox 313 3485 386 3552; x_wconf 90' lang='lat' dir='ltr'>lem,</span> <span class='ocrx_word' id='word_1_222' title='bbox 402 3476 470 3540; x_wconf 85' lang='lat' dir='ltr'>sive</span> <span class='ocrx_word' id='word_1_223' title='bbox 482 3474 601 3540; x_wconf 83' lang='lat' dir='ltr'>Reclur</span> <span class='ocrx_word' id='word_1_224' title='bbox 616 3475 730 3539; x_wconf 87' lang='lat' dir='ltr'>existat</span> <span class='ocrx_word' id='word_1_225' title='bbox 742 3477 782 3539; x_wconf 91' lang='lat' dir='ltr'>de</span> <span class='ocrx_word' id='word_1_226' title='bbox 797 3476 919 3556; x_wconf 80' lang='lat' dir='ltr'>gremio</span> <span class='ocrx_word' id='word_1_227' title='bbox 933 3477 1036 3558; x_wconf 87' lang='lat' dir='ltr'>ipsius</span> <span class='ocrx_word' id='word_1_228' title='bbox 1052 3475 1221 3551; x_wconf 86' lang='lat' dir='ltr'>ecelesiae,</span> <span class='ocrx_word' id='word_1_229' title='bbox 1235 3476 1303 3541; x_wconf 87' lang='lat' dir='ltr'>sive</span> <span class='ocrx_word' id='word_1_230' title='bbox 1321 3491 1398 3553; x_wconf 91' lang='lat' dir='ltr'>non,</span> 
     </span>
     <span class='ocr_line' id='line_1_32' title="bbox 313 3572 1398 3656; baseline -0.003 -17"><span class='ocrx_word' id='word_1_231' title='bbox 313 3575 439 3640; x_wconf 92' lang='lat' dir='ltr'>tandem</span> <span class='ocrx_word' id='word_1_232' title='bbox 456 3574 575 3655; x_wconf 87' lang='lat' dir='ltr'>placuit</span> <span class='ocrx_word' id='word_1_233' title='bbox 590 3572 631 3637; x_wconf 86' lang='lat' dir='ltr'>ila</span> <span class='ocrx_word' id='word_1_234' title='bbox 647 3573 796 3654; x_wconf 89' lang='lat' dir='ltr'>componi</span> <span class='ocrx_word' id='word_1_235' title='bbox 810 3575 892 3639; x_wconf 87' lang='lat' dir='ltr'>hanc</span> <span class='ocrx_word' id='word_1_236' title='bbox 905 3576 1170 3652; x_wconf 83' lang='lat' dir='ltr'>controversiam,</span> <span class='ocrx_word' id='word_1_237' title='bbox 1188 3583 1222 3640; x_wconf 89' lang='lat' dir='ltr'>nl</span> <span class='ocrx_word' id='word_1_238' title='bbox 1238 3575 1398 3656; x_wconf 77' lang='lat' dir='ltr'>mopnifico</span> 
     </span>
     <span class='ocr_line' id='line_1_33' title="bbox 311 3674 1397 3757; baseline -0.001 -19"><span class='ocrx_word' id='word_1_239' title='bbox 311 3675 433 3738; x_wconf 86' lang='lat' dir='ltr'>domino</span> <span class='ocrx_word' id='word_1_240' title='bbox 449 3675 571 3746; x_wconf 85' lang='lat' dir='ltr'>Rectorl</span> <span class='ocrx_word' id='word_1_241' title='bbox 587 3674 762 3754; x_wconf 80' lang='lat' dir='ltr'>odripnelnr</span> <span class='ocrx_word' id='word_1_242' title='bbox 775 3675 901 3738; x_wconf 79' lang='lat' dir='ltr'>stallum</span> <span class='ocrx_word' id='word_1_243' title='bbox 916 3675 1001 3738; x_wconf 84' lang='lat' dir='ltr'>allud</span> <span class='ocrx_word' id='word_1_244' title='bbox 1013 3678 1188 3757; x_wconf 84' lang='lat' dir='ltr'>proprium,</span> <span class='ocrx_word' id='word_1_245' title='bbox 1206 3675 1287 3756; x_wconf 87' lang='lat' dir='ltr'>qnod</span> <span class='ocrx_word' id='word_1_246' title='bbox 1309 3691 1397 3737; x_wconf 82' lang='lat' dir='ltr'>netno</span> 
     </span>
     <span class='ocr_line' id='line_1_34' title="bbox 310 3773 1398 3856; baseline 0 -20"><span class='ocrx_word' id='word_1_247' title='bbox 310 3774 391 3838; x_wconf 79' lang='lat' dir='ltr'>olins</span> <span class='ocrx_word' id='word_1_248' title='bbox 413 3789 560 3855; x_wconf 82' lang='lat' dir='ltr'>occupare</span> <span class='ocrx_word' id='word_1_249' title='bbox 578 3775 784 3851; x_wconf 81' lang='lat' dir='ltr'>permittatur,</span> <span class='ocrx_word' id='word_1_250' title='bbox 808 3776 948 3855; x_wconf 80' lang='lat' dir='ltr'>qnodque</span> <span class='ocrx_word' id='word_1_251' title='bbox 969 3792 1026 3856; x_wconf 86' lang='lat' dir='ltr'>pro</span> <span class='ocrx_word' id='word_1_252' title='bbox 1052 3775 1276 3855; x_wconf 76' lang='lat' dir='ltr'>rnupnifirenlr&#39;o</span> <span class='ocrx_word' id='word_1_253' title='bbox 1298 3773 1398 3855; x_wconf 76' lang='lat' dir='ltr'>ipsine</span> 
     </span>
     <span class='ocr_line' id='line_1_35' title="bbox 310 3872 1402 3954; baseline -0.001 -17"><span class='ocrx_word' id='word_1_254' title='bbox 310 3875 426 3938; x_wconf 81' lang='lat' dir='ltr'>domini</span> <span class='ocrx_word' id='word_1_255' title='bbox 441 3873 579 3938; x_wconf 74' lang='lat' dir='ltr'>doctoris</span> <span class='ocrx_word' id='word_1_256' title='bbox 602 3877 761 3954; x_wconf 80' lang='lat' dir='ltr'>oupnalt&#39;cr</span> <span class='ocrx_word' id='word_1_257' title='bbox 776 3875 815 3936; x_wconf 83' lang='lat' dir='ltr'>cil</span> <span class='ocrx_word' id='word_1_258' title='bbox 836 3891 871 3936; x_wconf 89' lang='lat' dir='ltr'>oc</span> <span class='ocrx_word' id='word_1_259' title='bbox 895 3876 1004 3938; x_wconf 79' lang='lat' dir='ltr'>celeris</span> <span class='ocrx_word' id='word_1_260' title='bbox 1019 3873 1275 3954; x_wconf 78' lang='lat' dir='ltr'>muprrifirentins,</span> <span class='ocrx_word' id='word_1_261' title='bbox 1293 3876 1325 3936; x_wconf 89' lang='lat' dir='ltr'>in</span> <span class='ocrx_word' id='word_1_262' title='bbox 1338 3872 1402 3952; x_wconf 76' lang='lat' dir='ltr'>nne</span> 
     </span>
     <span class='ocr_line' id='line_1_36' title="bbox 307 3971 1400 4054; baseline 0.001 -19"><span class='ocrx_word' id='word_1_263' title='bbox 307 3973 419 4036; x_wconf 78' lang='lat' dir='ltr'>seilicet</span> <span class='ocrx_word' id='word_1_264' title='bbox 431 3971 535 4036; x_wconf 84' lang='lat' dir='ltr'>lnlerls</span> <span class='ocrx_word' id='word_1_265' title='bbox 548 3973 650 4036; x_wconf 81' lang='lat' dir='ltr'>dextri</span> <span class='ocrx_word' id='word_1_266' title='bbox 662 3974 751 4036; x_wconf 79' lang='lat' dir='ltr'>inula</span> <span class='ocrx_word' id='word_1_267' title='bbox 763 3972 872 4047; x_wconf 80' lang='lat' dir='ltr'>ultore,</span> <span class='ocrx_word' id='word_1_268' title='bbox 885 3976 979 4054; x_wconf 86' lang='lat' dir='ltr'>petilo</span> <span class='ocrx_word' id='word_1_269' title='bbox 991 3974 1032 4036; x_wconf 89' lang='lat' dir='ltr'>ud</span> <span class='ocrx_word' id='word_1_270' title='bbox 1043 3973 1098 4036; x_wconf 87' lang='lat' dir='ltr'>ltoc</span> <span class='ocrx_word' id='word_1_271' title='bbox 1110 3973 1238 4054; x_wconf 84' lang='lat' dir='ltr'>capitoli</span> <span class='ocrx_word' id='word_1_272' title='bbox 1249 3989 1400 4036; x_wconf 80' lang='lat' dir='ltr'>concensu</span> 
     </span>
     <span class='ocr_line' id='line_1_37' title="bbox 309 4071 1395 4152; baseline 0.002 -18"><span class='ocrx_word' id='word_1_273' title='bbox 309 4077 336 4134; x_wconf 88' lang='lat' dir='ltr'>el</span> <span class='ocrx_word' id='word_1_274' title='bbox 352 4071 536 4152; x_wconf 79' lang='lat' dir='ltr'>beneplacito</span> <span class='ocrx_word' id='word_1_275' title='bbox 546 4090 556 4145; x_wconf 90' lang='lat'>;</span> <span class='ocrx_word' id='word_1_276' title='bbox 566 4073 859 4152; x_wconf 71' lang='lat' dir='ltr'>posairqaqlteernn</span> <span class='ocrx_word' id='word_1_277' title='bbox 874 4091 927 4136; x_wconf 82' lang='lat' dir='ltr'>reu</span> <span class='ocrx_word' id='word_1_278' title='bbox 944 4072 1076 4136; x_wconf 83' lang='lat' dir='ltr'>clrorolir</span> <span class='ocrx_word' id='word_1_279' title='bbox 1091 4090 1143 4136; x_wconf 85' lang='lat' dir='ltr'>reu</span> <span class='ocrx_word' id='word_1_280' title='bbox 1166 4090 1228 4135; x_wconf 90' lang='lat' dir='ltr'>non</span> <span class='ocrx_word' id='word_1_281' title='bbox 1250 4071 1395 4150; x_wconf 83' lang='lat' dir='ltr'>cdorolia,</span> 
     </span>
     <span class='ocr_line' id='line_1_38' title="bbox 300 4169 1391 4251; baseline 0 -15"><span class='ocrx_word' id='word_1_282' title='bbox 300 4169 384 4236; x_wconf 76' lang='lat' dir='ltr'>,illud</span> <span class='ocrx_word' id='word_1_283' title='bbox 398 4171 525 4235; x_wconf 77' lang='lat' dir='ltr'>stallum</span> <span class='ocrx_word' id='word_1_284' title='bbox 539 4187 698 4251; x_wconf 82' lang='lat' dir='ltr'>occuparo,</span> <span class='ocrx_word' id='word_1_285' title='bbox 714 4172 807 4233; x_wconf 88' lang='lat' dir='ltr'>elium</span> <span class='ocrx_word' id='word_1_286' title='bbox 828 4189 896 4235; x_wconf 85' lang='lat' dir='ltr'>curn</span> <span class='ocrx_word' id='word_1_287' title='bbox 912 4173 1077 4238; x_wconf 82' lang='lat' dir='ltr'>devolionis</span> <span class='ocrx_word' id='word_1_288' title='bbox 1098 4189 1221 4248; x_wconf 81' lang='lat' dir='ltr'>canaan,</span> <span class='ocrx_word' id='word_1_289' title='bbox 1238 4189 1299 4235; x_wconf 89' lang='lat' dir='ltr'>nun</span> <span class='ocrx_word' id='word_1_290' title='bbox 1313 4173 1391 4236; x_wconf 71' lang='lat' dir='ltr'>ml·</span> 
     </span>
    </p>
   </div>
   <div class='ocr_carea' id='block_1_5' title="bbox 0 0 1634 4944">
    <p class='ocr_par' dir='ltr' id='par_1_5' title="bbox 0 0 1634 4944">
     <span class='ocr_line' id='line_1_39' title="bbox 0 0 1634 4944; baseline 0 2"><span class='ocrx_word' id='word_1_291' title='bbox 0 0 1634 4944; x_wconf 95' lang='lat' dir='ltr'> </span> 
     </span>
    </p>
   </div>
  </div>
 </body>
</html>
