3236 4944
744 419 927 486 -ttta-

294 656 375 722 Paul
400 658 433 722 ll
457 671 577 719 rtotnme
603 655 839 716 conterraneus
865 652 918 714 des
941 651 1098 732 priuilipes
1123 649 1160 712 de
1186 646 1380 714 l'Uaiueraili

333 755 466 838 l’iaique
485 751 653 825 d'lllrucltl,
671 750 768 814 l'nbbe'
788 751 825 812 de
846 748 1123 814 stetin-demun
1145 749 1181 811 de
1198 748 1333 812 Loucnln
1351 755 1378 811 ei

334 855 362 918 le
376 857 472 932 ‹lopen
486 853 523 916 de
537 848 785 917 Scitote-Gaddir
799 849 837 912 de
852 847 1021 912 Rraeeller.

689 1023 878 1095 lsaplembra
903 1022 981 1080 ttae.

378 1176 452 1230 Tltre
470 1181 509 1228 du
528 1177 675 1230 souverain
693 1177 804 1239 pontifi,
826 1177 936 1226 adressa
955 1179 977 1224 el
996 1186 1099 1239 arenga
1118 1187 1153 1224 on
1171 1174 1288 1236 prestere.

335 1324 452 1388 Paulus
467 1322 651 1403 episcopus,
669 1337 785 1384 seruas
801 1335 971 1384 seruorum
989 1317 1056 1394 liei,
1071 1318 1243 1384 venerabili
1260 1318 1375 1382 lratri..

293 1424 448 1504 episcopo
470 1420 678 1494 Traieetensi,
702 1427 734 1484 et
756 1418 882 1484 dilectis
906 1417 979 1482 liliis
1003 1467 1035 1481 ..
1061 1417 1165 1483 abbati
1190 1417 1376 1483 monasterii

292 1531 404 1587 sancte
426 1519 591 1585 Gertrudis
617 1517 819 1590 Louaniensi,
843 1534 880 1582 ac
905 1517 1080 1582 ..decano
1103 1516 1241 1582 ecclesie
1263 1523 1376 1581 sancte

293 1621 416 1686 Gudule
433 1617 643 1690 bruxellensi,
662 1616 849 1682 leodiensis
865 1626 896 1682 et
919 1615 1159 1680 Cameracensis
1182 1615 1374 1689 diaconum,

293 1721 428 1785 salutem
444 1727 475 1783 et
491 1716 699 1798 apostolicam
716 1715 984 1780 benedictionem.
999 1713 1178 1779 llumilibus
1194 1714 1375 1796 supplicum

293 1819 377 1884 votis
416 1817 553 1882 libenter
588 1814 770 1886 annuimus.
810 1830 911 1894 eaque
948 1811 1112 1878 lauoribus
1151 1815 1377 1895 prosequimur

292 1916 494 2000 opportunis.
604 1927 607 1934 ·

570 2049 718 2115 Suppllque
737 2064 800 2102 naec
819 2053 927 2101 raisons
946 2053 964 2101 d
983 2047 1098 2113 t'opput.
1200 2089 1220 2102 .

336 2188 460 2254 badum
475 2187 633 2270 siquidem
651 2204 707 2268 per
720 2185 821 2252 lellcis
835 2185 1067 2252 recordationis
1080 2185 1247 2250 llartiuum
1262 2201 1375 2267 papam

293 2289 451 2372 quintum,
470 2287 731 2368 predecessorem
750 2296 906 2362 nostrum,
924 2286 1114 2350 dilectorum
1132 2285 1269 2351 liliorum
1294 2285 1375 2351 iloc-

293 2388 373 2453 toris
389 2397 420 2452 et
437 2387 661 2452 uniuersorum
679 2385 859 2457 doctorum.
878 2384 1102 2465 magistrorum
1118 2394 1148 2448 et
1165 2383 1374 2461 salalarium,

293 2496 537 2566 ceterarumque
560 2499 769 2565 personarum
794 2482 1020 2548 Uniuersitatis
1037 2483 1134 2547 studii
1151 2483 1373 2560 henamensis,

292 2583 480 2652 leodiensis
502 2582 655 2657 diocesis,
676 2582 907 2663 conquestione
931 2588 1094 2664 percepto,
1119 2583 1203 2662 quod
1229 2583 1374 2647 trontiulli

292 2679 539 2763 arcbiepisropi,
554 2680 709 2762 episcopi,
724 2680 840 2762 aliique
853 2680 1062 2746 ecclesiarum
1077 2680 1187 2762 prelati
1204 2689 1235 2745 et
1250 2680 1372 2752 clerici,

292 2798 329 2847 ac
365 2777 583 2846 ecclesiastice
619 2793 758 2859 persone
795 2789 856 2842 tam
892 2779 1042 2861 religiose
1072 2795 1165 2860 qaam
1195 2779 1372 2857 seculares,

293 2895 417 2944 necnon
454 2879 565 2953 duces,
606 2878 819 2952 marchiones,
858 2878 1003 2952 comites,
1044 2871 1191 2952 barones,
1235 2877 1372 2952 nobiles,

246 3041 249 3046 .
294 2978 421 3052 milites,
438 2975 522 3052 laici,
537 2976 717 3041 communia
733 2976 909 3066 ciuitatum,
926 2976 1150 3042 uniuersitates
1166 2975 1372 3056 oppidorum,

293 3085 485 3151 castrorum,
509 3074 652 3140 villarum
674 3085 704 3140 et
728 3075 864 3140 aliorum
889 3076 1045 3150 locorum,
1071 3093 1193 3140 necnon
1221 3076 1281 3140 alle
1307 3076 1375 3140 sin-

292 3175 421 3257 gulares
444 3191 581 3256 persone
596 3174 759 3240 ciuitatum
777 3183 807 3239 et
826 3175 1017 3252 diocesium,
1036 3193 1073 3239 ac
1088 3175 1221 3238 aliarum
1240 3177 1374 3256 partium

293 3275 506 3352 diuersarum,
524 3282 762 3356 occupauerant
777 3282 809 3337 et
825 3273 974 3352 occupari
992 3274 1133 3338 lacerant
1152 3283 1267 3352 castra,
1283 3274 1376 3338 villas

294 3381 325 3438 et
348 3373 407 3437 alia
431 3373 511 3446 loca,
535 3383 648 3447 terras,
673 3372 800 3446 domos,
823 3371 1060 3452 possessiones,
1083 3371 1153 3453 jura
1178 3383 1208 3436 el
1225 3373 1376 3454 iurisdic-

294 3473 411 3548 tiones
447 3489 571 3537 necnon
610 3473 743 3546 lrnctus,
782 3488 911 3546 census
951 3471 1094 3535 redditus
1130 3481 1161 3536 et
1198 3481 1375 3553 prouentus

296 3572 441 3638 Rectoris
457 3579 489 3636 el
504 3569 712 3652 singularium
735 3586 944 3651 personarum
972 3569 1193 3635 Uniuersitatis
1217 3569 1373 3645 eiusdem,

294 3688 332 3737 ac
349 3671 499 3737 nonnulla
516 3669 575 3733 alia
593 3686 645 3734 res
661 3679 692 3734 et
707 3669 800 3744 bona,
816 3669 942 3733 mobilia
957 3676 987 3733 cl
1000 3669 1184 3745 immobilia,
1199 3669 1375 3750 spiritualia

294 3780 326 3836 et
339 3767 538 3849 temporalia,
552 3768 589 3831 ad
605 3767 772 3832 Rectorem
786 3783 823 3830 ac
839 3766 939 3846 ipsius
956 3767 1180 3832 uniuersitatis
1197 3767 1376 3849 singulares

296 3884 451 3951 personas
468 3867 639 3947 predictas,
659 3875 720 3930 tam
739 3869 862 3931 rationo
878 3883 1010 3930 suorum
1028 3865 1256 3931 beneficiorum
1274 3867 1376 3931 eccle-

295 3968 509 4040 siasttcorum,
528 3984 620 4049 quam
639 3966 732 4032 etiam
750 3983 958 4048 personarum
973 3984 1010 4032 ac
1025 3968 1102 4031 alias
1120 3967 1260 4047 legitime
1283 3983 1374 4046 spec·

296 4066 403 4140 tantia,
419 4074 451 4132 et
463 4083 499 4130 ea
512 4065 696 4130 detinebant
709 4065 849 4130 indebite
860 4078 1027 4146 occupata,
1041 4083 1096 4132 seu
1111 4083 1146 4130 ea
1160 4065 1377 4132 detinentibus

301 4163 483 4248 prestabant
505 4164 668 4241 auxilium,
685 4164 855 4230 consilium
879 4164 927 4229 vel
945 4165 1103 4238 lauarem;
1121 4165 1265 4230 nonrmlli
1282 4163 1377 4230 etiam
