3240 4946
708 407 827 473 -dcl
851 441 893 458 -

264 591 462 673 »prudentia
485 607 522 656 ac
544 591 733 656 dexteritate
755 591 816 655 sibi
839 590 921 671 apud
948 604 1061 654 omnes
1087 587 1282 668 comparavit
1307 602 1345 652 ac

263 689 467 772 »reliquiar
496 690 539 755 lta
570 689 786 771 lvenotoptum
812 689 895 770 apud
923 687 1081 760 cornuue,
1107 687 1188 751 filsl.
1212 687 1344 763 Louna„

260 790 310 854 ed.
332 791 374 855 be
390 790 480 864 llam,
500 790 525 865 l,
543 805 574 869 p.
592 789 663 852 228.

302 888 397 953 Plura
419 887 459 954 de
481 887 595 954 abbate
618 887 764 968 Philippo
786 887 827 952 de
847 885 975 952 llnsden
992 884 1113 950 videsis
1129 884 1161 948 in
1177 901 1276 964 opere
1289 884 1342 949 cui

138 1024 142 1032 ·
260 987 372 1052 titulus
403 1005 411 1050 ε
441 986 536 1050 Atra.
566 986 683 1064 liunus,
714 985 864 1066 L’ubbupe
891 984 980 1048 noble
1007 985 1043 1048 dc
1069 983 1344 1050 Solate-Gerlrnrde

258 1087 442 1163 dccccoin,
460 1101 512 1170 pp.
529 1085 638 1149 fil-58.

300 1234 330 1298 8.
354 1235 539 1299 Laurentius
565 1233 705 1308 Metrias,
728 1232 1057 1308 Gerardimontensis,
1081 1247 1193 1297 sacrae
1219 1231 1344 1298 theolo-

258 1333 329 1414 giae
344 1333 539 1406 licentiatus,
556 1331 623 1414 out,
642 1341 810 1414 postquam
827 1349 899 1397 cunr
915 1332 1012 1396 multa
1034 1330 1180 1395 facundia
1203 1347 1240 1396 ac
1262 1331 1343 1396 fama

260 1431 399 1498 lionsani
429 1431 579 1515 (cepnae)
608 1433 645 1496 ad
677 1433 790 1514 bysam
821 1432 952 1496 lluv'ium
983 1430 1126 1512 parochi,
1154 1441 1220 1495 tum
1246 1439 1277 1494 et
1303 1430 1343 1496 ab

260 1547 344 1598 anno
361 1531 439 1594 lllbl
457 1531 582 1612 plebani
599 1539 629 1596 et
645 1530 792 1596 canonici
807 1529 846 1594 ad
870 1538 1012 1596 sanctam
1035 1528 1190 1594 cudulam
1213 1529 1343 1594 Bruxel-

261 1631 382 1696 lensem
399 1646 531 1695 munere
547 1629 693 1708 obiisset,
707 1628 802 1710 liujus
818 1639 947 1693 sanctae
959 1628 1102 1693 cedulae
1114 1628 1154 1692 ab
1166 1645 1250 1706 anno
1263 1627 1342 1692 11163

258 1730 414 1795 decanum
437 1728 550 1810 agebat
576 1745 702 1810 unaque
724 1728 853 1794 Antonii
869 1727 1083 1802 cranvellani,
1100 1725 1341 1807 archiepiscopi

257 1827 509 1901 llccblinieusis,
537 1827 690 1892 vicarium
717 1827 898 1908 generalem
925 1835 955 1892 el
982 1827 1014 1890 in
1040 1843 1118 1907 agro
1146 1824 1343 1890 Bruxellensi

258 1925 439 2002 officialem,
456 1924 596 2008 quando,
614 1927 725 2007 'ljnnii
741 1926 832 2000 1569,
851 1928 881 1990 lu
897 1925 1163 1990 conservatorem
1180 1924 1344 1989 Universl·

259 2025 332 2088 tatis
356 2024 563 2090 Lovanieusis
586 2035 771 2105 assumptus
795 2035 863 2099 est;
880 2041 944 2105 quo
965 2025 1017 2088 die
1040 2023 1158 2088 flector
1173 2023 1342 2092 ciebertus

261 2123 397 2204 Loyden,
412 2122 494 2204 juris
518 2123 683 2204 utriusque
707 2122 887 2188 licentiatus
910 2132 941 2186 et
964 2123 1141 2203 professor,
1160 2119 1282 2195 bletulo,
1307 2121 1341 2186 in

258 2223 330 2287 loco
353 2222 517 2302 capitulari
538 2222 680 2287 inferiori
697 2221 855 2286 ecclesiae
870 2222 973 2286 sancti
992 2221 1086 2294 Petri,
1105 2232 1234 2302 recepto
1250 2236 1340 2285 more

257 2321 367 2386 literas
393 2321 562 2386 electionis
589 2321 812 2402 praesentavit.
832 2321 965 2386 lletsius
991 2337 1084 2384 suum
1111 2320 1194 2400 apud
1222 2320 1342 2384 Acade·

258 2418 351 2483 uriam
376 2419 529 2484 vicarium
556 2435 594 2484 ac
619 2419 799 2501 delegatum
826 2419 934 2501 posuit
962 2418 1118 2484 ludocum
1148 2418 1340 2500 Ravesteyn,

257 2533 367 2583 sacrae
389 2518 570 2600 theologiae
592 2518 757 2584 doctorem
781 2527 812 2584 et
835 2519 1052 2600 professorem
1072 2536 1108 2582 ac
1124 2518 1342 2600 praepositum

259 2615 522 2681 Walcuriensem.
543 2616 662 2684 Eodem
686 2635 782 2694 anno,
801 2618 852 2683 die
876 2617 915 2681 16
938 2617 1134 2693 novembris,
1161 2617 1343 2682 nominatus

257 2714 315 2778 fuit
327 2716 500 2797 episcopus
513 2717 786 2792 Buscoduceusis,
799 2726 831 2783 et
843 2735 928 2783 anno
940 2718 1100 2798 sequenti,
1114 2717 1166 2782 die
1178 2716 1219 2779 23
1231 2716 1344 2796 aprilis

258 2813 426 2879 Bruxellae
448 2815 480 2876 in
504 2816 603 2880 choro
626 2815 659 2879 S.
683 2815 826 2882 cudulac
852 2823 1064 2882 consecratus
1086 2831 1103 2879 a
1126 2815 1342 2880 llaximiliano

257 2927 275 2974 a
290 2913 412 2993 [tergis
427 2913 648 2980 cameracensi
661 2916 916 2997 archiepiscopo,
930 2913 1156 2998 adjuvantibus
1170 2913 1339 2979 Francisco

257 3008 430 3076 lliclrardot
459 3012 671 3088 atrobatensi,
704 3025 734 3078 et
765 3013 928 3079 francisio
957 3015 1079 3079 Sounio
1114 3012 1339 3094 antverpiensi

254 3111 429 3192 eplscopis.

296 3258 327 3320 9.
350 3259 485 3323 dominer
512 3259 576 3324 Van
601 3261 656 3323 der
677 3261 806 3337 Liadcnt,
832 3261 984 3341 patricius
1009 3261 1229 3337 Levaniensis,
1254 3260 1339 3326 illius

252 3355 385 3422 loannis
414 3357 542 3439 equitis,
573 3359 682 3439 oppidi
718 3359 928 3424 Lovaniensis
964 3360 1125 3440 quondam
1163 3359 1336 3434 senatoris,

254 3455 377 3520 scabini
400 3467 431 3520 et
454 3457 610 3531 consulis,
628 3467 660 3522 et
682 3457 869 3523 catharinae
888 3457 928 3522 de
946 3457 1090 3532 llarneff,
1108 3457 1191 3522 illine
1205 3456 1338 3523 loannis

254 3562 286 3618 et
301 3555 466 3620 Susanuae
482 3555 674 3630 Absolcens,
691 3555 790 3620 abbas
806 3555 837 3621 S.
857 3555 1025 3621 certrudis
1046 3555 1221 3635 septimum
1245 3564 1337 3620 antea

252 3669 308 3716 sex
334 3653 427 3718 annis
454 3664 564 3734 pastor
591 3654 622 3717 in
650 3654 804 3728 llelvoirt,
820 3653 936 3719 deinde
958 3654 989 3717 in
1013 3655 1159 3718 intimum
1184 3653 1337 3719 ordinum
1461 3643 1463 3648 ’

252 3751 442 3816 Brabantiae
468 3751 645 3817 Concilium
674 3753 828 3832 adscitus,
856 3753 888 3816 in
916 3755 1184 3818 conservatorum
1211 3753 1339 3834 eligitur

253 3849 291 3912 16
314 3849 464 3915 februarii
489 3852 582 3914 lcltl.
598 3851 738 3917 Turbato
756 3853 863 3934 Belgio
881 3851 1072 3918 factionibus
1088 3849 1336 3930 baereticorum,

252 3946 369 4014 Urbem
384 3949 675 4030 Sylvaeducensem
692 3953 823 4016 armatis
840 3952 990 4032 precibus
1010 3952 1041 4014 in
1067 3950 1216 4015 catlrolici
1241 3949 1338 4031 Regis

250 4045 407 4128 obsequio
444 4049 620 4120 continuit;
659 4050 699 4114 de
735 4067 798 4131 quo
832 4059 921 4116 actae
958 4051 1002 4114 illi
1041 4066 1058 4114 a
1096 4049 1182 4130 Rege
1217 4049 1338 4132 gratiae

250 4143 290 4207 22
331 4146 513 4230 novembris
550 4149 641 4213 1519.
681 4147 788 4214 llebus
824 4147 1042 4215 afflictissimis
1075 4165 1154 4214 suos
1182 4149 1334 4214 descrere
