3240 4946
708 569 747 582 -
770 534 893 601 503-

247 715 470 790 assnmendis;
496 715 549 798 quj
570 715 605 798 in
631 715 814 781 huiusmodi
839 716 967 798 negotio
987 715 1101 797 honorj
1118 715 1337 782 uniuersitatis

247 815 455 897 prospicient,
472 814 657 897 jdidemque
682 832 740 896 ρτο
754 816 876 881 honore
901 814 1119 880 uniuersitatis
1141 813 1336 890 conducent,

159 981 163 987 .
246 915 340 982 etiam
370 914 441 982 sine
471 913 626 980 relatione
652 914 690 978 ad
718 913 980 992 uniuersitatem
1008 913 1158 994 quodque
1185 913 1338 978 dominus

247 1012 691 1095 conseruatorjnterrogetur
706 1029 746 1076 an
769 1013 809 1078 de
833 1013 988 1080 moderno
1012 1011 1142 1077 domino
1166 1027 1337 1078 assessore

246 1112 354 1179 iacere
376 1113 453 1178 vetit
476 1113 560 1178 sicut
582 1113 622 1178 de
646 1129 855 1194 precessore;
880 1113 920 1178 de
944 1113 1066 1179 decano
1082 1121 1187 1178 autem
1206 1111 1335 1176 Bruxel-

247 1211 341 1286 lensi,
356 1211 441 1294 quod
455 1211 529 1293 jpse
545 1220 676 1293 rogetur
693 1212 821 1278 nomine
835 1211 1055 1277 uniuersitatis
1069 1212 1107 1276 ad
1125 1209 1336 1275 exercendam

248 1327 338 1374 snam
350 1309 606 1391 jurisdictionem
620 1309 802 1376 scolaribus
817 1327 873 1392 per
885 1327 968 1392 quos
981 1309 1015 1391 jn
1030 1309 1171 1391 judicem
1184 1309 1336 1390 erigerum

249 1409 389 1491 alioquin
407 1408 491 1491 quod
509 1409 586 1474 vetit
601 1425 698 1476 virum
714 1410 763 1475 vel
786 1409 868 1475 dnos
892 1408 1104 1490 subdelegare
1127 1407 1179 1490 quj
1204 1407 1343 1474 eandem·

250 1515 430 1584 exerceant,
447 1507 474 1573 si
491 1507 641 1576 videlieet
654 1508 726 1590 jpse
742 1507 876 1575 eandem
893 1525 1127 1575 exercerenon
1142 1507 1248 1574 vetit..

584 1658 653 1713 Acte
670 1659 869 1724 Unioeret'tctts,
886 1658 921 1724 V,
937 1657 985 1716 fol.
1001 1659 1053 1728 oclj
1069 1665 1095 1712 r⁰
1108 1661 1135 1712 eb
1146 1665 1186 1715 τῦ.

291 1829 329 1894 18
345 1829 467 1894 octobre
483 1820 574 1897 teta.
594 1831 743 1898 Rectorat
758 1832 798 1898 de
813 1833 890 1898 bean
907 1832 948 1898 de
964 1830 1096 1897 Palude.

291 2003 346 2070 [bie
369 2004 480 2070 martis
504 2005 578 2088 xviij
594 2007 737 2072 octobris
757 2006 878 2089 jndicta
894 2007 953 2073 init
975 2004 1184 2088 congregatio
1207 2003 1335 2068 vniuer-

249 2102 353 2265 ziitatis
365 2105 471 2268 ιζτορυριξτ8
483 2104 740 2188 augustinenses
763 2107 842 2172 hora
859 2122 943 2173 nona
965 2115 1038 2172 ante
1054 2104 1220 2172 meridiem
1238 2119 1337 2184 super·

280 2219 310 2283 Js
326 2219 362 2266 ar
475 2252 482 2266 .
537 2257 542 2262 .

290 2400 410 2468 Deinde
426 2402 507 2468 lecta
524 2403 582 2468 suit
597 2422 656 2470 vna
672 2405 785 2471 cedula
803 2421 859 2484 per
881 2404 1045 2470 dominum
1069 2409 1332 2468 conseruatorem

247 2499 466 2567 uniuersitatis
490 2519 548 2583 pro
576 2521 733 2585 responso
760 2521 859 2585 super
889 2502 1066 2584 propositis
1097 2517 1152 2581 per
1182 2497 1331 2565 dominos

247 2597 418 2680 deputatos
431 2601 652 2668 uniuersitatis
666 2603 718 2667 die
730 2602 889 2668 dominica
903 2601 1046 2682 proxime
1060 2599 1211 2681 preterita
1228 2597 1331 2664 eidem

248 2695 340 2762 iactis
353 2699 451 2764 missa
465 2702 774 2784 tenorissequentis.
789 2702 854 2768 Nos
866 2701 1134 2766 iohannesebbas
1148 2695 1333 2778 monasteri]¹

250 2804 361 2861 sancte
377 2797 544 2863 (bertrudis
561 2799 773 2866 Louaniensis
788 2809 1001 2866 conseruator
1013 2799 1132 2881 jurium
1156 2805 1187 2862 et
1203 2795 1334 2878 priutte·

251 2895 377 2974 giorum
408 2896 490 2961 aime
519 2899 736 2964 uniuersitatis
766 2899 976 2964 ttouaniensis
1011 2898 1215 2964 notificamus
1244 2893 1335 2960 vobis

252 2991 383 3056 domino
413 3010 450 3058 ac
480 2997 634 3078 magistro
659 2997 794 3080 bohannj
826 2999 865 3063 de
895 2997 1013 3064 Pabnde
1041 2995 1158 3077 rectorj
1189 2993 1333 3061 eiusdem

254 3090 336 3155 alme
351 3091 568 3159 vniuersitatis
588 3096 672 3176 quod
691 3097 770 3160 abias
788 3107 955 3177 postquam
978 3095 1170 3162 venerabilis
1184 3093 1335 3158 dominus

251 3189 404 3270 magister
420 3189 532 3256 Petrus
548 3193 588 3259 de
602 3193 723 3259 Thonis
739 3195 906 3276 veriusque
918 3194 1000 3275 juris
1015 3194 1128 3260 doctor
1147 3201 1178 3258 et
1193 3193 1336 3256 decanus

249 3287 486 3355 Rothnacensis
509 3291 629 3356 dimisit
651 3303 683 3358 et
704 3294 742 3357 ad
761 3310 874 3359 manus
891 3302 1019 3358 nostras
1036 3292 1179 3374 reposuit
1194 3289 1333 3356 officium

248 3389 440 3466 assessorie,
472 3391 708 3470 assumpsimus
736 3393 770 3474 in
800 3393 904 3458 iocum
939 3391 1083 3457 eiusdem
1113 3387 1333 3456 honorabilem

248 3485 352 3551 virum
371 3489 558 3569 magistrum
571 3489 749 3557 iohannem
767 3491 807 3556 de
821 3491 945 3556 Loernet
963 3491 1129 3572 utriusque
1141 3488 1223 3570 juris
1236 3486 1334 3552 licen·

252 3587 361 3649 tiatum
386 3595 417 3652 et
440 3589 630 3654 canonicum
651 3589 791 3672 jnsignis
813 3590 953 3656 ecclesie
972 3588 1177 3660 Leodiensis;
1202 3603 1274 3651 num
1298 3602 1334 3650 ea
1414 3597 1416 3605 ’

252 3693 355 3749 tamen
374 3687 607 3767 protestatione
620 3689 702 3770 quod
722 3707 778 3771 per
795 3690 877 3754 banc
891 3687 1142 3754 notificationem
1156 3702 1218 3750 non
1230 3683 1336 3766 juten-

251 3783 356 3848 dimus
374 3785 574 3865 preiudieare
590 3789 683 3853 nobis
699 3798 753 3854 aut
770 3789 890 3854 nostris
906 3785 1153 3853 successoribus
1165 3801 1221 3849 seu
1238 3783 1334 3850 etiam

249 3881 394 3964 collegis,
409 3886 560 3965 qnoniam
575 3887 752 3967 poterimus
764 3905 821 3954 seu
832 3885 894 3968 jpsi
909 3893 1045 3967 possunt
1057 3884 1157 3949 tibere
1169 3898 1335 3948 assumere

249 3997 450 4047 assessorem
467 3986 632 4050 autetiam
649 3997 850 4068 assumptum
871 3985 1057 4061 destituere,
1075 3983 1149 4048 dnm
1172 3981 1265 4048 nobis
1281 3989 1335 4047 aut

246 4077 330 4158 ipsis
353 4081 505 4160 expedire
526 4083 698 4150 videbitur.
722 4087 825 4166 Super
846 4100 909 4166 quo
935 4082 1127 4148 uniuersitas
1153 4081 1335 4146 deliberans

250 4177 410 4242 eonetnsir
424 4179 605 4246 huiusmodi
617 4183 868 4264 insinuationem
878 4181 1077 4266 plaeere,sed
1088 4196 1126 4245 en
1136 4179 1333 4244 satisfactum

252 4275 294 4342 sit
319 4286 351 4342 et
377 4293 417 4341 an
440 4278 590 4345 dominus
612 4298 762 4348 assessor
789 4290 973 4364 assumptus
997 4279 1115 4361 poterit
1141 4294 1270 4344 manere
1294 4277 1335 4344 de
