3240 4946
698 431 882 496 -491-

163 735 165 740 ,
288 663 306 725 3
323 663 483 754 novembre
500 663 590 726 lbbl.
609 664 761 728 Rectorat
777 661 816 727 de
831 662 967 744 lacones
984 661 1132 762 Bogaert.

285 862 362 942 lpso
385 862 437 926 die
461 861 590 946 liuberti
616 869 688 941 post
711 862 842 926 missam
867 879 925 941 pro
949 860 1109 926 delunotis
1122 861 1155 942 jn
1172 860 1331 926 vnioersi-

245 968 309 1025 tate
332 961 415 1042 apud
438 959 662 1026 Predieatores
686 962 878 1027 celebratam
898 960 1019 1042 judicto
1043 960 1100 1023 luit
1124 960 1330 1041 congregatio

245 1059 464 1124 uniuersitatis
485 1060 568 1139 apud
593 1076 725 1140 paruum
751 1059 976 1133 relectorium
998 1059 1031 1140 jo
1055 1074 1117 1140 qua
1139 1058 1330 1124 Franciscus

244 1158 284 1221 de
305 1159 403 1239 ligno
420 1175 612 1238 comparens
630 1159 770 1240 porrexit
786 1159 956 1239 quamdam
973 1157 1251 1239 supplicationem,
1269 1175 1331 1238 que

240 1257 360 1338 jbidem
377 1257 458 1322 lecta
474 1257 588 1332 extitit,
605 1274 667 1338 qua
681 1257 714 1338 jn
733 1257 849 1322 ellectu
866 1256 1061 1338 supplicauit
1077 1273 1113 1321 se
1128 1265 1159 1321 et
1174 1255 1330 1321 ludooum

243 1355 362 1421 vander
386 1356 514 1421 llocuen
538 1357 579 1421 ob
602 1365 634 1422 et
661 1365 793 1437 propter
821 1372 937 1420 causas
960 1355 995 1438 jn
1023 1355 1134 1420 eadem
1161 1364 1329 1421 contentas

243 1453 367 1535 absolui
389 1471 406 1518 a
430 1463 594 1519 contractu
620 1454 743 1535 pridem
768 1471 825 1534 per
847 1471 904 1520 eos
924 1453 1005 1536 jnito
1030 1471 1103 1518 oum
1120 1453 1329 1520 uniuersitate

244 1570 343 1632 super
365 1567 463 1619 onere
485 1553 632 1634 soluendi
657 1553 814 1619 ducentos
842 1563 952 1632 petros
978 1567 1166 1616 communes
1192 1551 1327 1634 singulis

244 1653 337 1716 annis
360 1659 446 1716 stolo
470 1669 527 1716 sex
550 1667 707 1718 annorum
732 1653 867 1717 durante
889 1651 1029 1716 dominis
1051 1650 1273 1732 conseruatori
1297 1661 1328 1716 et

243 1750 420 1831 assessorj;
445 1751 529 1816 vnde
548 1749 736 1816 effluxerunt
752 1751 816 1817 duo
832 1749 905 1832 aunj
922 1751 972 1816 vel
989 1749 1129 1816 circiter.
1146 1751 1328 1831 Superque

243 1849 436 1915 uniuersitas
451 1850 634 1918 deliberans
650 1850 811 1916 commisit
832 1849 961 1930 rectorj,
979 1849 1138 1930 deputatis
1154 1847 1328 1929 ordinariis

243 1955 275 2013 et
291 1948 494 2014 assumendis
510 1966 567 2032 per
582 1948 748 2014 dominum
765 1957 936 2014 rectorem.

579 2106 647 2162 Acta
665 2106 864 2169 Uniaersltatis,
880 2103 914 2170 V,
931 2105 978 2162 fol.
994 2104 1098 2176 cxxxiij
1141 2111 1176 2160 τ’.

286 2293 326 2358 99
341 2294 498 2359 novenbre
515 2293 605 2357 tttot.
624 2292 773 2360 tteetcrar
788 2292 828 2359 dc
843 2292 981 2375 tarquas
996 2292 1143 2375 Bogaert.

287 2493 341 2557 bie
372 2492 499 2558 veneris
530 2491 703 2572 penultima
735 2491 855 2556 mensis
889 2489 1075 2556 nouembris
1109 2489 1231 2572 indicta
1269 2489 1328 2555 luit

241 2591 448 2674 congregatio
472 2591 692 2657 uniuersitatis
715 2591 797 2672 apud
822 2588 1145 2671 Predioatoresjnter
1161 2605 1277 2654 nonam
1294 2597 1326 2655 et

241 2690 396 2756 decimam
412 2691 509 2755 horas
525 2701 599 2755 ante
616 2688 780 2755 meridiem
797 2688 972 2772 superbiis
989 2687 1143 2753 articulis.

285 2888 406 2952 Deinde
429 2889 570 2952 narrauit
593 2888 742 2954 dominus
768 2897 875 2953 rector
896 2887 1033 2970 qualiter
1049 2885 1168 2968 domini
1184 2884 1326 2967 deputati

243 2986 462 3051 uniuersitatis
484 2987 688 3052 contulerunt
711 3004 809 3068 super
836 2987 1071 3070 supplicatione
1098 2985 1259 3066 Franciscj
1287 2986 1327 3050 de

242 3085 342 3168 ligno
366 3093 397 3149 et
417 3084 528 3166 lodoci
552 3086 673 3150 vander
690 3086 819 3150 llneoen
834 3085 868 3166 jn
886 3085 1062 3150 nouissima
1078 3085 1327 3166 congregatione

242 3183 460 3248 uniuersitatis
477 3183 576 3258 lecta;
594 3192 624 3248 et
640 3183 880 3264 quiadominus
904 3201 967 3248 non
991 3183 1086 3248 audet
1109 3183 1190 3247 bene
1213 3199 1327 3264 accep-

242 3292 309 3347 tare
332 3299 414 3346 0nus
439 3281 676 3362 jurisdictionis
699 3282 758 3346 sub
783 3282 918 3363 pristino
942 3291 1038 3358 statu,
1064 3289 1195 3361 propter
1216 3280 1326 3345 literas

242 3381 461 3445 uniuersitatis
486 3379 618 3462 prineipj
643 3381 743 3455 datas,
765 3380 870 3461 posuit
883 3379 917 3461 jn
934 3377 1164 3444 deliberatione
1179 3377 1325 3443 domino·

242 3497 325 3555 rum,
343 3497 382 3542 an
400 3497 439 3544 ne
455 3481 601 3544 videatur
616 3479 802 3560 expediens,
819 3479 955 3561 aliquem
971 3488 1094 3561 gratum
1112 3476 1326 3542 Reuerendis-

243 3579 325 3642 simo
342 3579 472 3644 domino
489 3578 649 3660 Episcopo
665 3579 878 3644 tlttrebatensi
897 3579 1022 3642 mittere
1045 3575 1261 3657 Antwerpiam
1285 3577 1324 3640 ad

243 3677 380 3742 eundem
418 3694 477 3759 pro
512 3695 676 3743 consensu
714 3678 869 3759 principis
905 3675 1092 3742 obtinendo.
1124 3675 1226 3756 Super
1261 3692 1326 3756 quo

241 3775 434 3841 uniuersitas
450 3775 634 3841 deliberans
650 3777 810 3842 conclusit
826 3776 910 3857 quod
927 3776 1092 3839 mittantur
1107 3773 1325 3854 antuerpiam

241 3873 381 3957 deputat]¹
403 3875 453 3940 vel
478 3892 571 3954 onus,
596 3875 748 3940 videlicet
769 3874 920 3940 dominus
946 3874 1088 3939 decanus
1113 3872 1214 3954 sancti
1243 3873 1325 3954 Petri

241 3973 451 4056 bononiensis
477 3975 505 4037 si
532 3975 623 4039 solus
645 3974 695 4056 jre
721 3974 809 4048 velit.
837 3973 978 4055 alioquin
1005 3973 1195 4054 adiungatur
1221 3970 1325 4036 eidem

242 4089 335 4148 vitus,
354 4072 393 4135 ad
409 4073 617 4137 obtinendum
633 4073 739 4139 medio
757 4071 1029 4152 Reuerendissimp'
1043 4071 1162 4136 domini
1176 4070 1325 4152 Episcopi

242 4172 456 4237 Traiectensis
472 4171 540 4256 (air)
556 4189 752 4239 consensum
768 4173 924 4256 principis
940 4189 998 4256 pro
1010 4188 1069 4237 vsu
1085 4170 1325 4237 conseruatorie
