3222 4944
687 451 803 522 —lbi
832 491 870 504 -α

233 635 279 708 De
293 642 360 707 suis
376 648 403 706 et
427 640 569 722 lepitimis
590 639 695 704 liberis
707 639 749 721 (1)
771 653 802 706 at
826 637 987 722 usquead
1011 638 1105 702 lirrcm
1128 638 1207 704 sexti
1231 633 1316 703 libri.

235 745 270 804 lit
295 740 412 806 deindo
439 740 470 802 in
496 741 635 820 septimo
661 739 744 804 libro
772 742 815 804 ile
838 740 1024 820 usucapione
1044 755 1101 818 pro
1124 737 1318 819 emptoreit)

235 857 308 904 aum
331 838 542 921 sequentibus
564 839 838 904 concernentibus
862 837 1011 902 materias
1028 837 1271 918 posscssionum
1288 847 1320 904 ct

237 938 525 1020 prascripcionum
543 938 739 1004 transeundo
757 947 866 1018 postea
883 938 920 1001 ad
945 937 1069 1001 titulum
1095 929 1138 1000 lie
1158 939 1320 1000 sententiis

232 1037 435 1120 prefectorum
449 1041 581 1120 preloris
593 1037 638 1118 (3)
659 1048 690 1102 et
711 1038 868 1116 Quomodo
884 1044 912 1100 et
929 1038 1051 1118 quando
1066 1037 1165 1114 judea
1177 1035 1235 1118 (4),
1253 1036 1315 1111 vel,

233 1137 386 1202 obmissis
404 1137 509 1201 miuus
526 1137 657 1202 utilibus
673 1137 773 1201 titulis
791 1137 1079 1217 prescripaiouum
1095 1134 1146 1199 liet
1161 1135 1318 1200 transitus

235 1237 274 1300 ad
292 1237 403 1302 titulos
419 1238 656 1302 semunciarum
675 1245 707 1300 ct
721 1236 989 1316 appellationum.

278 1383 316 1447 Et
344 1393 482 1465 quatuor
511 1383 604 1447 annis
636 1383 803 1456 revolutis,
831 1399 903 1448 cum
935 1382 989 1448 iret
1018 1383 1140 1447 reditus
1170 1383 1208 1446 ad
1239 1383 1322 1447 hana

235 1483 412 1548 secundam
436 1494 569 1562 partem,
586 1481 706 1546 assumi
730 1491 880 1562 putarunt
896 1499 955 1562 pru
970 1482 1222 1546 extraordinaria
1239 1481 1320 1546 tituli

237 1582 382 1647 utiliores
399 1582 673 1662 prasortpcionum
693 1581 742 1646 vel
765 1581 1002 1647 sententiarum
1019 1591 1050 1646 et
1065 1581 1321 1662 appellacionum

239 1681 379 1746 devoluti
396 1681 452 1763 (a),
469 1689 524 1745 aut
546 1683 578 1744 iu
600 1685 715 1746 octavo
733 1680 820 1745 libro
842 1680 969 1746 Codicis
993 1680 1073 1744 tituli
1098 1679 1198 1762 magis
1215 1680 1321 1743 utilas.

239 1779 277 1844 tlt
292 1796 332 1844 eo
347 1795 431 1843 anuo
447 1779 487 1844 de
503 1795 578 1844 scra
594 1778 648 1843 liet
664 1778 788 1843 initium
804 1795 821 1843 a
841 1779 933 1844 titulo
957 1781 1000 1842 De
1021 1779 1131 1859 leontis
1154 1779 1256 1859 primo
1272 1778 1322 1855 (b),

239 1878 292 1960 qui
321 1886 407 1942 totus
434 1877 558 1958 legetur
585 1894 643 1959 pro
669 1877 843 1942 ordinaria.
860 1876 898 1940 Et
923 1877 998 1942 inde
1025 1876 1079 1942 iict
1105 1875 1258 1941 transitus
1285 1877 1322 1940 ad

240 1977 365 2040 titulum
403 1977 446 2039 De
482 1973 705 2040 conditionibus
734 1983 763 2039 et
794 1977 959 2041 demonstr.
981 1976 1037 2058 (l),
1069 1975 1204 2058 legendo
1235 1985 1324 2040 nota-

240 2075 373 2139 biliores
400 2075 500 2156 leges.
529 2075 565 2138 Et
592 2074 666 2140 iude
692 2075 729 2138 ad
752 2075 883 2154 titulum
909 2076 959 2140 Ad
983 2079 1119 2154 [serratus
1144 2076 1326 2152 uernultum]

245 2173 470 2240 Trebellianum
486 2172 543 2256 (8),
564 2175 658 2238 ctiam
685 2174 822 2255 legendo
849 2175 1055 2240 notabiliores
1081 2175 1182 2256 legas.
1204 2175 1240 2239 lit
1266 2190 1324 2254 pru

213 2356 215 2360 Ι
244 2273 495 2338 extraordinaria
525 2273 671 2354 legentur
700 2282 766 2338 tres
796 2274 876 2338 tituli
905 2275 947 2338 lle
972 2274 1079 2355 lepatis
1104 2276 1248 2339 secundo
1275 2273 1323 2338 vel

245 2372 357 2449 tercio,
374 2381 427 2436 aut
442 2371 505 2436 alio
520 2389 559 2437 ex
581 2371 671 2436 libris
694 2372 915 2453 sequentibus,
933 2389 1005 2437 curu
1029 2382 1093 2436 tota
1118 2373 1170 2436 illa
1195 2389 1269 2452 pars
1286 2374 1329 2437 sit

246 2471 344 2536 utilis.
372 2471 410 2535 m
438 2481 606 2552 propteroa
637 2471 753 2552 poturit
782 2471 902 2537 servari
932 2471 1012 2536 ordo
1038 2471 1241 2535 materiarum
1271 2488 1328 2552 pru

245 2571 469 2636 convenientia
485 2587 655 2634 annorum.
679 2571 716 2634 Et
731 2571 804 2651 quia
820 2572 882 2635 icoc
898 2588 983 2636 anno
1000 2571 1111 2651 legens
1135 2571 1330 2634 ordinariam

237 2669 321 2754 juris
344 2668 449 2733 civilis
471 2669 511 2733 de
534 2685 627 2734 mune
651 2669 771 2751 incurrit
793 2667 824 2732 iu
848 2681 939 2734 sexto
962 2669 1073 2753 [libro]
1095 2668 1236 2744 Codicis,
1260 2669 1331 2750 ipsa

243 2768 413 2832 lectionum
431 2784 522 2832 suant
541 2785 598 2848 pro
614 2768 756 2834 secunda
776 2779 863 2849 parte
879 2769 1040 2832 ordirraria
1058 2785 1113 2850 par
1130 2767 1241 2832 boram
1259 2785 1330 2831 cunr

247 2867 350 2930 media
373 2866 572 2930 continuabit
594 2883 666 2931 cum
691 2867 825 2941 calamo,
848 2867 932 2932 sicut
957 2867 1086 2947 incepit.
1105 2865 1141 2929 lit
1158 2881 1215 2946 pro
1233 2867 1332 2947 prima

248 2971 335 3043 parte
368 2965 620 3029 extraordinaria
657 2983 714 3046 per
751 2965 886 3030 mediam
925 2967 1035 3030 horam
1072 2975 1215 3030 assumet
1252 2967 1333 3029 tales

250 3061 360 3127 titulos
378 3061 408 3124 iu
428 3061 499 3143 ipsu
522 3073 612 3127 sexto
636 3063 718 3127 libro
740 3063 789 3129 vcl
814 3064 845 3127 iu
869 3063 1007 3142 septimo
1027 3064 1114 3144 jrrxla
1137 3063 1332 3128 voluntatum

246 3177 348 3234 suam,
376 3161 512 3241 legendo
539 3162 624 3226 sicut
651 3171 853 3242 prenotatam
880 3173 941 3226 est.
971 3163 1116 3227 Etanna
1143 3162 1251 3226 lutura
1279 3161 1333 3226 liat

247 3259 379 3324 inicium
403 3261 433 3322 iu
451 3261 552 3340 prims
570 3269 658 3340 parte
676 3261 795 3342 [ligasti
812 3262 931 3326 veteris
947 3261 1125 3326 secuudum
1141 3261 1286 3326 ordinem
1301 3270 1333 3325 ct

249 3359 378 3423 modum
393 3359 544 3440 superius
560 3359 752 3424 declaratos.
772 3361 808 3424 Et
824 3359 942 3440 puriter
957 3361 1068 3441 legens
1084 3359 1124 3424 de
1139 3377 1214 3425 sero
1230 3359 1335 3424 acuti·

248 3457 359 3522 nuabit
375 3457 546 3523 lectionem
563 3474 654 3522 suam
670 3475 742 3522 cum
767 3459 890 3524 calamo
915 3476 971 3539 per
994 3458 1116 3533 huram,
1138 3459 1334 3523 assumendo

284 3670 323 3742 (1)
343 3672 409 3728 eod.
426 3673 462 3726 Vl
481 3673 526 3728 55.
544 3673 581 3727 Le
605 3673 756 3728 manuscrit
779 3677 857 3744 porto
879 3673 915 3728 ici
937 3673 1111 3729 crroncmcut
1133 3678 1277 3728 heredibus
1299 3691 1333 3727 au

249 3761 304 3817 liuu
324 3764 358 3818 ds
378 3767 480 3821 liberis.
497 3765 535 3818 Le
554 3765 619 3819 titre
638 3767 679 3819 Dc
698 3771 757 3820 suis
776 3773 801 3819 et
820 3769 947 3832 lepitimis
965 3771 1109 3820 berudlbus
1129 3765 1177 3820 isit
1197 3765 1285 3836 partic
1299 3765 1336 3818 du

248 3853 392 3920 Dipcsium
404 3854 562 3918 (xxxvtll
582 3854 634 3926 16),
650 3861 678 3910 ct
691 3873 746 3910 non
760 3873 809 3925 pas
823 3855 859 3910 du
876 3857 976 3913 Codaa.
999 3888 1022 3897 -
1039 3857 1075 3930 (2)
1096 3857 1163 3913 eod.
1179 3856 1228 3910 vll
1243 3856 1289 3910 26.
1302 3886 1336 3896 —

248 3943 284 4016 (3)
303 3945 370 4002 Cod.
386 3945 435 3999 vll
451 3947 497 4000 42.
514 3976 543 3987 -
561 3947 597 4016 (il
617 3947 683 4001 Cod.
699 3946 747 3999 vll
763 3947 798 4001 43
824 3977 859 3986 -
875 3947 913 4020 (5)
933 3949 1007 4001 Tuus
1019 3965 1065 4002 ces
1078 3949 1155 4002 titres
1169 3965 1198 4001 sc
1211 3953 1338 4001 trouvent

248 4034 316 4090 dans
341 4039 367 4090 le
391 4037 458 4092 livre
480 4037 528 4090 till
553 4037 588 4091 du
615 4039 714 4092 Codeta.
733 4068 764 4078 -
780 4038 816 4107 (6)
836 4037 903 4094 cod.
921 4039 954 4092 vl
979 4039 1024 4094 37.
1043 4071 1073 4080 -
1090 4041 1128 4110 (7)
1149 4041 1185 4093 La
1209 4039 1274 4092 lituu
1298 4039 1339 4090 De

248 4127 450 4182 conditionibus
473 4138 496 4182 et
518 4131 796 4182 demonstrationibus
819 4130 869 4183 tait
892 4132 981 4202 partie
1004 4131 1039 4184 du
1062 4132 1212 4197 Dipcstum.
1237 4130 1258 4182 ll
1279 4131 1338 4182 saut

249 4232 314 4271 sans
328 4219 410 4273 docto
425 4219 475 4272 lire
489 4219 523 4274 ici
539 4221 578 4273 De
592 4224 807 4274 condictionibus
821 4227 932 4275 insertis
945 4229 1003 4275 tam
1016 4227 1123 4288 icamia,
1137 4226 1208 4288 stc.;
1224 4237 1255 4274 cc
1272 4219 1337 4272 titre

249 4323 279 4360 sc
292 4313 388 4364 trouva
401 4309 469 4364 daus
482 4310 510 4364 ls
524 4309 615 4364 (iodea
627 4309 664 4364 VI
678 4310 724 4366 ln.
740 4337 776 4352 -
789 4311 828 4384 (8)
847 4312 914 4369 Cud.
931 4311 966 4367 Vl
980 4311 1026 4367 49.
