3112 4942
678 444 845 508 ..pp-

213 623 440 692 concessionis
456 623 630 705 intringere
650 625 698 690 rel
722 625 751 691 ei
775 641 853 693 ausu
878 625 1048 691 temerario
1074 623 1247 698 contraire.
1271 623 1302 688 Si

214 722 287 804 quis
316 731 422 786 autern
451 722 513 788 lroc
543 732 734 804 attemptare
766 723 1021 805 presumpserit,
1052 723 1303 805 indignationem

106 877 110 884 .
214 820 445 903 omnipotentis
471 821 522 887 dei
549 831 581 887 et
607 823 774 888 beatorum
802 823 887 888 Petri
915 833 947 888 et
970 822 1056 888 Pauli
1083 822 1306 904 apostolorum·

214 920 285 984 eius
300 936 337 986 se
359 921 485 986 nouerit
508 919 723 994 incursurum.
738 921 811 986 ilat.
831 921 931 986 itone
953 922 1036 1002 apud
1053 929 1186 988 sanctos
1206 937 1303 1002 apos·

213 1020 300 1086 totos
317 1035 360 1082 .v.
375 1017 452 1100 jdus
466 1018 665 1099 Septembris
682 1019 886 1088 rontttcatus
902 1021 1004 1086 nostri
1020 1036 1105 1086 auno
1121 1019 1258 1092 decimo.

257 1354 331 1411 Aux
346 1348 535 1411 documenta
554 1363 748 1412 concernant
769 1347 999 1412 les-difficultis
1020 1365 1083 1430 que
1098 1333 1306 1408 tuntrerstte

214 1446 376 1510 naissantc
397 1450 537 1525 eprouve
560 1466 643 1528 pour
665 1459 769 1510 entrer
791 1465 830 1509 en
849 1445 1027 1527 jouissance
1048 1445 1103 1507 des
1126 1444 1249 1507 laveurs
1271 1455 1302 1507 et

213 1545 270 1609 des
291 1545 489 1627 exemptions
511 1543 709 1625 pontificales
733 1581 769 1592 -
793 1545 983 1609 documenta
1011 1563 1074 1627 que
1100 1545 1305 1605 nous'avons

214 1643 399 1727 reproduits
428 1643 590 1714 cidecsus,
622 1661 677 1724 pp.
710 1643 746 1705 tt
776 1659 806 1708 ct
835 1663 902 1706 svr.
932 1679 973 1690 -
1012 1663 1054 1705 on
1085 1655 1160 1724 peut
1190 1657 1304 1702 encore

213 1741 340 1823 ajouter
349 1741 395 1805 les
406 1740 488 1805 deux
500 1742 663 1806 suivants:
685 1753 714 1806 ιθ
726 1741 999 1823 leprocbs·verbal
1012 1741 1051 1804 de
1063 1741 1092 1803 la
1106 1737 1303 1822 publication

215 1839 388 1904 solennelle
409 1839 449 1903 de
463 1839 494 1903 la
516 1839 602 1902 bulle
623 1839 664 1903 de
679 1840 844 1904 MartinV
868 1839 1039 1903 recordant
1060 1857 1122 1901 aux
1147 1837 1306 1900 membres

217 1939 256 2003 de
271 1939 477 2003 t’tJniversite
496 1938 525 2000 la
541 1937 687 2020 dispense
708 1938 790 2002 dela
812 1939 973 2002 residence
994 1957 1076 2022 pour
1091 1937 1135 2000 les
1150 1933 1307 1998 benefices

217 2039 313 2122 qu'ils
328 2037 543 2121 possedaient;
560 2051 590 2102 et
605 2049 638 2102 2⁰
654 2057 696 2100 un
713 2051 780 2101 acte
795 2037 918 2102 notarie
934 2037 1127 2100 renferrnant
1151 2053 1214 2098 une
1231 2051 1312 2116 pro-v

217 2135 367 2200 testation
382 2134 426 2196 du
451 2135 613 2215 magistrat
628 2135 668 2198 de
685 2135 830 2200 Louvain
846 2149 956 2199 contre
974 2135 1018 2196 les
1032 2133 1239 2215 agissements
1259 2129 1303 2192 du

218 2229 321 2320 clerge
335 2233 375 2296 de
391 2232 497 2316 Liege.
515 2233 607 2320 Volci
623 2234 652 2296 le
666 2247 749 2299 texte
763 2234 803 2296 de
817 2254 869 2298 ces
884 2235 967 2297 deux
982 2233 1171 2296 documenta
1191 2251 1198 2290 :

751 2429 776 2494 l.

222 2611 266 2675 Le
283 2611 386 2693 preco!
407 2611 445 2674 de
458 2607 744 2675 Scittio-Gertrudo
759 2611 798 2673 de
811 2611 962 2684 Louueiu,
979 2607 1105 2688 doteque
1124 2609 1143 2670 ὰ
1165 2615 1212 2670 cet
1234 2605 1304 2684 esset

260 2727 318 2791 pur
343 2709 372 2772 le
393 2725 474 2790 pape
501 2710 619 2774 Martie
637 2709 679 2784 t',
702 2708 806 2790 public
830 2707 1079 2772 sobnueltemeut
1104 2706 1135 2770 la
1160 2704 1240 2769 butte
1263 2705 1306 2767 ctu

230 2825 232 2832 ·
260 2807 281 2870 9
301 2807 458 2872 deambre
480 2805 572 2883 tttt,
594 2825 652 2888 pur
673 2806 803 2888 bustello
823 2806 868 2871 lec
886 2806 1034 2870 membres
1056 2805 1094 2869 de
1116 2801 1309 2870 [Universite

232 2948 236 2956 -
262 2908 299 2970 ue
320 2907 458 2972 tonum
480 2913 550 2970 sont
569 2905 723 2970 asterites
743 2908 763 2968 ti
783 2906 949 2986 perceuoir,
971 2905 1106 2986 pendam
1127 2901 1216 2986 pu'ils
1236 2906 1308 2965 sent

261 3021 326 3070 otta
339 3003 456 3079 dudae,
473 3001 656 3080 terreamus
671 3005 724 3068 cies
739 3003 885 3084 benefica
901 3002 990 3085 pu't'ts
1002 3003 1176 3085 possedeat.
1314 3037 1317 3048 ·

655 3169 688 3224 ιο
705 3169 769 3239 jun
792 3169 872 3225 rear.
942 3143 946 3158 '

232 3345 237 3356 .
262 3290 557 3360 Reuerenuissimis
573 3291 767 3358 Patriarubis
782 3299 814 3357 et
825 3287 1305 3374 archiepiscopis,reuerentia

221 3388 390 3472 Episcopis
412 3389 444 3454 in
460 3389 589 3456 Christo
605 3389 750 3470 patribus
771 3389 976 3468 abdominis,
994 3406 1170 3471 eorumque
1193 3388 1225 3452 in
1241 3385 1307 3468 spi-

224 3488 392 3556 ritualibus
403 3497 436 3554 et
448 3488 678 3570 temporalibus
691 3487 824 3569 vicariis
836 3496 869 3553 et
880 3487 1075 3554 Officialibus
1086 3486 1305 3570 generalibus,

221 3603 345 3656 necnon
368 3585 608 3654 venerabilibus
630 3595 662 3652 et
677 3586 923 3668 circumspectis
945 3587 1090 3668 patribus
1112 3595 1145 3652 et
1166 3583 1308 3650 dominis

220 3687 409 3768 Abbatibus,
438 3685 615 3763 Prioribus,
643 3685 832 3768 Prepnsitis,
862 3687 1011 3764 oceanis,
1038 3684 1305 3768 Archydiaconis,

221 3785 385 3866 sapientis,
417 3795 480 3849 tarn
510 3784 828 3866 metropolitanarum
865 3803 959 3868 quam
987 3785 1218 3852 cathedralium
1248 3789 1319 3848 seu,

221 3883 458 3966 collegiatarum
481 3883 665 3960 canonicis,
681 3883 857 3950 aliarumve
875 3884 1092 3950 ttcctesiarun
1117 3881 1309 3966 presbiteris

221 3983 341 4048 euntis
375 3991 408 4047 et
444 3999 508 4048 non
542 3982 676 4058 caratis,
707 3982 890 4064 ceterisque
925 3984 1054 4050 clericis
1089 3992 1122 4048 et
1157 3980 1308 4064 personis

221 4077 452 4163 cuiuscumque
475 4091 591 4157 status,
617 4081 750 4164 gradus,
773 4081 911 4161 ordinis,
937 4082 1134 4148 conditionis
1155 4089 1211 4146 aut
1233 4096 1308 4162 pre-

221 4177 399 4246 eminencie
424 4179 574 4255 existant,
603 4179 858 4262 quibuscumque
887 4181 1070 4247 nominibus
1099 4188 1307 4253 censeantur,
