3222 4944
754 447 935 524 -iee-

301 637 348 706 los
372 639 558 706 differentes
580 639 789 709 retributions
812 641 974 708 enoncees
996 641 1012 702 e
1036 639 1168 706 I’nrticte
1190 639 1318 706 dernier
1341 641 1384 706 dn

300 739 377 804 terit
388 739 427 805 dc
444 740 567 821 chaque
584 741 713 806 tecntte.

786 857 895 920 XXVI.

342 1005 401 1070 Les
414 1004 702 1070 contraventionse
718 1011 809 1070 notre
822 1003 951 1084 present
967 1003 1155 1086 teglement,
1166 1003 1218 1085 oui
1237 1004 1385 1071 n'enront

300 1121 356 1185 pes
372 1103 422 1170 ete
436 1102 600 1184 corrigees
615 1113 646 1168 et
663 1104 776 1185 punies
792 1119 848 1184 por
863 1103 910 1168 les
923 1102 1017 1184 juges
1032 1102 1072 1168 de
1089 1102 1289 1169 I'Universite
1301 1103 1383 1170 dans

299 1204 328 1269 te
350 1211 451 1268 ternre
473 1202 513 1268 dc
535 1201 615 1266 trots
640 1202 722 1267 mois
744 1201 838 1284 npres
854 1201 970 1268 I'exces
986 1201 1132 1276 commis,
1152 1201 1183 1266 le
1197 1212 1309 1268 seront
1326 1219 1383 1284 per

297 1311 389 1367 notre
405 1299 532 1366 conscit
548 1301 588 1366 de
604 1300 790 1380 Brebencet
810 1301 839 1365 ta
862 1300 1020 1382 diligence
1044 1301 1084 1365 de
1107 1317 1166 1364 nos
1189 1301 1383 1367 conseillers

297 1399 436 1473 insonum
460 1409 492 1465 et
514 1407 586 1466 tons
609 1417 689 1464 oenx
704 1400 757 1482 qni
780 1399 969 1466 setemnent
985 1417 1025 1464 ou
1044 1415 1100 1480 per
1116 1415 1177 1464 une
1195 1399 1382 1482 negtigence

243 1565 244 1569 ,
296 1498 427 1564 edectee
453 1508 568 1564 enront
594 1515 758 1564 concentu
784 1497 802 1563 e
829 1498 946 1565 taisser
972 1497 1085 1566 lesdits
1111 1497 1207 1564 cxoes
1238 1499 1379 1580 impunis

296 1607 405 1663 seront
422 1598 567 1679 corriges
582 1597 850 1674 erbitreiretnent,
868 1597 932 1662 soit
944 1613 1000 1679 per
1016 1597 1043 1662 le
1061 1597 1216 1678 privetion
1233 1598 1274 1664 dc
1290 1597 1381 1664 leurs

221 1687 223 1697 '
295 1711 392 1776 goges
422 1713 462 1761 oo
495 1697 660 1776 pensione,
691 1697 844 1762 amendes
875 1695 1076 1778 pecnnieires
1108 1713 1148 1760 on
1186 1705 1377 1770 entrement‚

296 1794 422 1860 suivant
439 1795 484 1860 tes
500 1795 752 1861 circonstances.

775 1909 899 1974 XXVII.

338 2055 397 2122 Les
419 2065 654 2123 controvenens
674 2057 739 2140 qni,
763 2056 859 2140 apres
881 2057 971 2122 avon
993 2057 1093 2139 quitte
1111 2056 1326 2135 I'Universite,
1344 2075 1383 2124 se

296 2164 485 2220 trouveront
506 2155 586 2222 dens
601 2156 739 2238 quelque
754 2157 907 2238 province
922 2155 977 2238 qni
994 2155 1073 2221 n’est
1091 2155 1179 2236 point
1195 2155 1235 2220 du
1257 2167 1384 2222 ressort

295 2255 337 2318 dn
354 2252 481 2320 Corrseil
498 2255 537 2318 de
555 2254 735 2335 eraoancp
752 2263 864 2320 serent
878 2253 1023 2335 corriges
1040 2271 1096 2336 per
1111 2255 1141 2321 Ic
1157 2254 1283 2321 conscii
1300 2261 1340 2320 de
1354 2255 1382 2320 Io

295 2351 457 2434 province,
475 2352 492 2416 e
508 2351 536 2416 ta
553 2353 684 2434 repnete
700 2353 740 2420 de
757 2371 816 2420 nos
832 2353 1025 2420 consettters
1042 2353 1173 2419 fiscenx.

769 2517 908 2581 XXVIII.

339 2665 399 2732 Les
422 2665 516 2739 edite.
540 2665 764 2732 ordonnences
787 2676 818 2733 et
842 2665 1036 2748 replements
1060 2665 1251 2746 precedents
1267 2677 1382 2730 seront

300 2763 455 2830 observes
486 2781 567 2846 ponr
595 2774 703 2830 nutent
732 2765 804 2846 qn'il
838 2765 886 2846 n’y
915 2773 964 2830 cst
994 2781 1050 2844 pes
1086 2763 1206 2847 deroge
1242 2781 1298 2845 por·
1334 2765 1383 2830 tes

301 2863 481 2945 presentes.

785 2977 896 3043 XXIX.

335 3126 542 3202 rinatenenn
561 3127 650 3192 Nous
676 3127 813 3193 voutons
839 3143 902 3209 poe
929 3137 1021 3194 notre
1045 3125 1175 3207 present
1201 3125 1382 3208 regionem

293 3227 356 3292 soit
370 3227 400 3292 tu
418 3235 449 3292 et
465 3227 609 3307 repubtie
625 3235 697 3292 tons
713 3227 761 3291 tes
773 3243 832 3291 ens
847 3242 907 3290 eux
930 3225 1048 3302 dailos,
1067 3235 1159 3292 entre
1183 3224 1213 3292 Ie
1236 3225 1275 3289 to
1297 3233 1329 3292 et
1351 3225 1384 3290 le

296 3327 335 3390 te
350 3325 500 3400 octobre;
527 3334 558 3391 et
579 3325 609 3392 Ie
631 3326 768 3392 Rectene
783 3326 823 3391 de
839 3323 1043 3390 t'Universite
1058 3341 1098 3390 en
1116 3323 1260 3390 donnere
1277 3325 1380 3406 porte

298 3435 390 3490 notre
404 3425 626 3490 commIssnirc
642 3424 733 3496 roiet,
751 3424 781 3490 Ie
797 3423 871 3505 jour
888 3423 991 3488 rnerne
1013 3423 1053 3488 de
1080 3423 1108 3486 te
1131 3421 1379 3504 repnbtioetion.

336 3604 367 3666 Si
391 3603 540 3670 donnons
563 3622 601 3670 en
627 3604 827 3670 mondernent
849 3603 866 3667 e
892 3621 950 3670 nos
975 3603 1155 3670 tres-chere
1179 3612 1211 3669 et
1223 3603 1315 3668 senon
1332 3604 1382 3670 Ies

295 3701 396 3778 circis,
422 3702 602 3782 presidents
624 3711 655 3767 et
677 3719 757 3784 gens
780 3701 819 3768 de
843 3719 902 3768 nos
927 3701 1018 3768 Prire
1042 3712 1074 3767 ct
1095 3701 1203 3766 Grend
1220 3700 1382 3778 Conseils,

293 3800 476 3866 ctrencetier
491 3811 523 3866 ct
537 3818 616 3882 gens
632 3801 672 3866 dc
689 3811 780 3867 notre
796 3802 925 3866 Conscit
942 3801 982 3866 de
999 3801 1148 3874 Brodent.
1162 3817 1378 3882 gouverncur,

296 3897 456 3978 president
480 3910 511 3964 et
526 3917 605 3980 gens
622 3900 661 3964 de
679 3899 913 3964 notre·ConseiI
930 3900 970 3964 de
987 3899 1222 3980 Loxernbonrg,
1239 3899 1381 3964 ctrence·

295 3997 354 4061 tier
372 4007 403 4061 et
426 4015 505 4078 gens
521 3999 561 4063 de
577 4007 667 4063 notre
683 3998 811 4064 conscit
829 4016 867 4062 en
885 3999 1052 4073 Gnetdres‚
1071 3998 1236 4079 president
1251 4008 1283 4064 et
1297 4016 1380 4081 gens

296 4095 336 4158 de
363 4105 453 4161 notre
480 4096 606 4162 conscit
637 4115 675 4160 en
708 4095 872 4172 Ftondres,
897 4099 995 4179 grand
1027 4097 1126 4174 bnttti,
1154 4097 1318 4180 president
1348 4107 1382 4163 et

296 4209 376 4272 gens
398 4193 438 4257 de
461 4203 552 4258 notre
574 4193 702 4258 Conseit
726 4211 765 4258 en
784 4195 915 4271 ticinen,
933 4213 1147 4276 gonnernenr‚
1167 4195 1333 4278 president
1348 4205 1382 4260 et
