3112 4942
729 443 894 506 ..60-

453 641 561 706 Erupere
580 646 626 694 des
645 647 737 706 motltr
757 651 782 696 et
800 649 956 698 coracession
975 647 1013 696 du
1032 647 1172 709 privilege.

268 844 273 850 .
308 781 479 862 Cupientes
495 779 601 861 itaque
624 789 656 844 vt
672 781 854 848 venerabile
873 781 1014 847 studium
1038 781 1124 862 opidi
1141 782 1361 856 louanie'nsis,

268 880 444 948 leodiensis
476 878 630 953 diocesis,
663 892 849 966 nostrorum
885 881 1007 946 lanoris
1043 892 1076 946 et
1112 879 1356 968 priuilegintum

268 995 401 1046 munere
425 987 578 1059 perpetuo
600 977 808 1054 iocundetur,
826 979 892 1046 illis
914 997 952 1044 ex
974 979 1101 1046 dilectis
1124 979 1198 1064 liliis
1220 979 1358 1046 hectore

267 1089 297 1144 et
320 1075 538 1158 singularibus
560 1077 791 1142 ecclesiasticis
817 1078 1018 1144 secularibus
1042 1079 1193 1160 personis
1219 1078 1261 1143 de
1282 1078 1358 1141 Vni-

268 1177 421 1243 uersitatc
446 1174 541 1239 studii
570 1176 705 1256 predicti
732 1177 861 1258 quibus,
887 1185 998 1257 utpote
1026 1176 1058 1239 in
1086 1177 1275 1242 sacerdocio
1302 1186 1356 1242 aut

267 1274 487 1358 dignitatibus,
509 1275 736 1352 personatibus
758 1293 815 1342 seu
838 1275 911 1340 aliis
933 1275 1166 1342 ecclesiasticis
1189 1275 1356 1341 beneficiis

266 1372 467 1440 secularibus
492 1373 677 1438 constitutis
703 1383 756 1438 ant
779 1375 830 1437 illa
857 1372 1090 1459 obtinentibus,
1116 1373 1271 1454 phisicam
1295 1391 1352 1438 seu

263 1471 456 1542 medicinam
473 1467 580 1549 legere
596 1471 645 1533 vel
665 1471 796 1536 studere
811 1471 966 1536 canonica
983 1469 1178 1536 interdicunt
1195 1469 1351 1542 instituta,

264 1570 350 1652 quod
374 1567 603 1634 nichilominus
630 1569 706 1634 inibi
735 1570 877 1652 magistri
901 1569 1127 1634 Vniuersitatis
1153 1569 1229 1633 dicti
1252 1571 1353 1634 studii

266 1671 296 1750 in
326 1669 382 1733 illo
415 1686 471 1750 pro
503 1679 648 1749 tempore
677 1668 858 1754 residentes
885 1667 1069 1752 huiusmodi
1099 1667 1255 1749 phisicam
1283 1669 1353 1744 sinte

266 1768 454 1834 medicinam
479 1767 642 1850 perpetuis
665 1767 780 1832 tuturis
805 1767 1004 1848 temporibus
1027 1766 1147 1856 legere,
1168 1768 1299 1832 studere
1322 1779 1354 1834 et

265 1867 377 1931 inillis
399 1869 480 1932 alios
503 1877 595 1932 actus
610 1866 802 1931 scolasticos
826 1882 988 1939 exercere,
1008 1881 1134 1930 necnon
1157 1865 1292 1947 quilibet
1314 1884 1353 1932 ex

264 1966 444 2031 scolaribus
461 1967 540 2048 ipsis
554 1983 655 2048 usque
670 1965 709 2029 ad
724 1966 928 2046 septennium
945 1981 962 2028 a
979 1975 1123 2045 tempore
1137 1981 1201 2045 qno
1217 1965 1249 2028 in
1265 1965 1351 2030 dicto

264 2063 372 2130 studio
384 2066 515 2129 studere
530 2063 722 2144 inceperint,
737 2063 767 2126 in
782 2071 873 2128 antea
888 2062 1153 2142 computandum,
1167 2062 1350 2128 huiusmodi

265 2162 417 2242 phisicam
442 2163 490 2227 vel
515 2162 704 2227 medicinam
728 2161 805 2226 inibi
828 2161 970 2238 studere,
995 2161 1161 2242 disputare
1184 2170 1215 2226 ct
1241 2161 1348 2226 inilia

263 2261 396 2340 quosvis
419 2261 500 2324 alios
526 2260 718 2325 scolasticos
741 2271 830 2324 actus
854 2261 959 2324 lacere
981 2269 1012 2324 et
1034 2275 1198 2332 exercerc,
1223 2277 1346 2326 necnon

262 2359 492 2422 baccalariatus
515 2371 545 2422 et.
569 2359 703 2422 licencie
725 2375 762 2422 ac
789 2358 962 2439 magisterii
980 2357 1115 2438 insignia
1139 2358 1170 2420 in
1192 2358 1349 2422 medicina

262 2459 314 2520 vel
343 2459 463 2537 phisica
503 2459 685 2522 huiusmodi
726 2457 868 2538 recipere
904 2459 1015 2530 eciam,
1049 2457 1132 2520 iuxta
1172 2457 1349 2523 laudabiles

201 2619 207 2629 ,
264 2573 383 2619 morem
407 2565 437 2620 et
460 2557 725 2621 consuetudinem
744 2557 773 2619 in
791 2557 861 2620 aliis
878 2556 1083 2639 generalibus
1106 2556 1221 2620 studiis
1236 2557 1348 2621 obser·

263 2654 329 2717 vari
357 2655 483 2730 solitus,
503 2655 603 2720 libere
629 2667 659 2720 ct
688 2657 774 2720 licite
800 2657 937 2727 valeant,
955 2653 1144 2719 auctoritate
1170 2655 1347 2734 apostolica

264 2763 375 2817 tenore
393 2754 594 2833 presencium
612 2756 819 2819 concedimus
836 2765 866 2818 ct
882 2754 984 2818 eciam
1001 2751 1216 2834 indulgemus.

529 2903 705 2956 Annulatt'ou
724 2909 770 2956 dos
789 2907 896 2957 clausos
914 2907 1075 2956 contraires¹

304 3029 418 3094 Felicis
448 3031 679 3095 recordationis
712 3031 840 3111 Horrorij
869 3049 949 3113 pape
979 3031 1068 3113 tercij
1100 3031 1343 3112 predecessoris

262 3129 362 3192 nostri
380 3147 416 3192 ac
427 3131 585 3210 generalis
598 3131 725 3211 concilii
743 3141 774 3194 et
789 3131 958 3211 unibusuis
976 3130 1047 3209 alijs
1060 3130 1347 3194 constitutionibus

260 3228 447 3304 apostolicis
472 3247 594 3293 necnon
619 3231 748 3293 statutis
771 3239 801 3293 et
824 3229 1112 3293 consuetudinibus
1137 3229 1294 3297 locorum.
1313 3229 1344 3292 in

259 3326 375 3405 unibus
402 3327 584 3408 dignitates,
610 3339 800 3408 personatus
826 3337 858 3391 et
886 3328 947 3390 alia
977 3327 1131 3392 beneticia
1159 3327 1344 3390 huiusmodi

259 3425 366 3487 lbrsan
398 3427 525 3500 luerint,
554 3427 648 3490 etiam
672 3426 867 3507 juramento.
896 3425 1139 3489 confirmatione
1166 3425 1342 3504 apostolica

258 3523 306 3586 rel
323 3541 524 3604 quacumque
541 3525 689 3588 firmitate
704 3525 764 3587 alia
781 3525 954 3594 roboratis,
973 3525 1154 3604 ceterisque
1172 3523 1345 3588 contrariis

260 3638 322 3686 non
352 3623 555 3688 obstantibus
587 3624 852 3705 quibuscumque.
883 3623 1019 3687 Prouiso
1049 3624 1134 3704 quod
1158 3621 1341 3703 dignitates,

259 3729 451 3798 personatus
480 3733 511 3786 et
538 3724 597 3786 alia
628 3723 783 3787 beneficia
813 3709 997 3803 supradicta
1024 3721 1141 3785 debitis
1174 3730 1343 3800 propterea

260 3833 321 3880 ncn
348 3819 534 3885 t'raudentur
559 3821 724 3900 obsequiis
748 3829 779 3884 et
801 3821 978 3883 animarum
1002 3835 1078 3884 eura
1102 3817 1133 3880 in
1157 3819 1204 3881 eis
1227 3819 1344 3898 quibus

257 3916 342 3978 illam
357 3936 413 3996 pro
427 3930 569 4000 ternpore
583 3920 750 3984 imminere
763 3920 938 3999 continget,
954 3920 1135 3982 nullatcnus
1148 3919 1340 3997 negligatur.

658 4071 811 4123 Anathemo
829 4077 855 4121 el
874 4073 942 4122 dale.

266 4195 271 4204 ·
299 4179 383 4244 Nulli
406 4199 483 4264 ergo
504 4184 634 4249 omniuo
659 4183 824 4248 bornicum
845 4183 939 4248 liceat
962 4183 1044 4247 hanc
1062 4183 1207 4266 paginam
1232 4191 1342 4246 nostre
