3236 4944
750 447 933 512 ,436-

294 633 373 700 libet
395 632 505 708 rebuS,
523 630 617 696 bunis
640 639 671 696 ot
692 631 819 713 jnribus
842 631 880 696 ad
903 629 992 710 ipsos
1009 629 1227 710 spectantibus
1243 629 1383 696 indebite

296 730 539 806 molestarivel
564 729 611 795 eis
635 731 830 812 gravamina,
849 729 983 811 iniurias
1006 728 1074 792 sive
1097 728 1210 792 damna
1234 729 1381 812 irrogari,

294 839 347 896 aut
383 829 625 905 concessiones,
666 827 843 904 libertates,
883 826 1111 899 immunitates,
1152 827 1314 908 privilegiu
1351 838 1384 894 et

293 929 414 994 indulta
443 928 595 1009 praelata,
622 945 679 1008 per
705 944 924 1010 quascumque
951 927 1072 1004 literas,
1097 927 1156 992 sub
1182 941 1383 1008 quacumque

292 1027 463 1094 verborum
494 1027 594 1091 torma
627 1044 643 1090 a
674 1026 757 1092 Sede
786 1027 962 1108 apostoliea
990 1034 1066 1090 tune
1092 1041 1266 1090 concessas
1292 1035 1323 1092 et
1350 1027 1379 1090 in

293 1117 459 1208 posterum
480 1126 706 1192 concedendas
730 1125 872 1208 infringi,
890 1126 941 1190 vel
965 1125 1058 1190 etiarn
1084 1125 1274 1207 impugnari,
1295 1126 1379 1192 dicta

291 1225 484 1292 auctoritate
513 1223 691 1306 deputavit.
724 1225 761 1288 Et
791 1224 908 1289 deinde
939 1223 1054 1288 Paulus
1086 1223 1169 1304 Papa
1203 1225 1377 1301 secundus,

292 1325 386 1391 etiam
411 1324 642 1405 praedeeessor
656 1333 783 1397 noster,
799 1323 873 1388 dieti
893 1323 1016 1386 Martini
1035 1325 1296 1404 praedecessoris
1313 1325 1378 1407 pie·
1400 1369 1408 1386 .

292 1432 386 1489 tatem
403 1433 435 1488 et
453 1438 643 1503 propensam
665 1438 740 1504 erga
766 1421 882 1486 dictam
907 1421 1153 1486 Universitatem
1177 1421 1378 1490 allectionem

291 1522 443 1597 imitatus,
462 1521 500 1586 ad
524 1521 711 1586 instantiam
737 1531 768 1588 et
791 1520 1058 1602 supplicationem
1083 1521 1190 1588 clarae
1207 1525 1380 1591 memoriae

245 1682 247 1688 s
291 1621 407 1697 Caroli.
426 1629 501 1688 tunc
518 1621 721 1702 burgundiae
737 1631 769 1686 et
787 1620 975 1685 Brabantiae
994 1621 1097 1696 ducis,
1115 1621 1225 1686 literas
1248 1639 1379 1688 conser-

291 1720 464 1786 vatoriaies
491 1719 634 1802 ejusdem
661 1719 786 1784 llartini
814 1719 1076 1800 praedecessoris
1102 1728 1189 1784 ratas
1215 1730 1247 1786 et
1271 1733 1378 1800 gratas

292 1819 426 1895 babens,
454 1819 527 1884 illas
557 1828 588 1885 et
618 1819 693 1884 inde
722 1827 832 1885 secuta
862 1834 1081 1899 quaecumque
1112 1819 1273 1898 perpetuis
1301 1829 1377 1886 tuno

291 1918 408 1984 tuturis
431 1917 627 1999 temporibus
650 1918 714 1982 vim
738 1927 769 1984 et
792 1917 935 1998 vigorem
960 1917 1112 1982 babuisse
1136 1913 1166 1981 et
1188 1919 1317 1994 babere,
1340 1936 1377 1984 uo

291 2017 413 2082 viribus
436 2015 625 2092 subsistere,
649 2017 839 2099 plenamque
862 2016 989 2082 roboris
1014 2015 1193 2080 firmitatem
1217 2016 1374 2094 obtinere,

290 2115 374 2180 dicta
390 2115 582 2181 auctoritate
599 2115 775 2198 apostoliea
792 2133 830 2181 ex
845 2124 931 2181 certa
947 2131 1005 2180 sua
1024 2115 1159 2180 scientia
1182 2116 1325 2182 decrevit
1346 2129 1378 2182 et

290 2212 476 2279 declaravit.
503 2213 541 2278 Et
567 2216 753 2280 successive
780 2224 856 2279 tunc
882 2215 1036 2296 episeopo
1062 2213 1265 2296 traiectensi,
1282 2215 1376 2280 etiam

290 2311 322 2376 in
351 2312 454 2377 literis
485 2313 813 2386 conservatorialibus
843 2313 917 2378 dieti
952 2313 1077 2377 Martini
1116 2302 1378 2393 praedecessoris

295 2411 457 2476 nominato
487 2421 518 2476 et
547 2411 711 2491 deputato,
743 2427 868 2477 necnon
896 2411 1007 2476 Abbati
1036 2413 1221 2477 monasterii
1249 2423 1378 2479 sanctae

292 2509 460 2574 Gertrudis
478 2510 698 2586 lovaniensis,
715 2527 752 2575 ae
768 2511 891 2576 decano
907 2511 1063 2576 eeclesiae
1082 2522 1213 2576 sanctae
1236 2511 1377 2577 (ludulae

292 2607 523 2684 Bruxeliensis,
556 2607 746 2674 leodiensis
781 2609 942 2691 praelatae
978 2619 1009 2674 et
1045 2611 1287 2674 Cameracensis
1323 2619 1378 2676 aut

289 2705 422 2771 aliarum
458 2706 669 2784 dioecesium,
701 2725 783 2789 quos
820 2709 903 2773 idem
935 2709 1052 2773 Paulus
1083 2709 1313 2788 praedeeessor
1343 2709 1375 2772 in

289 2806 395 2870 locum
420 2804 556 2870 aliorum
581 2806 850 2871 conservatorum
874 2807 905 2869 in
929 2807 1051 2872 eisdem
1075 2807 1176 2872 literis
1202 2825 1375 2874 conserva·

290 2901 459 2968 torialibus
475 2920 532 2984 per
548 2903 636 2985 prius
654 2903 878 2986 deputatorum
902 2915 1139 2987 surrogaverat,
1157 2905 1241 2970 dicta
1262 2917 1371 2972 aueto-

290 3002 382 3066 ritate
408 3001 579 3075 mandavit.
604 3010 761 3084 quatenus
787 3003 860 3084 ipsi,
885 3003 934 3069 vel
960 3004 1036 3080 duo,
1058 3013 1111 3069 aut
1139 3021 1220 3070 unus
1246 3021 1370 3081 eorum,

290 3115 346 3179 per
369 3116 416 3176 se,
440 3100 487 3164 vel
511 3100 607 3165 aliurn
631 3118 688 3166 seu
712 3102 805 3176 alios,
827 3119 900 3168 cum
922 3119 939 3166 a
962 3103 1110 3178 Rectore,
1133 3104 1320 3168 doctoribus
1343 3113 1374 3169 et

289 3197 361 3262 aliis
385 3198 537 3278 praelatis
560 3199 597 3262 ad
622 3198 685 3265 boe
707 3202 961 3282 requirerentur,
985 3203 1176 3268 auctoritate
1198 3203 1373 3282 apostolica

290 3296 429 3376 praelata
452 3297 491 3362 ad
515 3297 671 3363 dictarum
697 3299 860 3364 literarum
883 3301 1131 3380 apostolicarum
1155 3302 1374 3366 executionem

288 3395 319 3458 iu
349 3395 500 3460 omnibus
531 3405 563 3461 et
593 3413 649 3477 per
678 3397 798 3474 omnia,
826 3415 863 3462 ac
886 3399 974 3478 juxta
1000 3401 1183 3466 earumdem
1210 3400 1373 3465 literarum

289 3493 540 3575 apostolicarum
558 3504 701 3560 tenorem
719 3505 749 3561 et
767 3497 901 3561 sormam
919 3497 1130 3578 procederent
1146 3498 1278 3578 perinde
1293 3515 1330 3564 ac
1346 3500 1372 3564 si

289 3590 320 3656 in
351 3593 415 3658 illis
445 3609 517 3659 eum
549 3594 690 3674 praelato
723 3595 876 3676 episcopo
905 3597 1158 3662 conservatores
1187 3605 1218 3662 et
1249 3596 1374 3678 jndices

288 3689 429 3771 deputati
454 3691 603 3764 luissent,
627 3708 699 3758 curo
723 3693 862 3758 diversis
887 3695 1184 3760 nonobstantiarum
1207 3696 1372 3770 clausulis,

289 3797 320 3854 et
342 3789 433 3866 alias,
451 3801 546 3872 prout
569 3800 631 3856 tam
655 3792 686 3854 in
712 3791 837 3858 llartini
862 3809 955 3874 quam
982 3793 1067 3857 Pauli
1088 3794 1374 3874 praedecessorum

289 3889 503 3969 praelatorum
520 3888 624 3954 literis
639 3889 780 3970 desuper
796 3892 953 3956 conlectis
969 3892 1063 3956 tatius
1080 3893 1272 3957 continetur.

329 3985 406 4051 Cum
429 3995 548 4061 autem,
566 3988 650 4054 sicut
671 3989 810 4053 exbibita
833 3989 926 4055 nobis
944 4007 1046 4072 nuper
1063 4009 1120 4072 pro
1137 4003 1226 4072 parte
1241 3992 1374 4058 dilecto·

288 4100 359 4180 rum
371 4083 510 4150 illiorum
524 4085 750 4152 modernorum
761 4087 919 4166 bacterio,
929 4091 1111 4160 doctorum,
1125 4091 1371 4165 licentiatorum,

288 4185 526 4266 magistrorum,
557 4187 753 4254 scholarium
784 4199 815 4253 et
850 4189 982 4255 aliarum
1021 4207 1230 4271 personarum
1267 4191 1371 4254 dictae
