3246 4944
689 479 721 494 -
751 435 872 510 daa-

238 634 301 694 tam
320 627 450 711 indigne
467 627 536 694 tulit
552 628 801 711 publicationem
820 628 1036 694 visitationum
1053 628 1092 694 ab
1109 625 1323 696 Universitatc

236 728 421 794 admissam.
444 728 481 793 llt
507 745 606 807 super
632 745 670 793 eo
701 728 862 792 conclusit
891 727 1103 793 intimandum
1132 745 1207 794 esse
1236 729 1324 795 dicto

237 827 415 893 reverendo
451 826 580 892 domino
616 826 734 900 abbati,
770 827 854 908 quod
893 825 1134 892 illustrissimus
1172 827 1323 894 dominus

237 926 379 992 Nuncius
394 925 599 1008 apostolicus
613 925 741 1008 indigne
757 926 835 990 levat
845 925 1092 1006 publicationem
1106 927 1321 994 visitationum

236 1026 276 1088 ab
303 1024 516 1105 Universitatc
542 1041 616 1090 essa
642 1025 829 1100 admissam,
847 1025 943 1106 idque
965 1042 1023 1107 per
1046 1025 1195 1091 dominos
1217 1042 1234 1090 a
1258 1026 1321 1092 Sua

236 1123 455 1188 illustrissima
481 1123 586 1188 Gratia
615 1133 779 1190 evocatos.
803 1123 910 1189 Tertio
938 1124 1105 1205 proposuit
1131 1125 1321 1206 magnificus

236 1223 387 1287 dominns
414 1223 531 1288 Rector
556 1222 587 1286 in
616 1222 892 1298 deliberationem,
915 1240 953 1286 an
983 1239 1045 1287 non
1067 1224 1197 1304 placeat
1223 1223 1320 1290 scribi

236 1322 359 1386 litteras
371 1322 409 1386 ad
424 1321 673 1386 illustrissimam
689 1322 784 1386 Suam
797 1321 948 1397 Gratiam,
958 1339 1015 1403 per
1030 1339 1110 1404 quas
1122 1322 1322 1388 deducantur

236 1431 267 1484 et
283 1419 482 1501 explicentur
497 1421 604 1484 omnia
621 1431 652 1485 et
668 1419 806 1502 singula,
824 1437 906 1501 quae
924 1438 960 1486 ev
985 1425 1074 1502 parte
1098 1419 1322 1486 Universitatis

237 1519 320 1583 cirra
348 1517 406 1584 bas
432 1519 634 1584 visitationes
661 1519 838 1600 publicatas
864 1529 933 1584 acta
960 1528 991 1584 et
1017 1529 1106 1601 gesta
1133 1521 1272 1596 luerunt,
1291 1529 1323 1586 et

237 1617 321 1698 quod
335 1617 534 1683 Universitas
550 1617 645 1682 luerit
657 1617 835 1684 accelerata
847 1618 885 1682 ad
904 1617 1150 1699 publicationem
1164 1618 1320 1684 dictarum

155 1707 157 1710 ’
236 1715 453 1781 visitationum
477 1715 716 1782 admittendam.
738 1715 841 1797 Super
862 1732 926 1796 quo
948 1715 1109 1781 conclusit
1132 1717 1320 1799 magnificus

237 1813 387 1880 dominus
413 1814 531 1880 Rector
558 1815 696 1897 placere,
721 1823 755 1879 ut
779 1815 948 1894 capiantur
977 1814 1050 1896 (sic)
1079 1823 1111 1880 et
1138 1817 1322 1881 scribantur

237 1915 363 1980 litterae
394 1913 432 1978 ad
466 1913 719 1980 illustrissimum
748 1913 912 1978 dominum
942 1912 1113 1988 Nummum,
1143 1914 1174 1978 in
1205 1915 1322 1996 quibus

237 2013 437 2079 deducantur
453 2031 533 2094 quae
548 2013 634 2078 circa
651 2014 762 2078 barum
778 2008 995 2078 visitationum
1020 2013 1267 2094 publicationem
1283 2032 1321 2079 ex

239 2121 328 2194 parte
344 2111 567 2176 Universitatis
583 2121 652 2176 acta
669 2119 700 2176 et
713 2118 802 2193 gesta
823 2111 962 2186 luerunt,
979 2121 1010 2176 et
1024 2111 1107 2193 quod
1125 2107 1324 2177 Universitas

238 2210 415 2276 accelerata
439 2210 533 2275 luerit
554 2209 592 2274 ad
615 2209 799 2275 earumdem
818 2209 1066 2290 publicationem
1081 2210 1322 2276 admittendam.

281 2408 369 2474 illie
392 2407 489 2490 jovis,
513 2407 648 2490 septima
678 2408 871 2489 septembris
902 2409 976 2472 anni
1005 2359 1096 2486 ldll,
1120 2408 1237 2474 indicta
1266 2410 1321 2474 luit

237 2508 401 2590 deputatio
418 2506 641 2573 Universitatis
657 2508 695 2572 ad
712 2507 905 2572 audiendum
922 2507 984 2589 legi
1004 2507 1127 2572 litteras
1150 2525 1208 2589 pro
1233 2520 1321 2589 parte

238 2605 462 2672 Universitatis
481 2606 519 2670 ad
544 2605 796 2671 illustrissimum
812 2605 977 2670 dominum
994 2605 1150 2670 Nuncium
1166 2607 1320 2688 apostoli-

238 2723 310 2772 cum
327 2715 512 2788 conceptas,
530 2705 652 2780 tenoris
667 2703 831 2787 sequentis
849 2719 857 2768 :

281 2877 294 2916 e
314 2855 536 2921 illustrissimo
552 2854 584 2918 in
601 2853 745 2937 partibus
761 2853 860 2936 Belgij
878 2853 1002 2919 Nuncio
1018 2855 1207 2936 apostolico.

863 3024 876 3062 e
896 3002 1116 3068 lllustrissima
1132 3003 1278 3076 Domine.

282 3101 502 3168 alletulerunt
528 3101 621 3168 nobis
647 3103 797 3168 besterna
827 3101 879 3166 dic
908 3093 1255 3183 commissarij¹riostri
1285 3119 1321 3170 ea

236 3217 318 3282 quae
333 3201 372 3264 ab
388 3199 608 3265 lllustrissima
620 3201 685 3264 Tua
701 3201 809 3265 Gratia
825 3199 1058 3275 intellexerant,
1069 3209 1101 3266 et
1117 3201 1149 3263 in
1163 3201 1321 3266 mandatis

238 3300 404 3366 habebant.
432 3299 522 3364 luter
551 3315 632 3381 quae
660 3315 757 3382 grave
787 3299 880 3364 nobis
911 3298 968 3363 luit
998 3299 1120 3376 audire,
1143 3300 1227 3381 quod
1259 3311 1322 3364 tam

237 3398 482 3464 Vniuersitatem
496 3397 712 3480 ipsamquam
732 3398 858 3480 eosqui
876 3414 932 3479 per
947 3413 1016 3464 eam
1033 3397 1321 3480 adamplissimum

240 3498 407 3562 [lominum
434 3496 626 3562 secretioris
652 3497 784 3578 (loricilij
814 3496 994 3562 Praesidem
1021 3497 1157 3578 ablegati
1185 3498 1322 3572 lucrant,

238 3597 447 3678 gravissimos
463 3595 811 3662 commisisse'errores
826 3606 987 3661 assereret
1009 3606 1040 3661 et
1056 3596 1087 3658 in
1103 3596 1195 3661 Sedis
1218 3597 1321 3678 apos-

239 3697 354 3762 tolicae
380 3695 599 3761 auctoritatem
627 3695 821 3778 impegisse;
846 3695 935 3777 jllam
962 3695 1045 3776 qvvod
1074 3695 1322 3776 publicationem

238 3794 487 3860 Reformationis
512 3795 736 3860 Vniuersitatis
762 3795 863 3859 inscia
886 3795 1106 3860 lllustrissima
1129 3795 1193 3858 Tua
1217 3793 1323 3860 Gratia

238 3893 440 3968 admisissem
466 3895 525 3958 bos
547 3909 625 3958 vero
648 3893 733 3974 quod
758 3910 794 3958 ea
817 3893 987 3958 insalutata
1004 3892 1043 3957 ab
1059 3894 1177 3976 oppido
1193 3893 1324 3958 Bruxel-

240 3991 321 4056 lensi
348 3993 575 4057 recessissent.
599 3992 660 4058 Sed
689 3993 781 4056 alitor
807 4009 844 4058 ea
870 3993 986 4057 sentiet
1004 4002 1047 4068 et,
1073 3993 1115 4057 vti
1143 4009 1324 4072 speramus,

240 4090 326 4153 dabit
355 4091 492 4166 veniam,
518 4091 569 4155 vbi
601 4092 792 4156 intellexerit
819 4091 1069 4156 declarationem
1102 4091 1326 4157 Vniuersitatis

240 4198 364 4268 captam
392 4191 444 4254 dic
469 4189 523 4254 28·
547 4190 620 4272 lulij
649 4191 838 4267 nouissime,
856 4207 916 4272 qua
932 4194 1118 4270 'protestata
1145 4191 1214 4268 luit,
1231 4209 1266 4256 se
1293 4191 1325 4256 iu
