3100 4942
702 415 867 480 ‚94.,

239 596 315 660 ville
335 597 374 660 de
399 595 556 658 Louvoin.
576 595 669 658 Nous
694 594 900 657 reviendtons
922 592 994 673 plus
1015 592 1083 656 tord
1104 611 1159 654 sur
1175 590 1329 654 l'histoire

240 695 280 758 de
296 694 326 758 la
341 695 595 760 conservatoria.

771 874 796 936 l.

244 1058 283 1119 Le
297 1057 457 1120 souverain
471 1057 589 1138 popliir
607 1057 723 1120 Mortin
745 1057 942 1138 Vrctnploee‚
959 1073 1074 1119 comme
1095 1060 1324 1118 cortserroteurs

241 1140 245 1150 ’
280 1155 334 1218 des
348 1155 505 1235 prinildpcs
520 1155 557 1218 tle
571 1153 777 1230 lllrtinersitd,
794 1154 892 1218 rollo
904 1156 942 1218 de
960 1154 1127 1235 Tonperloo
1142 1160 1169 1216 ct
1185 1152 1212 1215 le
1226 1153 1324 1232 dopcrt

281 1254 319 1316 de
332 1253 548 1318 Salui-Pleno
561 1254 599 1316 de
613 1256 753 1318 Lonuoin
768 1272 825 1333 por
839 1253 868 1316 lc
880 1253 983 1335 ptdodl
997 1254 1035 1316 dc
1048 1251 1325 1318 Soluto-Gertrnde

281 1352 319 1416 dc
333 1351 471 1416 Lonooin
487 1361 514 1417 el
530 1353 558 1416 le
573 1353 669 1430 dopen
683 1355 721 1416 do
734 1352 982 1418 Soluto-Gudule
996 1351 1033 1416 de
1049 1349 1218 1415 Bruxellcs.
1236 1350 1273 1428 (l)

687 1515 697 1570 l
720 1517 774 1570 mei
799 1516 878 1571 1428.

396 1657 467 1711 Ture
485 1662 524 1710 du
543 1663 690 1710 souverain
707 1663 823 1722 pontlfc,
845 1661 953 1710 adrem
972 1665 995 1710 et
1013 1659 1172 1710 salutation.

283 1794 435 1858 lllnnnus
458 1813 612 1858 ertscorns
635 1813 746 1858 senous
768 1813 922 1859 sennostnt
948 1813 995 1858 net
1013 1793 1143 1858 Dilectis
1159 1791 1233 1873 lllijs
1249 1809 1323 1873 pre·

240 1896 348 1977 posito
364 1893 549 1958 monosterii
572 1903 682 1959 sancte
705 1895 871 1958 Gern·udis
895 1893 1105 1958 bononiensis
1130 1909 1186 1972 per
1210 1907 1325 1972 prepo-

236 1993 338 2076 situm
364 1993 450 2056 soliti
477 1991 662 2074 gubernari,
690 2003 721 2056 et
746 1993 869 2058 decano
896 1992 1039 2056 Ecclesie
1066 2003 1176 2054 sancte
1202 1989 1327 2055 Gndnle

242 2089 472 2164 Bruxeliensis,
490 2091 675 2156 leodiensis
688 2101 718 2154 et
729 2091 968 2156 Cameracensis
984 2089 1174 2162 diocesiutn
1189 2089 1325 2152 salutem

240 2198 273 2253 et
288 2189 496 2269 apostolicam
515 2189 782 2254 benedictionem.

630 2363 740 2423 Aronga
760 2373 794 2408 ou
812 2360 932 2421 pretence.

192 2509 195 2518 ·
285 2475 464 2540 Humilibns
484 2477 665 2557 supplicum
682 2478 765 2541 votis
782 2477 919 2542 libenter
934 2476 1103 2540 attonitnns
1120 2491 1221 2557 euque
1237 2477 1326 2542 luno·

232 2575 331 2639 ,ribus
348 2577 572 2658 prosequimur
587 2578 768 2657 oportunis.

289 2741 442 2808 Suppllquc
460 2748 499 2794 dn
518 2747 571 2796 duc
589 2748 622 2796 de
645 2744 770 2796 Brobant
790 2753 812 2797 et
831 2748 878 2797 des
899 2747 1032 2796 memores
1051 2747 1083 2796 de
1103 2741 1276 2796 lUnitrer-eltd

693 2839 725 2887 de
744 2835 880 2887 Manain.

283 2954 391 3033 Nuper
414 2955 572 3035 siquidem
597 2973 656 3035 pro
679 2967 768 3036 parte
790 2957 980 3020 dilectorum
1009 2953 1148 3019 dliorntn
1180 2954 1327 3019 ilectotis

240 3069 278 3117 ao
292 3055 517 3117 vnlnersorutn
540 3053 726 3126 Doctorum,
745 3054 968 3134 magistrorum
986 3061 1017 3116 et
1032 3053 1222 3127 Scolnrinm,
1239 3063 1326 3116 cele-

240 3169 411 3232 rarumque
427 3169 637 3231 personarunt
653 3153 879 3217 Vniuersitatis
896 3151 994 3216 studii
1011 3151 1098 3232 opidi
1115 3151 1323 3224 lonaniensis

240 3249 416 3314 leodiensis
432 3251 572 3314 diocesis
590 3251 684 3314 nobis
700 3251 859 3330 exposito,
877 3251 962 3332 quod
981 3251 1125 3314 nonnulli
1142 3249 1326 3330 Archiepis·

240 3349 325 3429 copi,
343 3349 490 3430 Episcopi
508 3349 624 3430 alijqne
640 3350 850 3413 ecclesiarum
868 3349 981 3413 Prolati
999 3366 1036 3413 nc
1052 3349 1161 3413 clerici
1179 3359 1210 3413 et
1225 3348 1328 3414 eccle·

240 3448 371 3512 siaslioe
385 3465 523 3528 persone
535 3459 597 3510 ttnn
610 3449 775 3528 regulares
784 3465 876 3529 quern
887 3449 1062 3521 seculares,
1073 3465 1197 3513 necnon
1208 3447 1324 3521 Duces,

240 3545 454 3620 Murclriones,
479 3546 631 3619 Comites,
657 3547 812 3623 Bnrones,
839 3547 963 3612 nobiles
988 3546 1116 3618 llilites,
1135 3547 1220 3622 laici,
1237 3561 1326 3610 eont-

239 3646 347 3710 rnnnie
368 3645 547 3716 ciuitatum,
568 3645 797 3710 Vniuersittnes
817 3646 999 3726 opidorum,
1020 3655 1212 3718 castrorum,
1237 3644 1326 3708 uillo-

240 3760 311 3808 rutn
337 3753 368 3806 et
394 3743 529 3806 eliorum
558 3742 714 3819 locorum,
743 3761 868 3809 necnon
895 3743 956 3808 alie
983 3743 1163 3824 singulares
1191 3758 1328 3824 persone

239 3841 405 3905 ciuitatum
422 3853 453 3905 et
468 3841 646 3906 diocesium
663 3859 700 3906 no
716 3844 847 3906 ollarum
867 3843 1002 3923 partintn
1015 3843 1215 3906 diuersarntn
1230 3843 1327 3905 occn'-

240 3952 356 4019 parunt
372 3951 403 4001 et
419 3940 571 4020 occupari
590 3943 733 4004 tecetnnt
749 3952 865 4014 eastre,
881 3940 971 4004 villus
987 3951 1017 4004 et
1033 3941 1093 4004 alia
1110 3940 1191 4012 loon,
1210 3949 1326 4010 terras,

278 4153 317 4224 (l)
337 4155 374 4208 Co
387 4154 531 4209 document
545 4163 586 4209 est
601 4155 709 4210 intituli
725 4175 732 4214 :
748 4157 868 4211 Mutatio
880 4163 1083 4211 constructoris
1094 4160 1241 4222 penerolts.
1306 4134 1310 4147 ¹
