3100 4942
662 444 850 508 »tlt-

204 621 277 704 alijs
291 622 387 698 locis,
403 639 461 690 seu
477 624 639 706 prioratus
652 633 710 690 aut
726 624 929 706 prepositure
951 623 1046 692 etiam
1060 623 1294 690 conuentuaies

202 721 354 786 ordinum
368 739 659 805 quorumcumque,
676 732 710 789 et
725 723 898 805 dignitates
913 724 984 805 ipse
1000 724 1033 786 iu
1055 722 1294 788 muneuratibus

204 820 301 886 mian
313 820 572 902 metropolitanis
584 821 723 904 maiores
734 831 810 904 post
826 821 1028 904 pontificales
1039 837 1098 888 seu
1112 820 1294 902 collegiatis

208 919 357 1001 ecclesiia
373 920 526 1002 predictis
549 921 746 1002 principales
767 922 921 995 esistaot,
936 931 970 986 et
985 921 1033 988 eis
1053 935 1094 986 ac
1108 919 1293 986 huiusmodi

210 1018 448 1098 personatibus,
486 1020 832 1098 administrationibus,
867 1019 996 1101 olliciy's,
1034 1019 1227 1099 prioratibus
1262 1025 1295 1084 et

209 1117 422 1198 preposituris
446 1131 524 1184 cura
547 1117 712 1185 immineat
733 1119 924 1192 animarum,
945 1127 979 1184 vt
1001 1118 1145 1199 ipsorum
1166 1115 1295 1183 ratione

206 1217 375 1297 nequead
409 1218 614 1298 septennium
644 1235 664 1282 a
694 1227 933 1300 temporeque
966 1217 1154 1284 buiusmodi
1183 1215 1294 1280 studio

204 1315 358 1380 insistam
386 1315 566 1395 inceperint
594 1318 859 1398 computandum,
888 1317 1064 1384 dummodo
1091 1315 1175 1380 intra
1205 1314 1292 1380 illius

205 1430 323 1480 annum
339 1415 490 1496 primum,
504 1416 584 1481 siet
600 1425 696 1498 prout
713 1415 766 1496 ius
781 1416 934 1498 exegerit,
949 1415 984 1480 lu
1000 1414 1217 1480 subdiaconos
1233 1412 1295 1476 rite

207 1513 345 1593 pmmeti
372 1514 448 1589 sint,
472 1515 513 1580 ed
541 1515 679 1596 aliquem
707 1531 745 1582 as
772 1515 966 1596 dyaconatus
993 1523 1026 1580 et
1053 1513 1293 1594 presbyteratus

206 1611 374 1678 ordinibus
397 1630 433 1679 se
449 1614 633 1694 promoueri
658 1615 764 1679 lacere
779 1614 909 1680 minime
932 1621 1112 1690 teneantur,
1129 1628 1190 1676 nec
1204 1609 1242 1674 ad
1257 1609 1290 1672 id

204 1725 407 1792 equoouant
434 1711 526 1780 inuiti
555 1713 703 1793 compelli
734 1713 872 1793 possint,
896 1712 1088 1777 auctoritate
1113 1708 1290 1792 apostolica

204 1819 316 1875 moure
345 1811 548 1890 presencium
575 1811 615 1876 de
641 1811 772 1892 speciali
799 1811 900 1892 gratie
928 1812 1158 1893 dispensamus
1185 1855 1193 1872 .
1221 1807 1290 1870 illis

204 1923 280 1974 vero
316 1925 356 1973 ex
393 1909 598 1986 Ductoribus,
634 1909 796 1991 blagistris
834 1920 867 1976 et
901 1909 1087 1976 scolaribus
1124 1906 1290 1988 prodistis,

204 2007 333 2090 qulbus.
350 2017 458 2090 upote
482 2009 717 2083 sacerdotibus,
735 2019 790 2074 eut
812 2009 996 2092 dignitates,
1014 2015 1205 2088 personatus
1229 2021 1287 2070 seu

206 2107 425 2186 parrochiales
445 2107 601 2174 ecclesias
621 2109 856 2184 obtinentibus,
878 2125 937 2190 pro
958 2117 1105 2190 tempore
1127 2106 1215 2187 leges
1234 2112 1289 2167 eut

206 2205 362 2285 pbisicam
376 2207 448 2272 siue
472 2207 661 2272 medicinam
678 2209 809 2274 studere
830 2208 880 2274 uel
896 2209 1003 2290 legere
1017 2205 1172 2272 canonica
1189 2205 1289 2268 inter·

206 2303 318 2370 dicunt
341 2304 500 2380 instituta,
524 2306 609 2386 quod
637 2306 866 2372 nicbilominus
891 2306 1010 2372 ibidem
1033 2321 1145 2372 eorum
1171 2301 1288 2384 singuli

205 2399 361 2468 bectores
374 2403 521 2470 uidelicet
533 2404 622 2484 leges
634 2420 673 2468 ec
685 2404 826 2488 Magistri
842 2405 995 2485 phisicam
1011 2404 1081 2469 siue
1094 2402 1284 2469 medicinam

204 2499 388 2567 huiusmodi
415 2502 537 2584 absque
564 2501 769 2584 prellnitione
791 2504 964 2585 temporis,
989 2513 1020 2568 et
1046 2503 1190 2568 scolares
1215 2515 1290 2581 pre-

202 2599 279 2664 dicti
292 2601 394 2664 eciem
412 2617 468 2680 per
480 2601 684 2683 septennium
698 2602 787 2684 leges
800 2613 831 2668 et
847 2604 1002 2684 phisicam
1015 2602 1086 2668 siue
1099 2599 1289 2666 medicinam

203 2700 381 2777 premissas
408 2699 540 2766 studere
571 2709 602 2766 ct
627 2701 747 2782 legere,
777 2718 902 2766 necnon
926 2701 959 2765 in
985 2702 1033 2768 eis
1059 2701 1225 2781 disputare
1250 2714 1292 2762 ec

201 2813 421 2879 quoscumque
446 2799 638 2864 scolasticos
664 2809 756 2864 actus
783 2817 947 2876 exercere,
976 2800 1117 2881 dictique
1142 2798 1285 2863 scolares

202 2895 232 2959 in
256 2897 337 2977 ipsis
359 2897 483 2979 legibus
509 2908 541 2963 et
569 2897 690 2978 phisica
714 2899 786 2965 siue
812 2899 969 2965 medicine
993 2897 1225 2964 baccalariatus
1252 2912 1292 2960 ec

200 2995 337 3060 licencia
361 2995 481 3077 gradus
508 3013 632 3061 necnon
659 2997 690 3060 in
718 2997 843 3078 legibus
873 2998 1072 3074 doctoratus,
1099 3013 1137 3062 ac
1164 2994 1287 3076 phisica

199 3092 270 3159 sius
287 3095 446 3160 medicina
470 3095 653 3160 huiusmodi
677 3099 884 3177 magistratus
902 3097 1038 3178 insignia
1062 3096 1147 3160 iuste
1165 3109 1286 3158 morem

199 3201 230 3258 et
246 3209 337 3257 usum
359 3193 551 3272 laudabiles,
569 3194 622 3275 qui
646 3194 789 3274 desuper
804 3195 836 3258 in
854 3194 925 3276 eliis
946 3195 1151 3276 generalibus
1167 3191 1285 3272 studijs

197 3291 365 3356 obseruari
384 3301 639 3368 consueuerunt,
657 3294 801 3374 recipere
825 3293 912 3360 licite
935 3294 1072 3368 valeant,
1087 3292 1281 3358 auctoritate

197 3399 229 3455 et
243 3398 356 3456 tenore
372 3390 528 3471 predictis
543 3391 752 3458 concedimus
769 3392 889 3472 pariter
904 3401 935 3457 ct
951 3391 1166 3472 indulgemus.

199 3555 374 3610 annulation
393 3561 439 3611 dos
452 3561 559 3612 clauses
577 3563 610 3610 de
631 3563 703 3612 droit
723 3576 851 3612 commun
871 3564 1028 3612 contraires
1046 3565 1064 3611 b
1083 3562 1112 3612 lc
1130 3562 1286 3612 concessioni

648 3653 688 3702 du
705 3653 845 3715 privilege.

237 3783 307 3849 Non
329 3785 533 3852 obstantibus
558 3787 781 3852 bateraneusis
804 3787 931 3868 concilii
956 3797 987 3852 et
1010 3787 1113 3854 lelicis
1135 3786 1286 3852 recorda·

199 3881 295 3947 tionis
323 3883 454 3965 lionoriy'
486 3901 566 3967 pepe
597 3885 699 3966 terciy',
729 3887 972 3966 predecessoris
1003 3888 1121 3962 nostri,
1149 3896 1181 3952 et
1209 3886 1284 3968 alijs

194 3981 382 4061 apostolicis
400 4000 524 4048 necnon
541 3985 573 4048 in
590 3985 845 4065 prouincialibus
862 3995 891 4050 et
909 3985 1118 4068 synodalibus
1134 3985 1284 4068 consciliis

196 4079 289 4144 editis
306 4081 510 4162 generalibus
526 4083 576 4148 vel
593 4083 789 4164 specialibus
805 4085 1101 4162 constitutionibus,
1118 4099 1156 4149 ac
1176 4085 1283 4150 eccle-

197 4177 317 4243 sierum
341 4187 373 4245 et
396 4179 541 4246 locorum
561 4181 593 4244 in
616 4181 735 4263 quibus
761 4198 818 4248 seu
842 4200 977 4264 quorum
1000 4183 1185 4266 dignitates,
1208 4199 1285 4264 per-
