3112 4942
543 515 546 520 ¹
633 437 797 500 -rr-

167 635 296 686 necnon
313 635 374 702 pro
389 619 526 686 tuitione
541 635 598 685 seu
614 618 803 685 defensioue
815 619 1002 684 eorumdem
1017 619 1261 703 priuilegiorum

168 725 202 785 et
222 717 404 783 litterarum
426 733 535 784 coram
557 733 760 800 quacumque
776 716 907 798 justicia
928 718 1135 798 competenti,
1152 720 1262 786 eoele-

168 817 301 882 siastioa
316 817 369 882 rel
384 817 535 891 seculari,
552 815 683 882 nomine
698 815 842 898 ipsorum
857 814 1135 893 constituentium,
1150 827 1183 882 et
1198 835 1259 899 pro

168 915 251 996 ipsis
273 915 477 997 litigandum,
493 915 531 982 ad
554 931 685 981 causam
708 931 766 980 seu
788 914 876 990 litem
899 915 1109 993 mouendum,
1124 925 1263 983 motam-

169 1029 233 1096 oue
255 1015 308 1080 tel
335 1015 541 1089 mouendum,
565 1029 603 1080 ao
627 1013 697 1095 jura
722 1021 755 1080 et
779 1013 863 1078 boun
886 1012 1031 1094 ipsorum
1053 1013 1257 1080 dominorum

167 1112 436 1181 constituentium
449 1121 481 1177 et
492 1113 574 1178 alme
586 1111 812 1180 Vniuersitatis
825 1118 1041 1192 pretectorem
1058 1111 1089 1174 in
1106 1113 1262 1178 omnibus

169 1222 202 1278 ct
223 1227 281 1292 per
304 1212 413 1279 omnia
435 1211 685 1288 defundendum,
710 1210 853 1276 libel-lum
875 1227 933 1276 seu
958 1209 1085 1276 libellos
1107 1221 1139 1276 et
1159 1224 1259 1293 quas·

169 1326 307 1392 cumque
323 1310 496 1391 petitiones
511 1309 704 1375 summarias
719 1309 860 1375 dandum
875 1319 907 1374 et
922 1307 1155 1392 recipiendum,
1172 1311 1260 1376 dari·

169 1427 233 1492 que
257 1419 289 1474 et
315 1409 416 1490 recipi
441 1409 626 1487 videndum,
654 1407 742 1474 litem
768 1425 826 1473 seu
852 1407 926 1472 lites
954 1407 1201 1473 contestandum
1226 1419 1261 1474 et

168 1507 588 1581 eontesmrivideodum,de
600 1506 781 1588 calumpnia
792 1505 920 1572 vitanda
932 1515 965 1570 et
975 1505 1109 1571 veritate
1120 1505 1260 1572 dicenda

168 1615 200 1672 ct
214 1606 442 1688 quodcumque
454 1607 543 1672 aliud
558 1605 679 1672 licitum
689 1604 905 1687 iuramentum
918 1605 950 1668 iu
963 1605 1085 1670 animas
1097 1603 1258 1670 dictorum

168 1703 374 1769 dominorum
399 1703 664 1770 constituentium
692 1701 900 1782 prestandum
925 1711 957 1767 ot
984 1702 1120 1782 prestari
1144 1702 1260 1768 riden-

168 1802 265 1873 dum.
297 1803 481 1883 ponendum
510 1813 544 1868 et
570 1802 825 1875 attitulandum,
858 1801 999 1882 ponique
1027 1808 1058 1866 et
1095 1801 1260 1866 articulari

167 1900 356 1975 uidendum,
373 1909 485 1966 contre
506 1900 662 1968 articulos
683 1900 855 1966 dicendum
874 1909 906 1966 et
922 1897 1140 1981 positionibus
1156 1899 1261 1980 partis

169 2001 309 2065 eduense
319 2000 582 2080 respondendum
596 2001 729 2081 sumque
740 1999 931 2080 responderi
943 1988 1114 2079 petendum
1124 2021 1132 2072 ς
1142 2006 1255 2073 testes,

168 2099 304 2172 litteras,
321 2099 547 2172 instrumenta,
561 2097 931 2180 scripturas,aota,1'ura
947 2105 980 2163 et
995 2096 1201 2172 munimenta,
1219 2111 1260 2160 ao

168 2213 372 2278 quecumque
399 2197 620 2278 probationum
646 2213 764 2278 genera
791 2195 1034 2276 producendum
1059 2203 1091 2260 et
1121 2195 1255 2275 produci

169 2294 356 2369 ridendum,
372 2307 484 2360 contra
506 2312 575 2370 eos,
593 2311 648 2361 eas
671 2304 702 2360 et
723 2311 759 2360 ea
782 2311 819 2360 ao
840 2309 1042 2376 quecumque
1062 2309 1100 2357 ex
1114 2293 1257 2358 aduerso

168 2396 323 2472 producta
349 2404 382 2458 et
409 2395 614 2474 producenda
642 2393 825 2468 dicendum,
850 2391 1093 2473 proponendum
1119 2401 1151 2455 et
1176 2392 1257 2456 alle·

166 2492 319 2572 gaudum,
333 2493 569 2574 excipiendum,
583 2493 815 2572 replicandum,
830 2490 1055 2570 triplicandum
1072 2499 1101 2555 et
1118 2489 1258 2570 quadru-

167 2589 366 2670 plicandum,
382 2591 515 2658 erimina
538 2601 569 2656 et
589 2590 735 2656 delectus
757 2589 997 2671 opponendum,
1022 2587 1252 2652 declarandum

167 2699 199 2754 et
227 2690 386 2755 declarari
416 2689 606 2763 ridendum
637 2690 794 2755 terminos
823 2697 855 2753 et
884 2687 1067 2763 dilationes,
1093 2703 1131 2751 ao
1156 2687 1255 2751 etiam

167 2799 313 2867 quartam
335 2788 521 2854 dilationem
545 2805 617 2853 cum
640 2787 867 2868 solempnitate
885 2785 980 2867 juris,
998 2785 1026 2850 si
1044 2801 1127 2866 opus
1144 2783 1254 2862 luerit,

166 2886 338 2966 petendum
355 2894 386 2952 et
402 2887 624 2962 obtinendum,
641 2887 781 2960 deloco,
796 2884 960 2967 judicibus
975 2893 1008 2948 et
1024 2881 1157 2963 notariis
1178 2899 1258 2948 oon·

168 2984 372 3057 ueniendum,
404 2994 435 3049 et
462 2984 494 3047 in
523 3001 580 3049 eos
607 2983 888 3056 coursentieodum,
919 2981 1146 3058 recusandum,
1177 2997 1255 3046 con·

166 3082 360 3148 cludendum
385 3092 416 3147 et
437 3083 588 3148 concludi
608 3083 791 3158 videndum,
809 3082 1001 3147 senteutiam
1024 3090 1056 3144 et
1077 3080 1257 3145 sententias

167 3191 229 3244 tam
252 3181 513 3248 interlocutorias
534 3197 629 3263 quum
651 3180 839 3246 diffinitiuas
862 3179 938 3245 terri
962 3178 1132 3260 petendum
1152 3186 1184 3243 et
1198 3193 1255 3242 au·

166 3279 331 3354 diendum,
349 3280 389 3344 ub
411 3297 513 3361 eaque
535 3297 592 3346 seu
616 3280 664 3345 eis
687 3289 718 3344 et
740 3295 977 3361 aquooutuquc
992 3277 1054 3342 alio
1067 3277 1258 3358 precamine

166 3379 254 3443 illato
269 3381 320 3444 vel
338 3379 506 3444 inlerendo
523 3379 764 3460 prouocandum
782 3387 813 3444 et
833 3374 1070 3459 appellandum,
1088 3373 1257 3455 apostolos

167 3477 339 3556 petendum
361 3487 393 3542 et
416 3478 647 3557 recipiendum,
669 3477 917 3558 appellationem
940 3491 999 3540 seu
1021 3472 1258 3554 appellationes

168 3577 440 3656 prosequendum,
458 3575 682 3650 intimandum,
708 3575 935 3640 insinuandum
958 3582 990 3638 et
1011 3571 1255 3646 notificandum,

164 3689 339 3754 earumque
356 3675 509 3739 nullitetis
524 3691 651 3748 causas,
666 3676 855 3756 inquantum
874 3689 931 3753 per
947 3681 1066 3752 partem
1083 3671 1254 3734 aduersam

165 3771 284 3836 luerint
295 3771 496 3852 interposite,
510 3773 736 3838 deducendum
749 3783 781 3838 et
794 3771 1067 3854 prosequendum,
1081 3783 1255 3850 expensas,

163 3868 302 3949 dampna
323 3879 356 3935 et
379 3871 537 3937 iuteresse
559 3872 743 3952 petendum,
760 3887 920 3953 expensas
943 3868 1042 3934 taxari
1058 3867 1253 3946 iaciendum,

163 3977 195 4032 et
209 3983 310 4048 super
325 3969 373 4033 eis
386 3969 571 4050 jurandum,
586 3969 706 4051 iudicis
725 3968 865 4035 officium
890 3967 1138 4049 implorandum,
1155 3981 1253 4030 vnum

163 4068 212 4130 vel
240 4067 351 4146 plures
374 4077 615 4147 procuratorem
640 4068 689 4133 vel
712 4077 940 4148 procuratores
963 4067 1036 4132 loco
1058 4065 1108 4130 sui
1131 4063 1256 4129 substi-

162 4165 317 4230 tuendum
339 4177 373 4232 et
394 4167 585 4232 substitutos
610 4167 839 4242 reuocandum,
856 4177 888 4232 ot
910 4183 994 4232 onus
1010 4161 1253 4246 procurationis
