3112 4942
751 431 914 496 ..46-

294 613 382 680 iiiato
397 613 446 679 rei
464 609 632 678 inierentio
650 610 889 692 prouocantium
906 617 938 674 et
960 609 1197 691 appellandum,
1214 611 1382 691 apostotos

294 715 465 798 petendum
486 721 518 776 et
541 710 772 788 recipiendum,
797 709 1042 789 appetistionem
1068 726 1125 774 seu
1149 710 1382 790 appellationes

293 810 566 893 prosequentium.
584 808 809 879 intimandum,
827 807 1054 872 insinuandum
1077 817 1109 872 et
1133 808 1378 884 periticcntium,

292 926 467 990 earumque
481 905 636 972 nuiiitatis
647 921 775 977 causas.
790 905 987 985 inquantum
1003 923 1059 986 per
1072 917 1192 994 partem
1208 911 1385 978 atouersam.

293 1008 411 1073 inerint
425 1005 624 1087 interposite,
639 1004 862 1068 deducentium
875 1011 906 1070 et
919 1007 1188 1085 prosequendum,
1203 1021 1375 1084 expensas,

289 1107 426 1186 dampna
442 1116 473 1169 et
488 1106 643 1168 interesse
660 1103 843 1182 petendum.
860 1119 1021 1181 expensas
1037 1103 1135 1166 taxari
1154 1104 1333 1168 iacientium
1345 1114 1379 1167 et

290 1222 388 1286 super
413 1205 461 1268 eis
484 1202 667 1284 iurantium,
692 1201 811 1282 judicis
837 1200 979 1268 oiiicium
1008 1203 1255 1282 immorandum,
1280 1219 1376 1266 rnum

290 1309 338 1370 rei
364 1303 472 1386 pinrns
495 1312 735 1382 procuratorem
760 1302 807 1366 rei
835 1312 1062 1380 procuratores
1085 1302 1158 1366 ioco
1183 1303 1232 1366 sui
1260 1302 1376 1366 substi-

289 1406 440 1468 tuentium
464 1412 495 1465 et
516 1399 710 1464 substitutos
741 1399 971 1474 reuocandum.
989 1411 1020 1464 ct
1036 1417 1121 1470 onus
1138 1401 1376 1480 procurationis

288 1501 469 1566 huiusmodi
501 1500 533 1562 in
563 1517 600 1564 se
627 1499 740 1563 iterum
768 1500 1033 1572 reassumendum
1065 1499 1189 1563 tociens
1218 1502 1375 1580 quociens

286 1601 367 1682 ipsis
383 1612 562 1664 aureorum
583 1597 673 1662 atteri
691 1598 794 1662 risum
819 1599 913 1670 tuerit
934 1597 1106 1678 expedirc;
1130 1609 1161 1662 et
1181 1599 1375 1676 gerreraiiter

287 1699 393 1764 omnia
417 1698 477 1760 aiio
500 1707 531 1762 et
553 1696 678 1778 singuia
702 1695 734 1758 in
756 1697 925 1776 premissis
948 1707 980 1760 et
1002 1696 1088 1760 eirca
1114 1713 1152 1762 eu
1180 1698 1372 1772 iaciendum,

287 1797 478 1870 dicentium,
510 1797 706 1876 perennium,
739 1795 975 1876 procur-undum
1009 1805 1041 1859 et
1070 1796 1283 1862 exercentium
1314 1813 1376 1876 pue

287 1896 468 1962 necessaria
486 1893 604 1959 inerint
619 1894 861 1973 quomodolibet
877 1905 908 1958 et
921 1904 1092 1974 oportuna,
1106 1905 1159 1958 aut
1171 1912 1232 1974 que
1247 1895 1375 1973 ipsimet

283 1995 519 2060 constituentes
550 1995 655 2057 tacere
685 2001 818 2072 possent
847 1993 874 2060 si
914 1995 1128 2072 personaliter
1166 1994 1373 2066 interessent,

284 2095 422 2158 etiamsi
440 2093 621 2155 inundatum
637 2092 765 2172 erigant
790 2091 891 2170 mangis
915 2092 1068 2169 speciale.
1086 2091 1242 2156 Noieinmt
1268 2103 1372 2156 tomen

284 2192 497 2258 dimittemini
514 2191 749 2256 constituentes
766 2209 822 2272 per
838 2204 1019 2271 presentem
1036 2193 1297 2258 corrsritutionem
1312 2210 1368 2256 seu

283 2293 457 2356 occasione
480 2291 581 2371 ipsius
603 2301 658 2352 unt
682 2307 738 2367 per·
759 2290 895 2370 aiiquem
920 2303 1023 2354 actum
1047 2291 1191 2355 eiusticm
1217 2293 1368 2370 prei'utam

284 2389 399 2456 i'riunie
428 2401 460 2454 et
490 2402 638 2469 preteuse
667 2391 891 2470 appellationis
919 2407 1047 2454 «retusam
1074 2391 1182 2472 atiquo
1209 2391 1304 2454 motio
1329 2394 1368 2451 ati

282 2489 404 2553 curium
433 2489 606 2552 Romanum
634 2491 683 2552 vei
710 2489 953 2568 utromodoiibet
978 2490 1053 2554 aiibi
1080 2490 1200 2554 tieirerc
1225 2489 1368 2558 druoiui,

286 2587 345 2650 nisi
364 2589 477 2652 merito
492 2599 524 2652 et
539 2587 579 2650 tie
596 2588 665 2651 iure
680 2589 717 2650 ori
738 2589 837 2666 ipsam
855 2590 903 2658 rei
927 2589 1001 2651 aiiiri
1020 2589 1124 2652 reniat
1146 2587 1368 2660 ‹teuotnenum

283 2688 323 2750 de
353 2705 417 2768 quo
447 2688 572 2768 puiriice
602 2691 729 2750 i'uerunt
767 2688 946 2767 protestati.
979 2687 1201 2752 i'romiserunt
1237 2687 1371 2765 iusuper

284 2783 378 2864 ijunn
402 2784 522 2848 donnini
546 2785 779 2850 constituentes
803 2786 865 2852 iide
888 2803 999 2850 eorum
1021 2798 1053 2851 et
1068 2785 1367 2850 cuiusiiiretenrum

283 2885 386 2948 media
410 2900 445 2948 se
467 2893 499 2948 et
521 2883 695 2964 querniibet
717 2901 828 2949 eorum
853 2895 967 2958 ratum,
982 2895 1106 2965 gratum
1131 2893 1226 2965 etque
1242 2883 1369 2946 iirmum

283 2990 437 3063 perpetuo
453 2983 619 3046 habituros
636 2993 735 3046 totum
753 2993 784 3046 et
807 2983 957 3065 quiequid
985 2999 1041 3065 per
1062 2983 1166 3047 riictos
1189 2999 1267 3047 suos
1293 2998 1367 3062 pro·

239 3086 246 3100 '
280 3094 447 3146 curatores
463 3093 515 3144 unt
531 3081 570 3143 ab
586 3080 633 3144 eis
649 3081 699 3146 rei
722 3082 762 3144 ab
785 3083 887 3147 attero
909 3099 1020 3148 eorum
1044 3082 1299 3154 substituendos¹
1318 3080 1367 3144 rei

280 3195 391 3244 eorum
408 3183 555 3254 aiterum,
573 3181 702 3254 iactum,
719 3181 839 3244 dietum
855 3191 1023 3262 gestumve
1038 3181 1132 3246 i'uerit
1148 3179 1178 3242 in
1197 3178 1368 3260 prontissis

280 3280 329 3344 rei
360 3279 601 3360 quornotioiitret
632 3291 860 3360 procuratum;
893 3297 1016 3346 necnon
1046 3289 1077 3346 et
1104 3296 1163 3344 eos
1192 3288 1224 3344 et
1253 3294 1367 3342 eorum

279 3379 454 3458 puerniiiret
483 3378 522 3440 ab
551 3379 638 3442 ornui
667 3395 767 3442 onere
793 3378 968 3442 satisdandi
999 3379 1154 3454 reienses,
1180 3377 1366 3457 sejudicio

280 3478 350 3540 sisti
367 3493 405 3540 ac
417 3476 591 3555 judicatum
609 3475 704 3550 sciui,
723 3477 784 3542 sub
799 3477 941 3542 omnium
959 3481 1115 3542 bonorum
1132 3493 1264 3542 suorum
1280 3474 1365 3540 obii·

278 3575 406 3654 parione
423 3574 541 3652 pariter
556 3584 587 3638 et
604 3575 771 3654 ypotheca.

318 3673 420 3751 Super
449 3672 565 3752 quinus
592 3673 742 3737 ominbus
769 3684 800 3738 et
826 3673 964 3755 singuiis
992 3683 1186 3740 memoratus
1213 3672 1367 3738 dominns

278 3771 396 3836 licetur
413 3772 541 3835 nomine
561 3781 592 3836 et
614 3789 652 3836 es
674 3783 765 3852 purte
780 3783 962 3838 ceterorum
979 3773 1248 3838 constitnenoium
1266 3773 1327 3836 sibi
1344 3789 1361 3833 u

277 3871 370 3934 nobis
400 3868 532 3949 notar-ijs
563 3870 700 3950 pubiicis
731 3871 943 3952 infrascriptis
974 3871 1137 3954 pubiicum
1168 3871 1264 3951 pecijt
1293 3869 1363 3935 iieri

276 3970 523 4034 instrumentum
549 3985 607 4034 scu
634 3970 856 4036 instrumenta.
880 3977 957 4036 Acta
984 3979 1059 4036 sunt
1083 3971 1197 4036 necin
1221 3970 1361 4049 predicta

276 4068 524 4149 congregatione
547 4069 672 4149 pniriicu
695 4069 776 4134 inira
801 4071 1004 4136 rei'eetorium
1030 4070 1135 4136 minus
1151 4069 1282 4134 claustri
1300 4071 1365 4132 t'ra·

279 4179 361 4233 trum
385 4167 667 4249 nugnsrmensinm
693 4169 840 4245 Lorarii,
868 4169 1016 4250 dyocesis
1043 4169 1203 4252 predicte,
1229 4177 1362 4249 propter
