3260 4944
709 377 832 442 -sao
852 411 894 424 -

222 585 223 590 ¹
258 557 473 624 nanduiano
486 575 542 639 pov
555 558 787 624 Utvioerm'totcm
802 560 942 642 deputato
953 566 983 624 ct
998 560 1173 642 deputando
1184 567 1346 626 convinctus

217 643 225 662 ”
244 655 325 729 cto.
341 675 396 720 nco
411 657 528 739 aliquid
541 657 676 740 amplius
690 660 810 740 amem
825 659 871 723 oct
886 661 1042 741 recipiam,
1059 660 1122 723 nisi
1143 660 1225 742 puod
1237 659 1345 724 uolua·

261 758 342 819 loric
356 761 385 820 ct
397 758 527 820 scicritcr
542 757 695 838 ope-etur.

302 851 487 923 »Notarius
512 855 663 920 omnibus
688 866 719 920 et
745 855 881 938 singulis
909 855 1179 928 ordinationibus,
1205 856 1347 924 decretis

261 969 301 1019 ac
322 954 493 1019 sententiis
516 964 579 1018 tam
602 955 896 1038 definitivis‘quam
920 955 1173 1022 interlocutoriis
1194 956 1346 1022 llcctoris

261 1049 399 1130 intersit,
413 1063 507 1134 atoue
523 1054 617 1116 etiam
629 1054 779 1118 omnibus
791 1053 1096 1135 congregationibus
1111 1053 1345 1131 Universitatis,

263 1167 392 1231 semper
414 1163 543 1232 paratus
567 1153 691 1218 servire
713 1152 932 1226 Universitati
957 1152 1225 1235 quandocumque
1249 1153 1348 1220 inter·

263 1251 400 1331 peilatus
415 1251 487 1322 erit.
507 1253 547 1314 ita
563 1253 647 1332 quod
668 1251 700 1316 in
717 1253 825 1318 causis
841 1251 1067 1318 Universitatis
1088 1253 1134 1316 vel
1153 1253 1350 1333 promotoris

263 1358 374 1413 contra
392 1350 602 1430 particulares
625 1367 794 1432 personas,
812 1350 1025 1416 universitate
1040 1351 1089 1414 vel
1108 1361 1294 1432 promotore
1315 1352 1348 1416 in

262 1464 422 1528 expensas
448 1449 690 1524 succumbente,
717 1450 861 1515 notarius
889 1449 967 1513 nibil
994 1449 1033 1514 ab
1060 1448 1273 1516 Universitate
1297 1451 1349 1518 vel

265 1556 450 1628 promotore
465 1557 693 1628 consequatur.

309 1643 492 1710 vNotavius
523 1659 650 1712 moneat
678 1648 861 1721 Rectorem,
894 1656 926 1712 ut
955 1646 1184 1712 conclusiones
1214 1646 1350 1714 Univer-

264 1743 370 1808 sitntis
386 1744 566 1812 executioni
584 1747 723 1812 mandet.

309 1843 489 1907 illotarius
516 1845 698 1926 aqualibct
721 1852 813 1926 parte
839 1861 897 1926 pro
920 1843 1058 1926 singulis
1082 1843 1228 1911 terminis
1251 1860 1350 1910 unum

265 1941 422 2006 soterum
447 1942 592 2023 recipiat,
608 1953 640 2008 et
657 1960 715 2024 pro
738 1943 898 2025 personali
915 1942 1129 2026 responsione
1151 1942 1238 2008 domi
1254 1943 1348 2020 duos,

266 2049 353 2106 extra
368 2041 455 2106 illius
467 2042 597 2134 domum
614 2043 693 2108 iacta
706 2052 844 2124 quatuor
859 2042 1011 2117 stuieros‚
1022 2041 1095 2123 iure
1111 2041 1352 2108 constitutionis

266 2145 523 2220 procuratorum.
542 2140 568 2204 si
585 2140 639 2204 iila
655 2141 798 2214 accedat,
816 2157 944 2221 semper
963 2139 1072 2214 salvu;
1090 2155 1147 2220 pro
1167 2139 1350 2221 receptione

262 2238 433 2320 juramenti
458 2247 489 2304 et
511 2239 657 2304 examine
683 2239 856 2320 cuiuslibet
879 2238 972 2306 testis
999 2238 1085 2303 domi
1113 2253 1191 2303 suae
1214 2248 1352 2322 quatuor

263 2339 423 2410 stuier0s;
443 2354 500 2418 pro
519 2338 702 2420 juramento
718 2339 898 2404 calumniae
921 2337 1010 2410 nibil,
1026 2347 1058 2404 ot
1081 2354 1140 2417 pro
1163 2341 1349 2419 receptione

262 2435 434 2518 juramenti
460 2427 524 2502 litis
551 2437 713 2503 decisivac
740 2453 838 2502 unum
862 2437 1018 2502 stolorum
1044 2435 1191 2516 accipiat.
1217 2435 1352 2516 insuper

268 2537 413 2600 notarius
435 2553 549 2600 omnes
574 2552 748 2615 processus
771 2534 947 2616 originales
972 2534 1055 2615 apud
1073 2551 1109 2598 se
1133 2544 1253 2608 servet,
1270 2549 1353 2613 quos

268 2652 331 2698 nun
355 2635 589 2710 extenuatum
619 2652 675 2715 per
699 2634 825 2716 copiam
852 2634 983 2708 scribat,
1002 2633 1063 2698 nisi
1087 2643 1176 2698 extra
1199 2633 1353 2714 oppidum

268 2734 468 2798 lovaniense
489 2733 659 2800 exhibendi
685 2735 765 2808 sint;
792 2743 955 2815 postremo
977 2733 1062 2814 quod
1087 2732 1126 2796 ad
1149 2733 1261 2813 copias
1283 2732 1356 2796 atti·

269 2842 334 2904 net.
353 2849 410 2911 pro
433 2833 584 2914 qualitate
604 2833 695 2899 laciei
719 2850 776 2898 seu
794 2832 929 2914 paginae
952 2832 1018 2897 lolii
1034 2831 1174 2896 medium
1196 2831 1353 2896 stolorum

270 2931 439 3012 percipiat.

312 3052 327 3089 v
341 3031 441 3095 Nemo
453 3031 537 3095 alius
551 3040 676 3111 practer
690 3031 848 3096 notavium
861 3027 1088 3095 Universitatis
1101 3028 1220 3093 scribat
1233 3027 1356 3094 litteras

269 3128 503 3194 testimoniales
532 3129 649 3204 stodii;
677 3129 718 3194 de
747 3145 881 3210 quarum
912 3127 1049 3210 singulis
1076 3126 1191 3191 babent
1219 3136 1358 3208 quatuor

271 3227 412 3308 pleccas.

315 3348 329 3386 v
347 3327 496 3392 Notarius
513 3327 650 3408 singulis
665 3327 759 3392 annis
777 3344 834 3408 pro
850 3325 1011 3407 stipendio
1027 3340 1161 3390 suorum
1177 3322 1358 3388 ordinario·

271 3441 341 3489 rum
372 3426 518 3491 laborum
543 3427 584 3490 ab
609 3426 826 3494 Universitate
856 3425 989 3500 recipiat
1015 3423 1185 3488 duodecim
1216 3421 1359 3486 florenos

270 3525 470 3598 rhenensem
494 3542 558 3606 quo
586 3541 643 3605 pro
666 3525 831 3591 laboribus
857 3522 1063 3589 universitati
1088 3519 1253 3601 praestitis
1280 3535 1358 3585 con·

272 3623 449 3687 tentussit.
513 3679 515 3684 ,

314 3743 329 3781 a
349 3721 411 3786 Pro
426 3721 568 3803 qualibet
590 3723 799 3804 stipulatione
815 3719 1048 3802 extrajudiciali
1071 3717 1251 3800 apartibus
1274 3715 1359 3782 acci-

273 3820 338 3901 piat
355 3829 386 3884 et
398 3820 528 3886 domino
541 3822 668 3888 Rectori
682 3820 910 3888 Universitatis
926 3819 1064 3901 singulis
1076 3818 1170 3882 annis
1185 3815 1360 3882 dimidiatis

272 3921 376 3984 tradat
395 3920 523 3986 unicum
541 3921 825 4008 octodenarium.v

313 4019 464 4101 Sequitur
490 4036 575 4086 nunc
601 4020 705 4086 series
732 4019 929 4086 domnorum
960 4035 1016 4085 seu
1044 4015 1260 4082 actuariorum
1286 4013 1361 4080 Uni·

271 4119 464 4184 versitatis:
