3222 4944
791 398 977 468 -738-

858 617 900 682 11.

377 779 488 846 Annus
511 786 691 848 rectoratus
714 779 845 862 incipiet
867 771 969 862 prima
991 781 1043 848 die
1066 781 1139 846 anni
1164 780 1363 859 scholastici,
1391 791 1424 847 et

337 880 448 946 ultima
464 879 614 946 feriarum
630 879 893 962 subsequentium
910 879 961 946 die
978 880 1078 946 finiet.

852 1043 906 1110 111.

380 1194 459 1258 bum
473 1193 712 1263 nectoreritex
724 1209 786 1259 una
803 1193 897 1258 trium
915 1192 1101 1258 facultatum
1116 1191 1273 1258 bruxellis
1284 1191 1422 1260 existen·

336 1289 413 1358 tium
428 1294 484 1377 (l),
500 1293 748 1360 nicereotorem
764 1292 939 1359 constituet
954 1291 1083 1357 lovanii
1100 1301 1365 1358 commorantem.

853 1471 904 1537 lv.

377 1639 546 1716 licentra,
570 1639 645 1704 dum
668 1638 728 1704 erit
750 1638 868 1704 flector
890 1655 928 1703 ex
951 1637 1100 1704 facultate
1124 1637 1316 1720 theologica,
1340 1653 1419 1703 con·

335 1739 445 1805 stituet
461 1738 707 1806 viee-rectorem
725 1737 881 1828 Bruxellis
897 1736 1104 1804 residentem.

859 1911 896 1977 V.

376 2065 595 2133 llireetoribus
618 2065 801 2134 facultatum
825 2065 1028 2132 aGubernio
1051 2063 1193 2148 generali
1215 2063 1413 2140 constitutis,

334 2173 461 2248 praeter
477 2165 672 2246 praesidinm
691 2182 754 2248 quo
771 2166 802 2229 in
819 2165 967 2231 facultate
983 2163 1168 2247 funguntur.
1186 2163 1415 2230 cummaxime

333 2274 365 2332 et
387 2264 522 2330 directio
538 2262 717 2330 studiorum
741 2264 915 2330 incumbet.
935 2263 1088 2330 praesidii
1105 2275 1212 2344 partes
1234 2263 1267 2327 in
1282 2280 1322 2329 eo
1338 2278 1415 2328 oon·

334 2362 452 2429 sistunt
481 2362 566 2444 quod
592 2371 771 2428 conventus
802 2362 960 2428 facultatis
990 2361 1131 2428 director
1160 2361 1291 2438 indicet,
1315 2360 1348 2424 in
1377 2359 1416 2424 iis

333 2460 515 2543 praesideat
530 2469 561 2526 et
576 2461 753 2526 secundum
771 2461 890 2540 majora
905 2460 1088 2534 concludat,
1104 2459 1153 2526 vel
1169 2459 1196 2524 si
1213 2460 1244 2522 in
1262 2459 1360 2524 rebus
1376 2459 1414 2522 ad

331 2558 475 2640 politiam
505 2558 663 2624 facultatis
692 2561 742 2624 vel
771 2558 995 2624 Universitatis
1033 2557 1266 2640 pertinentibus
1301 2573 1415 2639 graves

331 2657 543 2724 dissentiendi
584 2657 726 2723 rationes
766 2658 896 2733 babeat,
934 2657 1113 2722 differendo
1152 2655 1411 2728 conclusionem,

331 2757 494 2839 negotium
534 2756 690 2823 decisioni
730 2757 839 2839 regiae
877 2774 934 2838 pro
971 2773 1007 2822 re
1044 2756 1184 2822 literaria
1220 2754 1413 2821 constitutae

331 2855 571 2922 commissionis
586 2855 745 2938 subjiciat.
1290 2923 1297 2928 ,

373 2954 585 3020 flirectorium
604 2955 783 3020 studiorum
806 2971 879 3020 sese
894 2954 997 3020 exerit
1019 2962 1053 3020 ut
1069 2952 1303 3034 praelectiones
1318 2951 1413 3018 facul·

331 3054 406 3120 tatis
436 3054 635 3135 praescripto
664 3053 777 3120 ordine
806 3065 839 3119 et
869 3055 963 3119 modo
993 3054 1179 3126 habeantur,
1210 3053 1415 3134 professores

332 3153 401 3218 suis
416 3152 614 3218 satisfaciant
635 3151 763 3230 officiis,
781 3153 944 3218 facultatis
967 3153 1107 3218 studium
1131 3169 1189 3232 per
1210 3164 1325 3218 omines
1345 3149 1415 3231 ejus

333 3259 440 3333 panes
455 3251 487 3316 in
502 3251 573 3318 dies
589 3251 690 3333 magis
704 3253 880 3326 excolatur,
897 3252 1040 3333 ninilque
1055 3253 1242 3315 intentatum
1256 3249 1416 3331 relinqua·

332 3357 394 3428 tur,
412 3367 475 3432 quo
491 3358 522 3416 et
539 3351 658 3431 patriae
674 3351 877 3416 commodum
893 3360 924 3417 et
942 3351 1047 3416 bonor
1061 3349 1144 3430 apud
1161 3358 1290 3414 exteros
1306 3347 1415 3430 augeri

332 3457 448 3529 potest.
470 3449 682 3524 Quamobrem
709 3449 859 3514 directuri
885 3450 1043 3531 integrum
1070 3457 1118 3513 est
1143 3446 1415 3529 praelectionibus

331 3547 501 3624 interesse,
518 3547 644 3629 quoties
661 3548 692 3612 id
709 3548 738 3613 ei
752 3564 770 3612 e
785 3565 821 3614 re
835 3549 937 3614 visum
955 3548 1059 3612 fuerit.

374 3644 547 3711 birectoris
570 3663 699 3728 quoque
721 3655 771 3712 est
791 3648 899 3712 theses
916 3663 973 3728 pro
989 3644 1273 3726 disputationibus.
1291 3643 1319 3708 si
1334 3660 1416 3724 uuae

333 3741 420 3817 fient,
459 3761 584 3810 necnon
621 3744 867 3826 dissertationes
909 3744 1112 3825 inaugurales
1148 3742 1208 3807 sub
1245 3757 1416 3808 censuram

331 3857 459 3918 vocare,
476 3859 595 3924 easque
610 3844 658 3908 vel
675 3845 843 3910 admittere
857 3844 907 3910 rel
926 3841 1109 3924 reprobare.

368 4071 405 4146 (1)
424 4073 523 4147 Voyea,
542 4091 578 4128 au
600 4077 673 4145 sajet
692 4075 729 4130 du
753 4077 883 4130 transfert
905 4073 1078 4130 momentana
1099 4073 1134 4128 de
1156 4072 1224 4127 trois
1246 4071 1363 4127 incultos
1386 4071 1421 4126 de

332 4157 508 4219 l'Umiv'arailti
526 4165 560 4220 de
579 4165 703 4220 Louvaiu
717 4175 733 4220 d
746 4167 903 4234 Bruxelles,
918 4183 952 4220 en
969 4165 1049 4234 1788,
1064 4165 1097 4220 Α.
1112 4163 1298 4227 inmensus.
1314 4163 1369 4217 Les
1380 4161 1419 4218 50

332 4255 472 4311 ἀενηίδνεε
484 4255 586 4310 annm
598 4260 632 4310 de
644 4254 823 4313 t'ffnteernte
832 4261 864 4311 de
877 4257 1012 4322 boumn,
1026 4272 1073 4327 pp.
1088 4253 1143 4311 337
1155 4271 1212 4312 sar.
