3236 4944
756 443 941 526 ..ffl-

306 643 475 712 vendendo
497 652 592 727 atque
615 644 751 710 taxando
775 645 874 710 libros
894 644 991 726 juste,
1010 645 1164 727 legaliter,
1184 654 1217 710 ut
1236 645 1342 711 sciero
1359 652 1392 711 el

305 755 484 828 poterone
505 745 576 810 sine
602 745 713 811 lraude
736 762 785 810 me
809 756 980 827 geramel
1002 746 1086 827 quod
1104 746 1222 811 salario
1239 746 1315 810 milri
1333 763 1391 828 per

305 845 553 910 Universitatem
569 845 745 910 constituto
758 845 807 910 vel
824 846 1050 911 constituendo
1063 854 1315 920 contentusero,
1331 861 1391 911 nec

305 945 442 1028 amplius
459 947 582 1027 exigam
598 946 647 1010 rel
665 945 827 1027 recipiam,
847 945 907 1011 nisi
925 961 1011 1011 mere
1027 945 1206 1011 voluntarie
1221 947 1346 1012 detur.»

336 1079 378 1166 2.
397 1077 530 1143 Librarii
543 1088 574 1143 et
593 1079 748 1144 librorum
765 1087 988 1160 compactores
1002 1093 1039 1142 ac
1053 1077 1268 1158 intpressores
1282 1076 1391 1160 iurent

306 1180 390 1261 quod
422 1179 628 1244 abstinebunt
656 1179 696 1242 ab
726 1178 952 1258 impressione,
984 1177 1159 1259 emptione,
1192 1177 1388 1252 venditione,

306 1279 481 1345 donatione
506 1287 560 1342 aut
581 1279 641 1341 aliu
666 1277 777 1358 quovis
797 1277 984 1351 errrissione,
1004 1295 1076 1352 usu,
1102 1277 1239 1342 lectione
1254 1285 1286 1342 et
1301 1293 1390 1342 com-

307 1379 455 1459 pactione
470 1393 746 1458 quorumcumque
763 1377 931 1450 librorum,
949 1395 1031 1458 quus
1055 1376 1158 1442 scient
1174 1377 1223 1442 vel
1245 1377 1390 1458 suspica·

307 1481 425 1543 buntur
442 1477 598 1544 lracresim
615 1478 780 1541 continere
797 1487 851 1540 aut
866 1477 946 1540 alias
963 1477 1003 1542 de
1020 1476 1145 1541 lraeresi
1162 1484 1343 1559 suspectos.

348 1609 377 1674 3.
404 1609 714 1674 Librariirendrudo
728 1610 828 1694 libros
841 1608 1063 1674 subauctione
1077 1607 1201 1690 publica
1215 1607 1392 1690 percipiant

308 1710 496 1793 vigesimum
514 1709 678 1774 denarium
696 1725 712 1772 n
730 1708 896 1774 reliditure
914 1709 1081 1774 libroruin.

348 1841 378 1905 l.
407 1842 537 1906 Librarii
555 1857 571 1905 n
588 1840 804 1916 scholaribus
818 1841 871 1922 qui
887 1840 1028 1906 nondum
1044 1839 1229 1922 vigesimum
1246 1839 1390 1921 quintum

308 1943 422 2028 notatis
454 1958 572 2006 anunm
605 1940 849 2021 compleverint,
884 1939 1006 2020 absque
1041 1955 1194 2019 expresso
1228 1943 1390 2004 consens'u

309 2041 449 2124 regentis
479 2041 527 2106 sui
560 2040 758 2121 paedagogii,
777 2039 803 2104 si
834 2040 966 2104 artisluc
996 2039 1069 2116 sint,
1099 2039 1238 2119 alioquin
1270 2039 1392 2122 absque

308 2157 462 2223 expresso
485 2157 647 2206 consensu
672 2141 792 2204 domini
819 2140 964 2205 hectoris
987 2149 1018 2204 et
1040 2140 1177 2220 lrospitis
1198 2140 1237 2204 de
1252 2139 1391 2204 concilio

309 2239 531 2306 llrriiersitatis
544 2240 722 2314 existentis,
735 2257 790 2320 per
802 2256 837 2304 se
850 2241 898 2304 vel
912 2239 1265 2321 aliumquemcomque,
1276 2239 1391 2320 quovis

308 2341 454 2422 quaesito
477 2340 587 2404 colore
609 2356 666 2402 sen
684 2338 826 2419 ingenio,
846 2355 909 2404 non
931 2349 1038 2404 emunt
1063 2355 1119 2404 seu
1136 2338 1324 2404 vendendos
1340 2339 1390 2404 vel

308 2441 401 2505 etium
426 2439 550 2521 pignori
575 2439 733 2518 accipiant
748 2439 797 2504 rel
825 2448 954 2504 teneant
979 2439 1061 2504 ullos
1077 2438 1189 2516 libros,
1207 2437 1267 2503 sub
1287 2453 1390 2519 poena

308 2541 402 2605 trium
431 2539 651 2603 Caroliuorum
678 2539 749 2620 ipso
777 2538 860 2603 lacto
887 2539 1094 2613 incurrendu;
1123 2547 1152 2604 el
1181 2537 1390 2604 nihilominus

308 2647 477 2705 tencantur
503 2637 686 2719 hujusmodi
714 2638 814 2703 libros
843 2633 1012 2703 restituere
1030 2637 1172 2720 regenti,
1202 2637 1230 2702 si
1259 2637 1392 2703 artistae

310 2740 375 2804 sint
398 2739 482 2813 libri,
509 2737 649 2819 alioquin
673 2737 711 2801 ad
737 2753 850 2803 manus
873 2737 1019 2803 Rectoris
1041 2730 1163 2820 absque
1183 2737 1389 2819 pecuniarum

308 2839 520 2904 restitutione.

351 2973 381 3035 o.
407 2970 523 3036 Omnes
551 2971 776 3053 impressores,
805 2969 924 3035 librarii
952 2980 983 3036 et
1009 2980 1231 3052 compactores
1254 2971 1393 3038 habeant

308 3071 485 3153 catalogum
503 3070 657 3136 librorum
677 3070 977 3153 reprobatorumll).

329 3273 332 3280 ·
348 3253 385 3328 (l)
407 3254 494 3311 Lubet
507 3251 552 3310 hic
566 3254 746 3310 transcribere
757 3272 788 3310 ea
802 3271 872 3327 quse
885 3253 987 3312 illustr.
1005 3255 1037 3310 D.
1052 3252 1092 3310 De
1102 3253 1183 3324 Ram,
1196 3255 1224 3310 in
1238 3272 1289 3310 sus
1302 3255 1392 3329 operis

310 3348 423 3404 loannis
437 3347 540 3404 Melani
555 3347 675 3404 editione
686 3347 730 3420 (ll,
744 3365 789 3418 pp.
802 3346 857 3401 915
867 3346 949 3419 sqq.),
962 3345 996 3400 ad
1010 3346 1082 3402 huno
1092 3346 1239 3402 articulum
1254 3354 1331 3404 nolet
1345 3367 1352 3404 ε

348 3439 425 3494 Circe
456 3440 574 3494 medinm
605 3439 747 3494 saeculum
775 3437 911 3492 decimum
928 3444 1045 3504 sextum,
1062 3455 1148 3511 quum
1162 3438 1392 3496 invalescentibus

310 3530 458 3598 lutherana
478 3537 505 3586 cl
527 3530 681 3586 calviniana
700 3529 861 3584 haeresibus
883 3529 946 3584 libri
966 3530 1078 3602 plurimi
1097 3529 1165 3584 artis
1179 3531 1393 3602 typographicae

310 3623 388 3679 ocius
403 3629 570 3694 propagalae
584 3619 720 3676 industrie
732 3621 922 3690 vulgarenlur,
938 3620 985 3692 qui
998 3622 1113 3676 mentito
1127 3622 1391 3694 plerumqueeuclc·

310 3715 350 3772 lis
364 3714 475 3770 nomine
489 3713 527 3768 ila
540 3730 645 3769 errores
659 3713 845 3774 occultabant,
861 3717 892 3767 ul
905 3712 986 3767 facile
1000 3727 1054 3768 non
1071 3717 1144 3768 essct
1156 3729 1203 3768 cos
1215 3731 1232 3768 a
1246 3713 1393 3770 catholico·

310 3823 373 3862 rum
388 3805 467 3860 libris
480 3821 631 3869 secernere,
647 3821 796 3876 eorumque
810 3803 919 3858 incaute
934 3803 1015 3859 lectio
1035 3821 1089 3860 non
1108 3821 1211 3875 paucos
1224 3805 1349 3876 decipere
1360 3823 1393 3862 ac

309 3898 441 3952 seducere
464 3903 565 3968 pessel,
583 3895 721 3951 conmuni
744 3895 956 3951 orthodoxorum
981 3899 1042 3950 nolo
1065 3897 1209 3966 catalogus
1231 3897 1289 3952 sive
1311 3898 1392 3954 index

311 3987 464 4052 librorum,
492 4005 609 4061 quorum
635 3987 717 4042 lectio
744 3985 896 4058 perniciosa
922 3987 1008 4050 sorel,
1036 3987 1192 4058 optabatur.
1221 3988 1256 4042 Et
1280 3989 1391 4062 quidem

309 4096 382 4139 anno
400 4080 479 4148 torn,
496 4080 540 4134 die
562 4080 597 4133 22
621 4079 722 4134 mensis
746 4077 885 4146 februarii,
905 4077 1074 4133 Universilas
1101 4079 1278 4134 Loraniensis
1303 4081 1393 4138 edicio

310 4171 422 4243 publico
449 4170 592 4244 prohibuit
615 4171 746 4242 quosdam
774 4169 869 4234 libros,
895 4187 965 4241 quos
992 4169 1126 4224 haeresim
1153 4188 1250 4242 sapere
1275 4175 1302 4228 el
1328 4173 1390 4228 ndei

309 4261 462 4319 catholicae
485 4261 674 4318 contradicere
696 4261 894 4333 deprehensum
917 4265 985 4317 erat.
1010 4262 1112 4316 Eodem
1136 4263 1225 4317 edicto
1247 4263 1393 4319 mandetur

281 4387 283 4392 .
308 4354 472 4411 Academiae
491 4353 609 4408 subditis
628 4358 659 4407 ut
676 4353 710 4407 ab
730 4351 879 4423 emptione,
901 4351 1058 4409 venditione
1075 4357 1103 4409 el
1125 4353 1242 4410 lectione
1255 4355 1390 4425 ejusmodi
