3246 4944
747 439 871 528 -sos
893 499 935 512 -

338 649 429 721 Item,
456 665 495 713 ne
517 665 612 730 agere
636 647 760 728 possint
783 647 971 712 advocatum
994 662 1162 712 pausarum
1190 645 1379 722 forensium,

296 766 353 830 per
368 765 447 829 quas
463 756 638 813 avocantur
654 764 670 810 a
687 746 795 812 studio
811 763 940 811 suarum
958 745 1144 812 lectionum.

338 845 422 911 iiaeo
438 847 578 912 remedia
595 857 776 911 consonant
792 845 930 910 decretis
947 845 1155 910 visitationis.
1174 845 1252 920 Quia
1273 855 1378 910 tannen

295 947 446 1012 doctores
476 945 640 1010 seculares
669 944 802 1010 alendae
829 945 965 1010 familiae
992 944 1136 1026 pluribus
1162 953 1257 1025 egent
1283 961 1378 1024 quarn

295 1045 447 1110 doctores
471 1044 611 1125 theologi
636 1052 667 1108 et
688 1044 867 1118 clericales,
888 1044 941 1125 qui
964 1043 1128 1109 beneficiis
1151 1041 1380 1108 ecciesiasticis

296 1143 515 1217 sublevantur,
533 1153 676 1224 putarem
702 1159 765 1208 non
782 1143 887 1208 omnia
903 1143 1031 1224 quidem
1047 1151 1177 1208 externa
1194 1141 1300 1207 munia
1316 1141 1380 1206 iffis

296 1241 515 1307 interdicenda
541 1260 627 1317 esse,
655 1243 711 1307 sed
741 1241 919 1309 insistendo
946 1241 1123 1308 visitationi
1151 1240 1379 1322 injungendum

297 1341 432 1406 bedeffis
456 1342 622 1423 utriusqus
645 1341 817 1417 facultatis,
837 1341 890 1422 qui
914 1350 1035 1406 tautum
1060 1355 1247 1421 comparere
1273 1339 1381 1406 soient

296 1440 327 1502 in
357 1440 493 1504 actubus
522 1441 792 1521 graduandorum,
817 1450 850 1504 ut
875 1439 968 1505 otiam
996 1439 1149 1504 factiones
1175 1437 1379 1520 quotidianas

294 1539 480 1616 observent,
508 1549 539 1603 et
568 1539 712 1604 defectus
742 1538 1005 1620 frequentationis
1036 1545 1157 1614 notent,
1188 1537 1248 1602 sub
1276 1553 1378 1618 poena

295 1638 481 1718 privationis
508 1637 616 1715 offleii,
642 1648 673 1704 et
702 1639 846 1703 deferant
875 1637 1003 1704 Reotori
1033 1646 1086 1703 aut
1116 1637 1160 1701 iffi
1192 1653 1285 1718 quern
1315 1639 1379 1701 sua

296 1737 489 1802 Excutienda
518 1737 735 1812 ordonaverit,
769 1738 812 1801 uti
849 1737 978 1802 decreta
1005 1736 1201 1802 Visitatiouis
1227 1753 1379 1817 expresse

297 1837 530 1918 praescribunt.

339 1993 376 2059 Et
404 2005 550 2074 respectu
583 1995 708 2059 ifforunt
738 1994 898 2059 exentioni
929 1993 1096 2072 mandetur
1121 1993 1205 2074 quod
1232 1992 1378 2057 visitatio

294 2095 404 2159 statuit
416 2095 456 2160 de
469 2094 707 2174 professoribus
720 2095 860 2175 quinque
874 2095 1069 2170 facultatum,
1079 2101 1110 2157 ut
1124 2112 1178 2174 pra
1192 2112 1379 2176 annonamque

292 2196 406 2258 omisso
421 2193 548 2258 tertione
564 2195 678 2276 ubsque
699 2194 832 2274 tepitimo
855 2212 949 2257 causo
964 2199 1080 2256 tuntum
1097 2194 1134 2256 de
1154 2193 1315 2274 stipendiis
1336 2195 1380 2256 ud

294 2294 395 2355 minus
419 2292 611 2365 detrudatur,
630 2300 780 2374 quantum
802 2311 838 2355 eo
858 2310 914 2372 pro
937 2291 1055 2355 duobus
1077 2291 1183 2354 diebus
1198 2291 1377 2354 ascendunt.

293 2392 334 2455 Et
350 2394 377 2453 st
392 2394 444 2472 qui
457 2394 654 2472 professores,
672 2409 734 2454 aon
749 2391 888 2454 obstante
907 2390 1021 2454 muiofu
1037 2398 1065 2452 et
1081 2391 1297 2464 admonitione,
1314 2391 1378 2453 siut

293 2491 323 2551 iu
347 2491 480 2552 ducendo
501 2491 613 2568 ipponi,
629 2489 676 2552 aet
698 2492 789 2552 nimis
808 2492 981 2571 frequenter
998 2489 1147 2565 obseratas,
1164 2489 1209 2552 aet
1223 2491 1378 2552 extraneis

293 2590 431 2666 emporiis,
449 2592 611 2670 quominus
627 2589 733 2651 dooere
745 2591 876 2668 possint,
894 2589 1025 2651 nimium
1046 2589 1205 2668 implicati,
1221 2587 1375 2664 uolumus,

291 2688 335 2750 ait
356 2687 513 2760 Visitatio,
531 2695 563 2750 ut
588 2689 627 2750 od
650 2707 706 2750 aas
732 2689 861 2768 deserat,
880 2694 912 2751 ut
939 2691 972 2751 ia
997 2706 1031 2752 ea
1056 2691 1227 2769 tempestiue
1251 2687 1296 2750 uei
1320 2705 1376 2768 per·

291 2787 473 2850 dimotionem
496 2786 604 2851 tatium
626 2787 672 2851 uel
687 2787 751 2850 otia
766 2789 922 2851 commodo
938 2790 1055 2851 ratione
1068 2788 1292 2870 provideamus,
1310 2797 1373 2850 eto.

809 2962 859 3026 13.

335 3107 411 3172 ltern
429 3107 573 3174 visitatio
597 3109 750 3191 praecipit
771 3108 994 3190 professoribus
1017 3116 1230 3190 utnusquam
1254 3109 1375 3171 statutis

292 3205 375 3268 tiaris
394 3225 413 3268 o
434 3208 567 3271 docendo
583 3207 765 3284 obstineant,
784 3209 843 3272 nisi
857 3226 971 3290 mopuu
986 3216 1014 3272 et
1030 3211 1204 3272 necessario
1219 3225 1372 3281 cousus..

290 3323 350 3385 quo
379 3323 452 3368 cusu
481 3307 576 3369 ratium
605 3307 755 3371 duetorem
792 3307 838 3372 uei
874 3307 1063 3370 dissidiorum
1098 3305 1289 3380 substituent,
1321 3307 1376 3386 qui

290 3401 432 3466 lectiones
448 3404 583 3469 obseratis
599 3407 695 3487 ipsius
709 3415 833 3488 sumptu
847 3415 1063 3488 prosequatur.
1252 3407 1253 3410 ’

333 3560 437 3640 Aliqui
469 3561 671 3641 professores
693 3561 787 3642 juris,
812 3562 906 3627 etiarn
934 3571 1130 3643 praesentes,
1155 3578 1228 3626 raro
1254 3577 1310 3641 per
1336 3577 1374 3625 se

291 3657 443 3723 dieantur
468 3660 598 3732 dooere,
621 3661 772 3726 absentes
800 3663 983 3743 frequenter
1010 3661 1130 3725 nulfum
1157 3660 1373 3734 substituere,

291 3764 322 3820 ot
337 3757 408 3836 quia
426 3758 617 3823 substitutos
634 3760 830 3840 stipendiare
846 3768 1008 3836 recusant,
1027 3759 1075 3822 vix
1094 3758 1257 3840 reperiunt
1278 3775 1374 3839 quem

290 3855 486 3922 substituere
511 3858 653 3938 possint;
678 3867 709 3924 et
732 3859 772 3923 ob
795 3859 899 3924 dictos
920 3859 1064 3924 defectus
1082 3857 1227 3939 pubfioae
1243 3857 1375 3922 subotae

287 3953 481 4019 deseruntur
497 3966 528 4020 et
545 3957 684 4037 privatae
701 3959 856 4023 lectiones
873 3959 1124 4039 frequentantur.

332 4109 392 4174 Pro
423 4113 564 4177 remedio
597 4123 672 4194 puto
703 4116 876 4196 aagendam
914 4113 1133 4180 executionem
1170 4114 1374 4178 decretorum

295 4207 501 4287 Visitatiouis,
519 4221 550 4276 et
573 4214 771 4294 uegfigentes
787 4216 819 4278 iu
836 4213 980 4279 docendo
997 4213 1233 4278 substractione
1249 4211 1374 4292 stipen-

293 4306 337 4370 dii
352 4308 567 4388 muletandus,
585 4313 628 4376 uti
644 4313 877 4394 praescriptum
893 4323 951 4379 est.
