3246 4944
740 513 923 578 -602-

297 701 428 762 nostrae
454 694 671 762 reformationi
700 669 866 774 insertum,
893 713 908 761 a
940 697 1077 762 hectore
1106 703 1138 761 et
1167 694 1381 760 Universitate

298 813 355 878 pro
379 794 464 860 veris
486 793 665 876 suppositis
681 794 824 876 ciusdem
842 794 1067 862 Universitatis
1083 793 1201 860 luerint
1215 792 1378 859 declarati.

816 945 865 1009 IV.

342 1077 461 1142 ilcetor
482 1092 558 1142 vero
581 1076 684 1142 dictae
707 1075 929 1142 Universitatis
951 1075 1087 1158 singulis
1111 1082 1231 1141 tantum
1258 1090 1380 1140 semes·

299 1176 402 1241 trihus
418 1182 574 1242 consueto
587 1175 652 1257 iam
666 1191 753 1242 more
765 1191 803 1240 ca
817 1175 953 1258 siugulis
970 1174 1172 1241 facultatibus
1185 1190 1242 1256 per
1254 1183 1381 1238 turnum

299 1275 445 1356 eligatur,
484 1274 779 1356 praescriptumque
818 1273 1034 1356 iuramentum
1075 1275 1107 1338 in
1146 1273 1282 1338 adventu
1322 1287 1382 1336 suo

300 1384 451 1455 praestet,
470 1385 502 1440 et
526 1373 641 1440 deinde
659 1375 821 1456 advigilat,
840 1383 872 1440 ut
890 1391 946 1456 per
962 1392 998 1440 se
1013 1383 1044 1441 et
1059 1379 1275 1456 promotorem
1291 1389 1383 1436 suurn

299 1481 416 1540 statuta
432 1473 536 1539 dictae
552 1472 776 1539 Universitalis
793 1473 1000 1540 exactissime
1016 1472 1238 1539 observentur.

826 1623 862 1687 V.

344 1755 381 1821 tlt
406 1763 439 1820 ut
466 1764 631 1836 promotor
657 1753 767 1837 majori
794 1771 866 1820 curn
892 1754 995 1820 lructu
1023 1753 1054 1818 id
1080 1753 1186 1830 faciat,
1206 1753 1235 1818 ci
1261 1750 1385 1818 curabit

302 1855 420 1920 hector
446 1853 608 1933 provideri
634 1854 674 1920 de
701 1853 862 1936 aliquibus
888 1853 1092 1928 satellitibus,
1115 1852 1169 1934 qui
1196 1852 1228 1916 in
1254 1847 1384 1931 captura

301 1953 553 2034 delinquentium
588 1955 763 2033 promoturi
796 1953 969 2028 assistenl;
1000 1953 1095 2033 idque
1128 1960 1188 2016 sub
1223 1949 1385 2030 stipendio

301 2052 495 2132 competenti
518 2070 555 2116 ex
580 2053 692 2117 mediis
712 2051 918 2133 generalibus
933 2051 1156 2117 Universitatis
1172 2047 1383 2122 desumendo,

302 2151 405 2218 donec
419 2151 548 2216 aliunde
563 2151 610 2216 eis
626 2151 787 2232 movideri
804 2151 932 2232 polerit.

822 2299 872 2363 vl.

343 2432 460 2498 Carcer
476 2449 603 2514 quoque
616 2432 839 2498 Universitatis
856 2433 888 2496 in
905 2432 1001 2498 solito
1017 2431 1089 2497 loco
1105 2429 1339 2504 rcaediiicetur,
1354 2436 1388 2494 ut

301 2531 387 2597 noxii
405 2531 522 2597 ibidem
539 2532 774 2607 custodiantur,
789 2533 904 2607 donee,
918 2547 1015 2597 causa
1031 2546 1143 2598 eorum
1160 2529 1326 2608 instructa,
1337 2528 1386 2594 vel

300 2631 506 2696 condemnari
523 2631 571 2696 vel
588 2631 713 2696 absolvi
739 2647 795 2712 pcr
817 2632 1006 2696 sententiam
1028 2629 1174 2696 hectoris
1198 2627 1384 2694 meruerint.

816 2779 879 2844 vll.

349 2911 385 2976 Et
409 2919 442 2975 ut
465 2911 605 2992 pacatior
627 2911 668 2977 sit
692 2911 903 2988 Universum,
922 2927 981 2977 nee
996 2911 1184 2976 tumultibus
1201 2909 1305 2976 studia
1321 2919 1387 2975 tur·

306 3009 432 3086 bentur,
452 3027 554 3092 neque
571 3011 709 3076 humano
734 3012 889 3092 sanguine
913 3027 969 3090 per
993 3009 1165 3076 homicidia
1187 3008 1388 3074 Universitas

304 3108 539 3190 coinquinetur,
557 3109 707 3191 jubemus
732 3119 765 3175 ut
787 3118 904 3176 statuta
928 3108 1154 3175 Universitatis
1177 3108 1262 3173 circa
1285 3108 1388 3173 nocti-

305 3224 403 3288 vagos
419 3218 529 3274 exacte
545 3211 769 3278 observentur.
786 3210 968 3290 curentque
984 3208 1149 3289 praesides
1164 3206 1387 3289 collegiorum,

306 3313 368 3370 tam
391 3306 579 3388 iuristarum
606 3325 698 3391 quam
728 3309 963 3390 theologorum,
983 3315 1016 3372 ut
1040 3323 1058 3370 a
1085 3306 1243 3388 principio
1269 3323 1389 3371 coenae

306 3406 440 3486 collegia
469 3407 670 3487 claudantur,
696 3425 755 3474 neo
784 3406 1036 3472 inhabitantibus
1065 3405 1173 3487 egredi
1204 3405 1274 3471 sine
1300 3404 1388 3470 venia

306 3503 487 3590 praesidum
505 3506 713 3588 permittatur.

807 3637 889 3703 VIII.

350 3769 470 3836 Deinde
506 3771 650 3837 dIslricte
686 3771 904 3852 prohibemus,
937 3788 977 3836 nc
1013 3769 1150 3836 studiosi
1181 3785 1253 3834 curn
1283 3765 1390 3850 longis

307 3867 435 3948 gladiis
467 3870 663 3948 bombardis,
694 3871 862 3952 sclopetis,
893 3871 1126 3952 cujuscumque
1165 3869 1290 3932 tandem
1327 3866 1392 3932 siut

309 3967 517 4044 tornuerre
543 3970 593 4035 vel
624 3981 716 4036 nocte
744 3970 865 4050 plateas
892 3967 1109 4043 obambulent,
1132 3967 1317 4032 discurrant
1341 3963 1392 4028 vel

310 4065 477 4142 incedant;
505 4079 601 4150 atque
626 4069 787 4144 volumus,
806 4079 839 4134 ut
865 4067 1049 4149 hujusmodi
1075 4083 1162 4130 arma
1190 4063 1392 4146 praesidibus

310 4172 364 4227 aut
401 4163 582 4246 hospitibus
614 4167 681 4232 suis
711 4169 743 4230 in
773 4168 863 4232 initio
893 4168 1048 4231 adventus
1078 4165 1117 4230 ad
1147 4162 1392 4229 Universitatem

311 4264 521 4330 custodienda
539 4266 675 4343 tradant,
692 4267 800 4347 ibique
817 4265 1008 4347 relinquant,
1026 4265 1130 4330 donec
1145 4262 1389 4328 Universitatem

311 4360 479 4440 deserant3
497 4371 528 4430 et
542 4379 709 4447 quousque
734 4381 822 4430 arma
848 4365 1068 4447 deposuerint,
1087 4380 1164 4446 non,
1176 4360 1389 4428 lntitulcntur.
