3246 4944
760 676 810 740 14.

282 827 358 892 item
376 826 521 890 visitatio
537 825 664 890 ordinat
686 833 719 888 ut
741 826 962 907 disputationes
983 823 1161 888 scientiane
1184 826 1215 887 in
1238 843 1325 888 usnm

239 933 425 1002 revomitur,
442 927 487 988 ito
510 932 543 988 nt
567 933 629 988 tres
652 926 874 1007 disputationes
889 927 920 988 in
937 925 1004 1002 iure
1019 923 1112 997 ciuili,
1129 931 1155 987 et
1171 931 1279 1005 quarto
1294 925 1326 986 in

231 1028 304 1107 J'uru
319 1027 465 1089 cononice
480 1043 535 1106 per
550 1032 673 1088 tuntum
687 1025 776 1105 finnt.

280 1173 407 1238 Turnus
424 1173 478 1239 iiie
495 1191 557 1238 non
577 1181 705 1254 putator
721 1174 859 1247 servari;
877 1182 908 1238 et
925 1191 981 1254 per
993 1172 1162 1255 collegium
1180 1172 1325 1238 strictum

239 1272 270 1336 iu
286 1271 504 1353 disputatione
522 1272 711 1339 sabbatinati
728 1273 911 1354 frequenter
928 1273 1142 1354 dispensatur.

279 1423 498 1490 Ordinnndum
516 1421 666 1488 existimo
680 1431 714 1488 ut
726 1422 924 1503 dispensatio
938 1439 1001 1487 non
1015 1421 1067 1487 iiat
1079 1421 1150 1486 sine
1161 1438 1324 1487 consensu

239 1522 396 1603 praesidis
420 1521 677 1598 sabbatinaiium,
695 1530 726 1586 et
750 1529 864 1587 turnus
887 1521 1105 1604 praescriptos
1121 1520 1323 1586 observetur.

754 1687 803 1751 tn.

281 1836 357 1902 item
374 1837 484 1902 statuit
500 1837 645 1901 Visitatio
662 1844 694 1900 nt
710 1855 798 1900 eremo
820 1837 851 1899 in
874 1841 1002 1917 utruque
1021 1837 1098 1914 iuris
1119 1835 1263 1916 tocnitute
1285 1837 1324 1898 nd

237 1938 388 2000 discidium
405 1939 598 2013 admittatur,
610 1939 671 2000 nisi
686 1938 741 2018 qui
752 1943 883 2020 quotuor
898 1937 988 1999 annis
1003 1939 1034 1998 t'n
1051 1937 1158 2000 iisdem
1174 1935 1324 2000 studnndt

238 2043 266 2098 ct
282 2036 425 2100 lectiones
438 2037 615 2118 praedictas
630 2054 663 2098 se
679 2035 833 2100 audiuisse
848 2037 992 2099 docuerit.

282 2184 405 2248 Dictum
433 2184 596 2250 decretum
628 2184 746 2264 passim
773 2184 890 2248 dicitur
920 2183 1067 2264 iniriugi;
1096 2191 1221 2262 tempos
1247 2199 1323 2264 qoa-

239 2282 375 2346 driennii
393 2283 443 2346 rix
459 2283 499 2346 ab
514 2284 621 2364 atiquo
639 2283 905 2348 licentiandorum
923 2282 1060 2362 impleri,
1078 2282 1142 2346 imo
1158 2281 1324 2346 studiosos

241 2380 294 2462 qni
311 2381 406 2444 simui
423 2381 460 2444 ad
477 2381 721 2446 Universitatem
739 2381 871 2446 veniunt
886 2389 958 2445 ante
973 2380 1092 2445 biennii
1113 2380 1207 2444 tinem
1226 2396 1322 2444 unum

241 2481 357 2543 tactum
375 2496 447 2544 esse
464 2480 658 2544 licentiarum
672 2479 766 2560 juris,
780 2489 949 2560 antequam
966 2479 1048 2544 alius
1065 2480 1203 2559 potuerit
1218 2478 1322 2542 absci-

238 2594 314 2642 vcre
330 2595 460 2642 cursum
479 2578 735 2660 philosophicum
752 2587 783 2642 et
800 2579 979 2658 promoveri
998 2580 1027 2642 in
1046 2577 1261 2660 philosophia.

279 2676 322 2739 iix
347 2677 407 2740 ista
429 2688 534 2742 autem
560 2678 821 2758 praecipitatione
849 2677 1060 2757 promotionis
1083 2679 1120 2740 ad
1144 2676 1319 2751 licentiam,

234 2785 455 2858 praeterquam
481 2779 565 2858 quod
584 2777 703 2842 indocti
721 2793 793 2842 cum
811 2776 1001 2858 praeiuditio
1018 2776 1135 2857 publici
1150 2776 1320 2840 admittan-

235 2877 337 2938 turad
354 2877 486 2952 gradum
504 2886 535 2941 et
550 2876 761 2950 advocatiam,
773 2877 834 2941 troc
849 2878 943 2941 etiam
960 2877 1063 2941 oritur
1080 2873 1319 2950 inconveniens,

237 2971 321 3052 quod
340 2974 534 3055 praeripiant
548 2975 620 3038 eliis
636 2975 789 3040 beneficia
807 2975 1070 3048 nominationum,
1085 2975 1158 3055 quia
1174 2973 1321 3038 seniores

238 3071 441 3150 promotione
456 3073 528 3136 aliis
545 3073 744 3153 praetereunt
761 3083 848 3149 sunt,
866 3083 896 3138 et
920 3072 1088 3137 intrudunt
1110 3089 1145 3136 se
1169 3071 1200 3134 in
1224 3087 1322 3136 cano-

237 3169 362 3233 nicatus
377 3169 615 3251 graduatorum
634 3172 687 3252 qui
705 3188 761 3254 pro
778 3171 882 3235 doctis
899 3171 1051 3236 reservati
1069 3179 1155 3235 sunt.

175 3307 183 3318 -
276 3268 411 3350 insuper
426 3270 520 3334 etiam
537 3270 722 3335 licentiandi
743 3271 862 3350 passim
880 3287 943 3335 non
960 3268 1201 3350 frequentarunt
1217 3269 1321 3350 pubii-

235 3383 290 3431 cas
313 3367 443 3432 scholas
458 3379 488 3433 et
510 3369 687 3444 lectiones;
704 3379 735 3433 et
752 3369 825 3450 quia
841 3377 914 3433 ente
929 3385 1062 3434 examen
1079 3367 1230 3432 doctores
1247 3367 1320 3431 ilios

236 3483 300 3531 noo
314 3467 455 3548 obligant
467 3467 505 3531 ad
519 3467 733 3533 exhibendum
751 3468 931 3533 testimonia
949 3468 1169 3549 professorum
1182 3483 1318 3548 quorum

235 3565 391 3630 lectiones
429 3567 631 3648 frequentare
667 3567 867 3644 debuissent,
905 3577 1034 3648 potatur
1069 3566 1109 3630 ab
1145 3565 1317 3648 aliquibus,

236 3665 321 3745 quod
360 3665 400 3729 ob
437 3668 519 3730 itanc
555 3666 845 3732 dissimulationem
883 3667 1038 3732 lectiones
1075 3665 1220 3748 publicae
1255 3681 1317 3729 non

236 3763 490 3845 frequententur.

276 3909 336 3974 Pro
374 3911 564 3978 executione
600 3913 676 3977 dicti
714 3913 833 3979 decreti
864 3912 1062 3978 visitationis
1101 3911 1319 3978 necessarium

236 4017 363 4088 putatur
379 4019 410 4074 et
426 4011 622 4077 conveniens
638 4013 776 4077 tutorum
793 4013 954 4088 existimo,
973 4021 1005 4077 ut
1022 4011 1187 4094 perseam
1205 4010 1319 4092 Maies-

236 4115 330 4171 tatem
352 4110 577 4186 amoneretur,
596 4121 629 4175 ut
651 4112 759 4176 nutius
781 4111 812 4174 in
836 4111 1013 4176 ditionibus
1036 4111 1133 4192 regiis
1156 4110 1255 4191 Belgii
1279 4111 1316 4173 ad

239 4207 465 4285 postulandum
491 4209 522 4272 in
550 4210 649 4274 curiis
671 4211 904 4287 admitteretur,
933 4210 993 4274 nisi
1016 4211 1070 4292 qni
1094 4211 1224 4275 doceret
1246 4217 1319 4274 ante
