3240 4946
707 519 892 587 -sor-

259 704 418 770 medicine
436 704 609 786 magistros
624 705 801 771 lobannem
818 701 952 770 Calaber
967 709 999 766 et
1019 700 1197 766 Iohannem
1219 699 1342 766 randen

257 803 442 876 lieetveide,
460 821 497 868 ex
516 802 665 869 facultate
682 804 796 869 artium
813 803 1000 885 magistrum
1017 800 1204 866 Niobolaurn
1221 798 1342 881 topptn

256 904 297 968 dc
320 902 494 978 Montibus,
512 912 543 969 et
567 902 652 983 ouod
666 903 730 984 ipsi
747 903 866 968 domini
883 899 1023 983 deputatj
1042 897 1252 981 prenominati
1269 907 1343 964 ante

257 1001 528 1083 presentationem
552 1001 737 1066 huiusmodi
761 1001 938 1068 taciendam
958 999 1044 1080 jnter
1065 1015 1102 1063 se
1123 997 1289 1063 conserant
1311 1006 1342 1061 et

255 1100 438 1182 concipiant
467 1101 595 1166 modum
628 1101 886 1182 presentationis·
907 1098 1064 1174 faciende,
1092 1105 1123 1163 et
1151 1097 1227 1178 quid
1257 1096 1342 1188 dicto

255 1199 385 1264 domino
414 1199 518 1280 abbati
546 1198 581 1281 jn
613 1199 853 1281 presentatione
879 1197 1051 1264 dicendum
1076 1197 1148 1272 erit,
1173 1203 1204 1261 et
1228 1201 1343 1277 expost

258 1299 456 1364 conferentia
469 1316 540 1364 cum
556 1299 630 1381 ipso
643 1299 775 1366 donnino
788 1299 902 1364 abbate
919 1298 1036 1373 babita,
1050 1296 1156 1363 omnia
1173 1306 1204 1362 et
1218 1295 1343 1378 singula

258 1396 455 1479 rniuersitatj
475 1399 613 1464 referant
629 1399 668 1463 ad
685 1399 824 1481 desuper
840 1399 1093 1464 deliberandum.

297 1595 538 1678 consequenter
575 1597 727 1662 dominus
763 1597 879 1662 doctor
914 1595 1066 1678 magister
1100 1595 1262 1660 lohannes
1302 1595 1342 1660 de

256 1693 498 1776 Wemeldingen
521 1695 659 1761 ecclesie
681 1705 793 1762 sancto
817 1695 940 1761 Gudule
964 1693 1180 1760 Bruxeliensis
1199 1694 1341 1758 decanus

256 1809 338 1858 vnus
361 1804 627 1859 conseruatorum
653 1795 894 1876 priuilegiorum
915 1794 1010 1859 buius
1026 1791 1244 1858 vniuersitatis
1260 1791 1341 1857 reci·

255 1891 335 1956 tauit
351 1893 487 1973 qualiter
502 1893 581 1958 alias
596 1893 635 1957 ad
652 1904 834 1976 requestam
851 1903 882 1958 et
899 1909 1011 1974 preces
1031 1891 1249 1956 uniuersitatis
1270 1891 1342 1973 ipse

255 1999 288 2056 vt
309 2001 523 2058 conseruntur
545 1993 688 2058 exercuit
711 2010 802 2058 suam
822 1992 1079 2074 jurisdictionem
1103 2009 1140 2056 ac
1161 1991 1341 2056 scolaribus

256 2091 327 2156 siue
354 2090 498 2171 partibus
523 2091 704 2171 petentibus
730 2091 886 2172 justitiam
910 2091 998 2173 juxta
1026 2091 1130 2155 datam
1153 2089 1212 2172 sibj
1235 2107 1252 2153 a
1275 2090 1340 2157 [leo

257 2189 457 2270 prudentiam
479 2190 683 2265 ministrauit,
701 2201 733 2256 et
757 2190 832 2255 iicet
856 2200 987 2272 propter
1011 2189 1194 2254 huiusmodi
1221 2189 1342 2254 exerci-

256 2288 336 2352 tium
369 2285 603 2369 jurisdictionis
637 2289 709 2370 jpse
746 2293 859 2356 merito
895 2306 913 2353 a
950 2289 1076 2354 nemine
1112 2297 1143 2354 et
1172 2287 1341 2368 presertim

256 2387 434 2467 suppositis
459 2388 643 2452 huiusmodi
670 2389 889 2456 uniuersitatis
915 2389 1019 2470 aliona
1046 2387 1196 2468 obloquia
1223 2387 1342 2452 babere

256 2485 399 2562 deberet,
419 2485 647 2552 nichilominus
670 2500 773 2554 tamen
791 2489 935 2555 nonnulli
956 2497 988 2553 et
1003 2487 1123 2552 diuersi
1144 2486 1341 2551 contrarium

256 2583 411 2650 iacientes
426 2584 537 2650 dicunt
553 2595 583 2651 et
601 2598 771 2653 susurrant
784 2589 891 2669 jpsum
908 2589 1064 2652 decanum
1084 2583 1341 2668 jurisdictionem

255 2692 286 2748 et
302 2684 487 2748 exercitium
505 2685 689 2751 huiusmodi
706 2699 892 2768 acceptasse
913 2695 1044 2768 propter
1067 2700 1178 2748 vanam
1205 2685 1339 2766 gloriam

240 2791 286 2845 'et
312 2781 434 2846 lucrum
463 2785 650 2863 temporalo,
668 2801 740 2849 cum
769 2787 914 2866 pluribus
939 2785 1010 2866 aiijs
1036 2783 1196 2848 similibus
1219 2783 1338 2858 verbis,

256 2880 405 2960 quodque
427 2882 533 2944 omnia
556 2893 625 2948 acta
647 2901 755 2949 coram
780 2903 819 2950 eo
842 2885 948 2950 habita
974 2894 1048 2948 suot
1076 2883 1174 2958 nulla,
1197 2890 1228 2948 et
1254 2885 1338 2964 quod

257 2976 401 3056 officiarii
423 2980 643 3048 uniuersitatis
665 2993 739 3048 sunt
758 2983 967 3065 jnuoluntarij
989 2981 1027 3048 ad
1049 2999 1156 3048 coram
1173 2999 1211 3047 eo
1228 2999 1339 3062 prooe-

259 3075 416 3150 dendum;
432 3088 462 3142 et
474 3080 548 3159 quia
560 3079 687 3160 jesevi
702 3083 876 3156 subiunxit,
887 3083 1069 3146 huiusmodi
1084 3081 1339 3162 jurisdictionem

257 3182 289 3238 et
301 3173 391 3254 iliius
407 3177 594 3242 exercitium
612 3179 764 3244 duntaxat
784 3181 821 3244 ad
842 3181 1001 3262 jnstantes
1023 3189 1055 3245 et
1073 3180 1205 3261 jteratas
1228 3195 1341 3259 preces

256 3272 486 3351 uniuersitatis,
525 3286 556 3340 et
593 3279 720 3356 pietatis
753 3278 884 3360 jntuitu,
912 3279 946 3360 jn
984 3279 1127 3342 fauorem
1166 3294 1339 3357 pauperum

256 3370 428 3436 scolarium
445 3373 530 3438 etad
547 3374 693 3439 vitandas
709 3393 867 3456 expensas
882 3375 1057 3442 eorundem
1081 3390 1161 3456 quas
1175 3375 1342 3456 bucusque

254 3468 288 3550 jn
310 3469 453 3535 diuersis
476 3476 587 3537 eorum
604 3475 711 3540 causis
728 3476 888 3541 sustinere
905 3475 1094 3548 babuerunt,
1112 3483 1144 3538 et
1158 3474 1196 3538 ad
1215 3490 1341 3555 promc-

233 3620 235 3625 ι
257 3569 393 3633 rendum
405 3570 534 3650 aliouod
549 3573 695 3638 meritum
712 3591 729 3638 a
744 3576 808 3639 lleo
824 3583 855 3639 et
871 3574 949 3639 alias
966 3591 1028 3638 non
1045 3573 1235 3654 acceptabit,
1253 3571 1341 3654 petiit

258 3665 318 3747 sibi
335 3685 435 3749 super
451 3671 619 3750 premissis
635 3672 778 3754 adbiberj
796 3673 984 3746 remedium,
1004 3690 1042 3737 ne
1064 3691 1100 3737 ex
1123 3675 1206 3737 bono
1223 3672 1340 3736 maium

258 3776 412 3845 reportet.
444 3767 548 3850 Super
583 3771 699 3851 ouibus
735 3772 930 3838 vrtiucrsitas
965 3771 1146 3836 deliberans
1181 3771 1342 3836 conclusit

257 3863 440 3930 huiusmodi
480 3869 645 3934 materiam
684 3871 800 3952 rector]
832 3880 862 3936 et
890 3871 1051 3952 deputatis
1080 3871 1340 3936 committendam

256 3974 349 4043 prout
371 3965 546 4044 commisit,
563 3977 595 4033 et
618 3971 703 4049 quod
729 3970 808 4035 tales
831 3970 1043 4051 obloquentes
1065 3978 1097 4035 et
1118 3983 1342 4037 susurratores

254 4075 513 4143 compescantur,
531 4067 674 4148 alioquin
700 4069 894 4135 uniuersitas
916 4069 1056 4149 desuper
1082 4085 1139 4148 per
1164 4071 1339 4134 remedium

256 4171 450 4241 oportunum
467 4166 659 4245 prouidebit.

386 4361 457 4417 dete
475 4363 678 4432 Universltotts,
695 4365 729 4435 V,
744 4365 791 4422 iol.
806 4367 877 4438 ccixj
893 4374 921 4420 r⁰
934 4371 961 4422 el
974 4367 1096 4443 ootxljre
1109 4373 1137 4424 ot
1151 4378 1190 4429 νο.
