3100 4942
642 465 827 528 -l3l-

186 647 328 712 Pierreia
347 647 492 711 Louvain
508 650 558 726 (ι),
575 649 632 730 qui
648 646 695 712 fut
715 647 829 729 charge
848 647 889 709 de
909 667 944 710 ce
967 648 1038 710 soin
1061 667 1118 732 par
1140 669 1188 712 ses
1210 650 1279 714 col·

183 745 306 830 ligues.
334 748 379 810 Le
403 751 436 810 31
463 747 539 810 aobt
566 745 903 829 1443,ilpromulgua
925 745 1163 812 officiellement
1191 750 1280 814 l'acte

185 845 364 929 pontifical‚
393 861 423 909 et
449 845 600 928 appliqua
627 845 671 906 les
697 864 830 908 reversus
854 845 910 906 des
936 845 1047 927 eglises
1074 847 1276 930 incorporeos

185 945 249 1006 ala
272 945 419 1009 dotation
442 945 482 1007 de
504 944 557 1006 dix
579 949 763 1008 canonicats
779 943 842 1008 dits
863 945 904 1007 de
918 946 950 1006 fa
965 947 1100 1009 seconde
1116 945 1276 1025 sondnton

184 1043 371 1123 (document
393 1065 426 1107 n.
447 1045 519 1120 llll.
538 1050 566 1106 Α
589 1043 681 1125 peine
703 1043 827 1106 avait-il
851 1043 906 1107 fait
926 1057 1006 1108 cette
1022 1045 1277 1126 promulgation,

185 1144 265 1226 qu'il
280 1163 401 1225 essaya,
417 1144 457 1205 de
471 1161 626 1205 commun
642 1142 755 1206 accord
771 1159 844 1205 avec
858 1142 887 1205 le
904 1143 1068 1224 magistrat
1090 1145 1277 1206 communal

187 1243 379 1318 louvaniste,
401 1242 439 1305 cle
460 1243 631 1305 denaturer
653 1242 698 1304 les
719 1240 808 1306 effets
830 1241 871 1304 de
892 1241 1172 1325 l'incorporation;
1198 1244 1279 1306 mais

186 1363 237 1404 ses
259 1341 367 1405 efforts
382 1343 507 1405 vincent
528 1341 665 1404 echouer
685 1341 802 1405 devant
823 1341 1031 1420 l'opposition
1047 1343 1221 1425 energique
1237 1344 1278 1406 de

186 1441 413 1515 l'Universi163
437 1439 509 1504 c’est
531 1459 565 1502 ce
586 1459 650 1522 que
672 1459 754 1501 nous
769 1439 910 1522 apprend
927 1439 955 1502 le
971 1457 1099 1522 passage
1114 1441 1154 1503 de
1169 1441 1278 1504 l'Aca-

185 1541 293 1602 demin
315 1539 527 1602 Lovoniensis
554 1538 594 1601 de
616 1538 824 1608 Vernulaeus,
848 1557 912 1622 que
940 1557 1022 1600 nous
1045 1540 1275 1621 reproduisons

186 1659 263 1701 sous
279 1639 308 1700 le
324 1645 359 1700 n⁰
376 1639 431 1701 lV.

231 1739 379 1820 ultaque
400 1737 586 1801 auctoritate
609 1736 699 1799 Sedis
722 1735 935 1816 Apostolicae,
953 1737 1001 1800 dit
1023 1757 1137 1800 encore
1167 1737 1278 1801 Valere

186 1837 308 1908 Andre,
326 1855 465 1897 annexae
481 1836 545 1897 sive
561 1835 780 1917 incorporatae
796 1833 924 1898 fuerunt
940 1836 1193 1918 professionibus
1209 1856 1277 1898 aca-

186 1935 321 1998 demicis
342 1935 375 1996 in
398 1935 509 2014 primis
531 1947 593 1997 tres
613 1933 793 2016 prebendae
815 1951 869 1995 seu
891 1933 1109 1999 Canonicatus
1130 1935 1278 1998 ecclesiae

186 2033 372 2117 collegiatae
398 2034 431 2096 S.
460 2034 555 2105 Petri,
581 2049 740 2094 unacum
764 2032 911 2114 plebania
933 2031 1094 2110 ejusdem;
1118 2035 1278 2115 equibus

188 2134 265 2206 duo,
285 2147 364 2196 utet
382 2131 540 2212 plebania,
558 2145 719 2195 cesserunt
742 2131 844 2194 tribus
860 2130 1032 2193 ordinariis
1047 2151 1151 2194 sacrae
1167 2133 1277 2210 Theo·

186 2232 292 2314 fogiae
316 2231 558 2313 professoribus,
577 2229 689 2294 tertius
712 2230 885 2292 Canonum
906 2229 1075 2311 professori
1098 2231 1273 2293 ordinario.

190 2331 326 2410 insuper
341 2332 433 2393 erecti
455 2343 530 2393 sunt
546 2330 653 2411 vigore
678 2343 775 2410 atque
798 2329 987 2392 auctoritate
1012 2327 1154 2406 eiusdem
1171 2330 1276 2410 diplo-

188 2430 283 2493 matis
299 2431 406 2491 decem
425 2429 498 2491 novi
511 2429 740 2499 canonicatus,
754 2442 784 2491 et
798 2428 835 2489 iis
850 2447 990 2490 annexae
1005 2429 1140 2492 totidem
1157 2429 1277 2511 profes·

187 2529 305 2590 sioues.
334 2529 433 2590 Primi
458 2528 604 2590 canonici
632 2527 889 2608 professoresque
915 2527 962 2588 vel
989 2527 1098 2590 saltem
1125 2547 1143 2589 e
1165 2528 1276 2610 primis

188 2627 275 2688 fuere
289 2627 355 2688 bini
371 2627 404 2688 in
420 2627 563 2708 qualibet
579 2625 757 2699 Facultate;
775 2625 808 2686 in
820 2624 999 2706 Theologia
1016 2625 1160 2707 quidem,
1175 2645 1276 2710 quan·

187 2741 257 2790 tum
276 2725 495 2807 investigando
510 2724 635 2806 assequi
653 2724 753 2799 licuit,
770 2723 913 2786 loannes
930 2725 1112 2806 Ruysscfre,
1127 2723 1270 2788 Journes

189 2825 413 2899 Moederloes,·
441 2825 474 2886 in
504 2825 577 2886 lure
601 2824 769 2898 canonico,
797 2823 986 2904 Radufplrus
1010 2825 1050 2910 de
1075 2825 1273 2907 Beringlren,

190 2923 368 2986 Balduinus
383 2925 422 2985 de
436 2924 611 2993 Zierixea,·
636 2923 669 2984 in
695 2924 766 2985 lure
788 2922 886 2995 civili,
903 2923 1048 2985 loannes
1070 2943 1132 2984 van
1150 2923 1273 2986 Grons·

187 3025 258 3097 seIt,
278 3018 642 3089 Antonius'Laecman:
665 3023 698 3083 in
724 3022 897 3096 Medicina,
914 3021 1056 3084 Jonnoes
1078 3021 1272 3102 Stocfcefpot,

186 3123 336 3183 Adamas
349 3121 515 3202 Rogant,-
535 3121 567 3182 in
586 3121 748 3183 Facultate
762 3120 890 3184 Artium
906 3121 1050 3182 loannes
1066 3121 1106 3182 ab
1122 3121 1272 3193 Hasseft,

186 3221 335 3303 publicus
350 3219 477 3282 Ethices
490 3219 658 3300 professor,
669 3231 699 3281 et
710 3219 854 3280 loannes
868 3217 981 3292 Bfoclc,
993 3219 1100 3282 rhetor
1112 3218 1271 3299 publicus.

187 3321 271 3382 Nam
289 3317 401 3400 primis
416 3318 541 3401 aliquot
555 3319 649 3380 annis
661 3319 701 3379 ab
717 3318 875 3382 erectione
891 3317 1078 3379 huiusmodi
1092 3317 1275 3380 Canonica-

185 3431 278 3482 tuum
292 3432 322 3482 et
335 3417 586 3502 praebendarum
600 3417 735 3477 observo
747 3430 869 3479 certum
882 3429 912 3480 et
924 3415 1089 3498 aequalem
1102 3435 1274 3479 numerum

186 3516 293 3599 quoad
316 3516 457 3598 singulas
481 3515 658 3579 Facultates
682 3535 806 3598 semper
831 3515 977 3579 habitum
1003 3535 1068 3576 non
1093 3513 1199 3578 fuisse.
1230 3517 1276 3580 Ut

186 3635 256 3678 ecce
279 3635 367 3678 anno
393 3627 463 3685 clo.
489 3627 591 3678 cccc.
620 3626 703 3677 XLV.
731 3613 877 3678 canonici
903 3633 920 3676 e
948 3613 1167 3678 Facultatibus
1196 3613 1277 3696 juris

188 3715 355 3797 utriusque
380 3713 572 3796 professores
595 3713 682 3776 fuere
707 3713 879 3796 quinque:
909 3713 991 3776 luris
1015 3711 1173 3796 pontificii
1196 3714 1277 3776 Bal·

187 3815 303 3876 duinus
318 3813 358 3876 de
372 3813 530 3875 Zierixea
544 3826 576 3878 et
590 3813 780 3894 Rodufpfrus
796 3813 836 3875 de
852 3812 1054 3894 Beringfren;
1075 3812 1158 3874 luris
1173 3813 1276 3874 civilis

187 3913 328 3976 Ioannes
353 3911 530 3984 (ironsselt,
557 3912 713 3974 Gerlacus
738 3911 821 4000 Boot
846 3925 877 3975 et
902 3911 1063 3974 Antonius
1089 3913 1274 3986 Laecman,·

190 4011 367 4074 Medicinae
390 4023 463 4087 tres,
485 4011 668 4073 Ludovicus
691 4010 731 4072 de
760 4010 895 4086 Vertere,
913 4011 1061 4072 Adamas
1077 4009 1226 4092 Bogoert
1245 4023 1276 4073 et

218 4227 253 4291 (r)
273 4225 372 4292 Voym,
386 4241 433 4275 sur
444 4225 596 4276 Guillaume
609 4223 745 4289 Custodia,
755 4224 819 4278 alias
832 4225 909 4290 bont,
921 4225 1059 4291 Mortuus,
1071 4223 1147 4278 Hisf.
1159 4223 1273 4289 Lunam,

188 4311 209 4366 l,
223 4324 268 4376 pp.
287 4323 342 4375 135,
360 4307 402 4374 165
414 4317 440 4358 et
453 4323 510 4375 532,
523 4317 550 4358 et
564 4307 599 4368 ll,
613 4323 639 4374 p.
653 4306 711 4375 695.
