3100 4942
757 417 943 482 -lld-

307 599 437 666 diuisirn
461 616 479 664 a
501 600 586 666 dicta
608 599 651 665 sit
673 599 751 666 sede
774 599 932 664 indultum
948 599 1033 681 quod
1050 600 1088 663 ad
1107 601 1325 681 receptionem
1342 602 1394 667 uel

308 700 528 782 provisionem
544 699 681 764 alicuius
697 708 750 764 aut
767 697 997 779 prestationem
1021 699 1071 764 uel
1095 697 1289 764 solutionem
1314 717 1394 782 peo-

307 800 409 866 sionis
430 799 575 866 cuiusuis
592 799 722 863 mininie
738 805 908 863 teneantur
922 804 954 862 et
968 797 1006 861 ad
1024 797 1053 861 id
1071 797 1219 879 compelli
1236 808 1289 863 aut
1306 801 1392 880 quod

307 897 453 962 interdici
470 897 624 977 suspendi
643 897 692 962 uel
709 896 980 962 excommunicari
996 912 1061 961 non
1084 898 1222 977 possint,
1239 897 1394 978 quodque

306 995 346 1062 de
361 995 609 1062 Canoiricatibus
624 1003 655 1060 et
678 995 850 1076 prebendis
875 995 996 1075 prolate
1018 995 1158 1060 ecclesie
1180 996 1282 1060 sancti
1308 997 1393 1062 Petri

307 1095 358 1160 uel
384 1095 454 1176 alijs
481 1095 647 1174 benelleljs
673 1094 869 1160 ecclesiasti·
891 1095 897 1174 Ι
916 1094 964 1158 cis
986 1095 1025 1158 ad
1049 1110 1161 1159 eorum
1184 1094 1391 1160 collationem

305 1194 522 1276 prouisionem
546 1193 817 1273 presentationem
840 1210 896 1258 seu
918 1193 1065 1274 quamuis
1087 1193 1181 1257 aliam
1200 1193 1390 1274 dispositio·

305 1309 376 1357 nem
398 1292 595 1356 coniunctim
612 1292 662 1356 uel
679 1292 849 1372 separatim
867 1292 1086 1371 spectantibus
1103 1292 1180 1356 nulli
1198 1292 1302 1358 ualeat
1315 1310 1391 1373 pro-

304 1391 405 1456 uideri
420 1407 476 1472 per
488 1391 610 1454 litteras
623 1390 817 1471 apostolicas
832 1407 894 1454 non
909 1391 1061 1455 iacientes
1075 1391 1199 1472 plenam
1212 1401 1244 1455 et
1259 1408 1392 1472 expres·

303 1505 370 1554 saro
383 1506 421 1554 ac
434 1489 473 1554 de
487 1489 586 1555 uerbo
598 1489 637 1553 ad
652 1489 785 1554 uerbum
795 1489 835 1554 de
849 1489 971 1553 indulto
981 1489 1162 1554 huiusmodi
1173 1489 1388 1554 mentionem.

302 1605 339 1653 ac
355 1587 552 1669 quibuslibet
575 1586 752 1669 priuilegijs
776 1587 983 1670 indulgentijs
1007 1597 1038 1652 et
1061 1587 1177 1654 litteris
1199 1587 1391 1667 apostolicis

302 1686 496 1768 specialibus
514 1687 521 1770 Ι
541 1686 590 1751 uel
614 1685 818 1765 generalibus
841 1703 1043 1768 quorumque
1065 1695 1212 1751 tenorum
1235 1686 1387 1763 existant,

302 1801 443 1866 perque
467 1785 669 1864 presentibus
692 1801 754 1848 non
779 1801 933 1865 expressa
957 1784 1007 1848 ucl
1025 1785 1167 1850 totaliter
1183 1801 1246 1850 non
1264 1784 1385 1849 inserta

301 1881 434 1948 effectus
451 1900 558 1947 earum
576 1883 722 1964 impediri
746 1883 850 1946 ualeat
872 1882 1113 1964 quomodolibet
1136 1883 1186 1946 uel
1209 1881 1331 1948 differri
1354 1893 1387 1948 et

300 1983 340 2048 de
363 1981 480 2064 quibus
502 1997 704 2064 quorumque
726 1981 803 2046 totis
826 1981 992 2047 tenoribus
1014 1983 1055 2046 de
1078 1982 1177 2048 uerbo
1195 1983 1232 2046 ad
1251 1983 1385 2047 uerburn

300 2081 445 2146 habenda
462 2081 503 2144 sit
520 2081 550 2142 ir.
565 2079 686 2146 nostris
699 2080 815 2144 litteris
828 2079 946 2144 mentio
958 2079 1120 2160 specialis.
1134 2080 1195 2144 Seu
1210 2081 1237 2144 si
1252 2096 1387 2161 presen-

302 2180 356 2243 tati
384 2187 415 2243 et
440 2179 626 2243 instituendi
653 2195 710 2258 pro
737 2190 880 2259 ternpore
907 2178 1039 2259 predicti
1068 2195 1140 2259 pre·
1158 2179 1164 2259 1
1183 2187 1294 2244 sentes
1321 2195 1386 2242 oon

303 2278 419 2343 luerint
439 2279 477 2342 ad
502 2277 709 2359 prestandum
730 2277 771 2340 de
792 2277 1004 2342 observandis
1020 2277 1149 2341 statutis
1165 2286 1197 2341 et
1212 2285 1386 2342 consuetu·

302 2378 431 2441 dinibus
444 2376 528 2441 dicte
541 2377 677 2441 ecclesie
690 2376 790 2440 sancti
805 2375 889 2440 Petri
905 2375 998 2439 solita
1016 2375 1192 2440 iuramenta
1210 2376 1386 2441 dummodo

300 2475 332 2539 ln
354 2475 510 2556 absentq's
526 2475 595 2539 suis
612 2492 669 2554 per
684 2482 911 2555 procuratores
927 2473 1074 2552 idoneos,
1090 2485 1208 2538 etcum
1226 2475 1266 2538 ad
1282 2475 1387 2539 eccle-

300 2575 379 2639 siarn
407 2575 506 2654 ipsam
533 2575 732 2638 accesserint
757 2573 970 2654 corporaliter
996 2573 1049 2636 illa
1076 2583 1232 2654 prestent.
1256 2575 1387 2640 Attente

298 2689 425 2755 quoque
443 2671 639 2751 prouidealis
657 2689 695 2738 ne
712 2671 742 2736 in
759 2673 864 2753 aliqua
880 2672 1134 2754 resignationum
1152 2673 1338 2738 earumdem
1358 2673 1386 2736 si

191 2819 193 2824 .
299 2771 375 2836 fierit
389 2787 428 2835 ex
447 2773 451 2852 Ι
472 2779 560 2851 parte
576 2771 713 2834 alicuius
728 2769 961 2852 resignantiurn
977 2781 1009 2835 et
1023 2770 1246 2836 Vniuersilatis
1259 2787 1386 2836 earum-

297 2871 369 2934 dem
386 2869 492 2951 aliqua
516 2869 658 2951 prauitas
682 2867 874 2934 interueniat
897 2885 954 2934 seu
979 2869 1079 2934 eciarn
1102 2870 1296 2950 corruptela.
1315 2869 1383 2934 Nos

297 2969 381 3033 enim
404 2985 442 3032 ex
465 2983 550 3032 nunc
568 2965 655 3032 irrita
672 2979 703 3032 et
718 2967 823 3032 inania
839 2967 1045 3032 decernimus
1059 2985 1172 3033 omnes
1187 2978 1218 3032 et
1233 2968 1383 3050 singulos

297 3083 471 3148 processus
487 3083 570 3149 quos
586 3067 695 3130 baberi
711 3083 748 3130 ac
764 3066 947 3130 sentencias
962 3081 1119 3131 censuras
1135 3077 1167 3132 et
1183 3081 1281 3148 penas
1300 3083 1383 3149 quas

296 3165 371 3230 lerri
395 3175 427 3230 ct
451 3165 645 3248 promulgari
669 3181 706 3230 ac
729 3165 873 3248 quitquid
894 3175 1005 3230 contra
1023 3175 1167 3232 tenorern
1184 3175 1215 3232 et
1230 3165 1381 3231 ellectum

295 3263 491 3345 presentium
512 3266 517 3346 Ι
537 3281 594 3346 per
617 3265 726 3329 sedero
752 3266 886 3330 eandem
912 3263 984 3330 siue
1009 3264 1088 3329 alias
1115 3279 1172 3346 per
1197 3279 1381 3346 quenquam

293 3363 470 3444 apostolica
488 3365 538 3429 uel
556 3363 616 3428 alia
632 3363 748 3445 quauis
763 3364 953 3430 auctoritate
969 3363 1109 3430 solenter
1125 3363 1174 3429 uel
1195 3364 1384 3446 ignoranter

293 3462 464 3544 contigerit
479 3463 673 3546 attemptari.

792 3613 872 3667 Date.

335 3749 403 3814 liat.
428 3749 521 3815 Senis
549 3751 640 3816 Anno
665 3751 900 3816 incarnationis
923 3750 1083 3816 dominice
1106 3751 1277 3816 millesimo
1299 3767 1379 3832 qua·

291 3847 544 3930 dringeniesirno
575 3851 669 3916 tertio
700 3849 825 3914 decimo
855 3849 1008 3915 kalendas
1039 3849 1121 3932 luni]
1142 3849 1148 3934 Ι
1168 3849 1379 3915 pontificatus

291 3947 393 4010 nostri
410 3954 502 4012 Anno
519 3948 614 4012 tertio
627 3948 764 4012 decimo.

329 4046 412 4111 Snus
426 4047 454 4111 le
467 4047 512 4129 pli
527 4071 537 4109 .·
555 4047 588 4110 B.
607 4045 790 4112 Reuerella.

329 4143 392 4208 Sui·
406 4143 435 4207 le
454 4145 510 4226 pli,
527 4147 547 4207 ὰ
567 4146 710 4226 pacche:
732 4145 895 4209 ascoltate
917 4157 949 4211 et
964 4146 1176 4212 collaciontta
1192 4161 1264 4210 cum
1282 4142 1377 4209 libris

288 4253 319 4308 et
336 4243 494 4324 liegisnis
509 4244 641 4310 caruero
656 4243 833 4326 apostolice
849 4253 881 4310 et
896 4245 1071 4310 concordat
1086 4245 1128 4309 ll.
1142 4243 1289 4325 TlienioJ'.
