3240 4946
751 523 937 589 -boa-

295 704 515 771 vuiuersitatis
531 705 612 786 apud
630 705 886 788 dogustinenses
898 708 985 790 inter
1000 707 1031 772 ix
1052 716 1084 774 et
1106 708 1260 775 decimam
1283 710 1382 777 boras

294 814 370 869 ante
387 805 552 870 meridiem
569 823 668 886 super
684 804 745 886 biis
760 806 917 874 articulis.

339 903 478 978 Primus,
509 904 548 968 ad
588 905 781 970 audiendum
817 907 921 988 aliqua
959 906 1092 990 proponi
1128 925 1184 988 per
1217 908 1381 973 dominum

298 1011 456 1068 rectorem
473 1004 699 1069 concernentia
715 1004 855 1090 odicium
870 1004 1050 1088 assersorie
1066 1005 1187 1072 domini
1207 1023 1382 1073 conserua·

297 1101 377 1166 toris
392 1110 425 1168 et
440 1101 478 1166 ad
494 1101 737 1168 deliberandum
753 1103 903 1185 desuper.

338 1299 497 1376 Quantum
521 1301 559 1366 ad
584 1301 721 1382 primum
741 1303 910 1368 articulum
927 1303 1094 1384 proposuit
1110 1303 1260 1370 dominus
1276 1311 1384 1370 rector
1427 1331 1444 1348 ι

295 1417 335 1464 an
368 1416 408 1465 ne
435 1400 557 1482 placeat
588 1401 672 1482 qnod
703 1401 833 1467 diuerso
862 1403 1108 1468 reformationes
1137 1403 1226 1468 curie
1262 1403 1383 1468 domini

296 1498 538 1565 conseruatoris
565 1515 621 1580 per
649 1499 891 1567 vniuersitatem
919 1501 1063 1582 pluribus
1088 1501 1213 1567 vicibus
1235 1503 1327 1577 facte,
1352 1510 1384 1568 et

298 1599 467 1679 potissime
482 1598 659 1663 nouissima
676 1599 919 1675 internecentur,
935 1607 966 1664 et
981 1598 1066 1681 quod
1085 1599 1229 1681 officiarii
1253 1600 1383 1667 uniuer-

298 1695 402 1762 sitatis
424 1696 529 1762 dsnno
549 1696 658 1778 iurent
680 1697 750 1762 illas
770 1696 1001 1779 inuiolabiliter
1023 1699 1219 1776 obseruare;
1236 1699 1270 1763 2⁰
1284 1716 1323 1764 an
1342 1717 1382 1766 ne

297 1795 453 1872 videatur,
473 1796 558 1876 quod
586 1795 790 1872 uniuersitas,
812 1797 905 1863 cuins
931 1797 1066 1862 maxime
1088 1797 1225 1878 interest
1251 1805 1383 1880 propter

297 1912 356 1960 sua
379 1895 559 1976 supposita,
583 1894 699 1960 debeat
719 1896 837 1962 babere
861 1895 1006 1962 notitiam
1033 1896 1074 1961 de
1100 1913 1185 1962 nouo
1212 1914 1383 1963 assessore

298 2011 355 2076 per
377 1993 541 2060 domiuum
564 2004 826 2062 conseruatorern
847 2005 1026 2076 assumpto,
1044 2013 1129 2071 cunr,
1150 2005 1222 2077 post
1236 2014 1381 2077 assump-

299 2096 417 2160 tionem
454 2091 575 2158 domini
611 2093 753 2160 doctoris
790 2095 931 2176 magistri
971 2093 1053 2176 Petri
1090 2095 1131 2160 de
1169 2095 1288 2160 Tbenis
1327 2112 1386 2176 per

299 2192 464 2258 dominnm
483 2201 745 2258 conseruatorem
763 2193 889 2268 factam,
904 2193 990 2274 idern
1007 2193 1157 2258 dominus
1172 2203 1384 2260 conseruator

300 2309 357 2373 per
372 2308 466 2356 snum
483 2290 684 2373 sigillifernm
704 2291 883 2374 insinuarit
904 2291 1103 2374 vniuersitati
1128 2293 1383 2374 assumptionem

299 2390 375 2456 dicti
401 2388 450 2470 sui
476 2389 655 2455 assessoris
682 2406 740 2471 per
766 2407 838 2456 enm
865 2391 990 2465 factam,
1014 2391 1164 2471 qnodque
1191 2390 1383 2456 uniuersitas

297 2490 437 2571 desuper
462 2487 645 2554 deliberans
670 2489 830 2554 conclusit
857 2489 995 2555 eundem
1018 2506 1218 2555 assessorem
1243 2490 1381 2570 placere.

298 2591 403 2664 Quare
418 2588 545 2654 videtur
559 2587 645 2669 quod
660 2584 855 2654 vnlnersrtas
870 2605 927 2670 pro
940 2587 1101 2670 interesse
1116 2605 1250 2654 suorum
1266 2605 1384 2670 suppo·

301 2688 435 2752 sitorum
459 2686 554 2752 babet
576 2686 755 2752 deliberare
776 2705 815 2751 an
843 2705 980 2768 persona
1008 2687 1187 2753 assessoris
1212 2688 1382 2769 assumpti,

303 2804 365 2876 qne
386 2797 436 2851 est
458 2785 585 2868 egregia
609 2802 758 2867 persona,
775 2786 976 2868 vniuersitati
1000 2787 1140 2868 placeat;
1165 2787 1199 2850 3⁰
1217 2787 1385 2868 proposuit

303 2887 376 2968 qula
393 2885 491 2950 multa
512 2885 732 2951 uniuersitatis
748 2886 915 2968 supposita
931 2885 1083 2968 conqueri
1101 2885 1234 2952 forsitan
1253 2894 1387 2966 possent

301 2987 342 3051 de
364 3002 403 3050 eo
425 2983 510 3066 quod
534 2984 688 3050 haberent
710 3001 826 3050 causas
849 3002 925 3050 suas
947 2983 1096 3066 prosequi
1121 3001 1229 3050 coram
1253 2984 1385 3050 domino

302 3091 544 3160 conseruatore,
560 3083 654 3150 cuius
672 3084 822 3166 magister
837 3084 999 3149 lohannes
1022 3083 1062 3149 de
1085 3083 1212 3150 Loernel
1236 3099 1386 3148 assessor

301 3183 419 3260 existit,
446 3183 499 3265 qui
526 3183 560 3264 in
590 3183 731 3249 diuersis
759 3182 867 3248 causis
897 3183 979 3248 forte
1009 3183 1065 3250 luit
1091 3182 1297 3248 aduersarius
1326 3199 1385 3247 seu

301 3284 478 3349 aduncatus
507 3280 684 3362 aduersarii
716 3281 788 3346 talis
817 3282 1056 3362 conquerentis.
1086 3280 1190 3357 Quare
1219 3279 1326 3362 posuit
1349 3279 1385 3361 in

302 3380 533 3447 deliberatione
561 3379 764 3444 dominorum
802 3397 841 3444 an
879 3397 919 3445 ne
955 3380 1079 3460 placeat
1114 3380 1198 3461 qnod
1235 3379 1385 3444 dominus

303 3482 446 3546 decanus
475 3478 695 3543 Bruxeliensis
721 3479 816 3544 etiam
842 3488 1054 3544 conseruntur
1079 3478 1210 3560 Lonanii
1238 3476 1386 3544 residens

303 3578 518 3662 parilormiter
541 3593 631 3642 suam
653 3585 802 3642 exerceat
820 3577 1077 3658 iurisdictionem
1091 3577 1125 3658 in
1143 3577 1251 3642 causis
1267 3577 1385 3657 suppo-

302 3679 439 3744 sitornnr
464 3675 638 3741 volentium
665 3693 774 3741 eoram
804 3693 843 3741 eo
872 3693 948 3741 snas
976 3675 1136 3757 intentare
1163 3675 1306 3740 actiones
1334 3674 1384 3740 vel

302 3794 411 3845 coram
423 3793 486 3842 vno
502 3783 555 3840 aut
566 3775 693 3841 duobus
710 3792 766 3856 per
781 3793 854 3842 curn
867 3775 1127 3857 subdelegandis,
1141 3791 1218 3840 casu
1235 3791 1299 3856 quo
1313 3773 1386 3855 ipse

299 3875 555 3958 iurisdictionem
578 3891 730 3940 exercere
751 3891 814 3940 non
831 3875 917 3940 velit.
935 3875 1036 3955 Super
1052 3875 1169 3956 quibus
1191 3872 1385 3939 uniuersitas

303 3975 485 4040 deliberans
517 3974 677 4040 conclusit
705 3973 789 4055 qnod
821 3974 1067 4040 reformationes
1097 3972 1275 4038 nouissime
1303 3972 1386 4040 facte

303 4075 528 4148 obseruentur,
546 4089 626 4154 quas
653 4072 797 4155 officiarii
824 4073 913 4138 curie
935 4072 1088 4155 jurabunt
1110 4071 1319 4154 intertenere.
1343 4069 1387 4135 lle

304 4187 473 4238 assessore
485 4179 589 4237 autern
602 4171 904 4236 commisitdornino
916 4169 1032 4252 rectori
1045 4167 1387 4250 etdnobusdepntatis

304 4288 367 4338 non
384 4273 546 4354 suspectis
565 4288 604 4336 ex
626 4270 767 4356 qualibet
789 4271 936 4336 facultate
960 4288 1016 4355 per
1038 4269 1202 4336 dominnm
1225 4277 1386 4334 rectorem
