3246 4944
713 441 898 514 -697-

744 663 852 728 cittii.

299 793 418 858 Deinde
443 794 516 874 quia
539 794 735 860 advertimus
758 795 930 862 lectionum
956 797 1115 879 paucitate
1139 799 1220 864 banc
1243 799 1343 866 facul-

258 899 352 958 tatem
376 892 507 956 nimium
529 895 700 970 coarctari,
717 904 749 959 et
774 911 813 960 nc
837 895 930 977 plene
954 913 1111 978 exurgere
1134 908 1165 963 et
1188 899 1344 981 effulgere

258 991 371 1071 possit,
399 992 635 1073 quodammodo
668 993 817 1069 detineri,
844 995 994 1060 volumus
1032 1006 1066 1061 ut
1100 1004 1227 1078 praeter
1263 1000 1343 1062 duas

254 1089 318 1171 jam
349 1100 474 1156 erectas
503 1091 540 1155 ad
573 1089 679 1156 minus
704 1092 809 1158 adbuc
834 1095 915 1158 dnae
940 1095 1021 1159 aliae
1047 1095 1113 1160 sint
1139 1097 1343 1177 quotidianae

257 1189 425 1264 lectiones,
444 1189 485 1253 ita
503 1199 536 1254 ut
552 1190 760 1274 imposterum
778 1191 842 1256 sint
861 1202 998 1274 quatuor
1022 1193 1165 1275 qnotidie
1187 1194 1344 1278 legentes,

257 1305 294 1354 ao
316 1289 445 1354 triennii
468 1289 572 1370 spatio
596 1300 696 1355 totum
718 1291 894 1358 medicinae
911 1309 1041 1358 cursum
1060 1293 1210 1359 marbodo
1228 1295 1342 1360 subse-

257 1388 365 1470 quenti
382 1388 561 1453 absolvant.

749 1521 853 1586 CXIV.

300 1673 336 1733 Et
362 1669 490 1751 quidem
517 1686 589 1736 cunr
617 1669 693 1734 nibil
717 1670 901 1735 humanitus
925 1671 1100 1752 perfectum
1124 1673 1179 1750 sit,
1201 1673 1344 1756 nibiique

258 1768 440 1834 absolutum
462 1786 536 1834 esse
560 1769 674 1854 possit,
694 1769 780 1851 quod
803 1786 866 1836 non
890 1785 907 1833 a
932 1769 1043 1851 primis
1067 1771 1164 1836 initiis
1187 1773 1343 1856 originem

260 1867 447 1949 sumpserit,
464 1869 613 1933 volumus
637 1878 670 1933 nt
693 1868 793 1948 prima
818 1868 913 1934 iectio
935 1869 977 1932 sit
1000 1869 1247 1946 institutionum,
1265 1887 1346 1953 quae

261 1981 316 2030 eas
342 1967 445 2032 tradet
467 1967 555 2049 juxta
578 1967 694 2032 seriem
718 1967 950 2043 doctrinarum,
966 1981 1046 2049 quas
1070 1969 1164 2034 babet
1185 1970 1345 2035 avicenna

260 2065 291 2127 in
308 2081 366 2128 sna
383 2065 540 2145 Pandente
559 2065 578 2128 b
600 2065 672 2129 libri
696 2064 789 2149 primi
814 2063 996 2139 Canonnm;
1021 2074 1053 2130 et
1075 2065 1200 2133 docebit
1223 2077 1345 2133 aestate

259 2163 388 2245 quidem
422 2163 461 2227 ab
490 2165 569 2227 bora
598 2171 709 2245 quarta
740 2162 956 2242 pomeridiana
988 2165 1157 2244 usquead
1187 2166 1342 2247 quintam,
1445 2178 1452 2198 ¹

240 2262 373 2343 -bpeme
388 2279 464 2327 vero
481 2262 521 2326 ab
544 2263 622 2327 bora
645 2262 736 2327 tertia
760 2262 921 2342 usquead
945 2271 1109 2344 quartam;
1134 2264 1343 2347 absolvetqne

260 2377 316 2427 eas
331 2360 468 2443 singuiis
483 2361 590 2426 annis.

760 2491 848 2557 CXV.

301 2642 446 2709 Secunda
475 2650 579 2707 autern
610 2641 705 2706 lectio
735 2641 796 2706 erit
825 2640 1020 2715 theoretica;
1050 2641 1243 2724 docebitque
1273 2643 1342 2726 ejus

259 2743 425 2823 professor
446 2743 555 2806 Artem
579 2757 707 2822 parvam
729 2739 853 2816 Gabeni,
870 2739 1081 2820 Apborisuros
1107 2740 1295 2823 Hypocratis
1311 2753 1343 2808 et

259 2841 443 2906 methodum
469 2839 650 2921 generalem
677 2839 716 2904 ad
744 2837 876 2920 praxim,
896 2838 1065 2920 praecipue
1087 2839 1127 2903 de
1154 2840 1341 2920 purgatione

258 2949 289 3004 et
312 2957 411 3004 venae
433 2939 590 3014 sectione,
607 2939 646 3003 de
669 2937 816 3018 pulsibus
831 2947 862 3000 ot
885 2937 1004 3014 urinis3
1022 2937 1213 3019 habebitque
1230 2938 1339 3003 boram

258 3037 413 3101 decimam
431 3036 586 3118 usquead
603 3035 814 3100 undecimam.

748 3181 853 3247 CXVI.

298 3317 402 3383 Tertia
418 3317 477 3382 erit
494 3316 643 3398 practica,
660 3323 692 3381 et
707 3314 835 3380 docebit
851 3313 983 3380 morbos
999 3331 1016 3378 a
1039 3313 1142 3394 capite
1164 3313 1203 3379 ad
1228 3315 1339 3395 pedes,

256 3417 434 3483 secundum
471 3417 629 3490 ordinem,
660 3431 755 3496 quem
791 3413 916 3478 iibases
950 3413 1045 3479 babet
1073 3413 1156 3478 libro
1187 3431 1271 3480 nono
1301 3416 1340 3480 ad

257 3515 511 3592 Haimanzorem,
530 3523 694 3596 praeterea
710 3513 750 3580 de
766 3512 909 3578 febribus
931 3521 963 3578 et
986 3512 1107 3577 morbis
1130 3513 1340 3595 contagiosis.

258 3615 341 3681 Hora
357 3615 427 3697 eius
442 3615 503 3680 erit
517 3614 557 3678 ab
572 3621 684 3678 octava
700 3612 852 3676 matutina
871 3611 1026 3694 usquead
1044 3627 1173 3676 nouam.

739 3759 859 3824 GKVH.
918 3817 921 3822 Α

297 3899 414 3970 Quarta
450 3895 512 3960 erit
546 3892 742 3970 anatomica;
780 3891 971 3974 docebitque
1007 3892 1120 3974 hyeme
1157 3903 1340 3970 anatomen,

256 4003 376 4059 aestate
388 3994 612 4075 compendium
626 3992 817 4074 chyrurgiae
829 4001 859 4056 et
876 3992 1033 4073 simplicia
1051 3992 1190 4064 usualia:
1209 3993 1343 4074 ejusque

255 4093 317 4158 erit
340 4095 417 4158 bora
441 4094 582 4157 secunda
607 4092 822 4172 pomeridiana
849 4107 951 4172 usque
973 4091 1011 4154 ad
1032 4091 1169 4155 tertiam.
1188 4090 1342 4157 Volumus

255 4199 410 4256 autemut
433 4191 464 4254 bi
490 4201 626 4272 quatuor
646 4190 848 4272 professores
871 4190 935 4254 sint
958 4189 1142 4254 necessario
1165 4189 1342 4255 destricto
