3194 4940
760 459 945 544 ‘2²⁰-

306 653 521 728 quocumque,
540 653 603 703 non
619 637 822 723 obstantibus
838 637 1018 720 priuiiegiis
1033 637 1128 703 dictis
1146 636 1394 714 lombardicam

302 735 387 822 ,aliis
407 752 462 816 per
492 751 551 820 nos
577 736 745 806 concessis
774 746 828 802 aut
857 721 891 801 in'
915 746 1083 827 posterum
1113 737 1331 803 concedendis
1361 737 1392 804 in

304 834 502 900 contrarium
516 835 785 917 quibuscumque.
799 835 832 900 in
846 835 939 902 cuius
955 836 1000 902 rei
1019 835 1236 902 testimonium
1250 834 1390 918 sigilium

307 940 452 998 nostrum
477 934 683 1016 presentibus
706 934 822 1000 litteris
844 921 1256 1022 duximusapponendum.
1281 933 1391 1002 [iatum

307 1031 340 1098 iu
363 1032 460 1114 opido
487 1041 600 1098 nostro
629 1032 833 1110 tunonensi,
861 1034 914 1100 die
943 1033 1095 1100 uicesimo
1124 1042 1239 1099 octaua
1271 1033 1392 1100 utensis

307 1130 514 1210 septembris,
531 1147 616 1198 enno
632 1131 757 1197 Domini
779 1131 950 1197 millesimo
966 1131 1284 1215 quadringentesimo
1300 1148 1391 1198 sexa·

303 1217 431 1312 ‘gesimo
447 1238 552 1296 sexto.

346 1326 450 1410 Snpro
462 1329 574 1414 pdicnm
592 1352 602 1390 .·
619 1329 679 1394 Per
693 1328 858 1396 domiuum
874 1330 988 1424 ducem
1008 1347 1015 1394 :
1033 1329 1245 1394 Scnnrnnouu.

741 1561 866 1624 .V.

306 1724 349 1788 ta
369 1740 449 1804 pope
472 1723 553 1786 Pont
575 1724 609 1788 ΙΙ
629 1726 757 1789 necorde
778 1742 844 1789 nnc
866 1715 1014 1789 membres
1030 1727 1067 1789 dc
1080 1717 1276 1791 t’nntnernne
1291 1742 1301 1790 :
1317 1725 1351 1796 1⁰,
1362 1723 1392 1789 de

345 1820 490 1902 priniidpc
514 1823 552 1886 dc
577 1840 616 1887 nc
635 1826 765 1904 punooin·
784 1823 848 1887 etro
873 1827 996 1888 ntiroiis
1022 1807 1065 1888 ιη’
1076 1826 1188 1903 jnsticc
1209 1823 1281 1904 dors
1302 1824 1347 1898 dc¹
1360 1823 1390 1887 io

348 1919 417 1983 cille
439 1920 475 1984 dc
498 1921 657 2010 Louuor'n,·
679 1919 712 1984 2⁰
730 1921 809 1986 cetui
824 1921 862 1986 de
874 1924 1003 2004 ponooir
1018 1924 1092 1987 citer
1106 1921 1190 1986 leurs
1205 1923 1391 1986 ndoenuoircr

349 2022 594 2101 deompnroitre
616 2021 723 2086 deuant
752 2040 792 2084 nn
819 2023 871 2084 des
901 2029 1129 2087 connscruoicnra
1156 2022 1208 2085 dee
1229 2021 1393 2104 priuiidpes

349 2118 594 2186 ded'Uuioerrt'td
607 2119 656 2198 (i).
837 2107 842 2114 ⁴

751 2251 844 2306 imai
869 2251 949 2308 trun.

480 2405 552 2459 Tttre
564 2411 601 2460 dn
615 2412 762 2461 souverain
772 2413 886 2472 pontife,
903 2415 926 2461 ct
938 2423 1043 2476 arenga
1055 2424 1090 2460 on
1101 2411 1221 2474 presence.

350 2579 467 2642 Paulus
483 2577 657 2659 episcopus
673 2595 788 2642 seruus
804 2595 974 2643 seruorum
995 2579 1061 2642 iiei.
1079 2577 1124 2641 dd
1144 2585 1329 2658 perpetuam
1346 2577 1392 2640 rei

309 2676 505 2740 memoriam.
524 2679 650 2741 Attente
672 2677 943 2742 considerationis
967 2685 1209 2756 perscrutantes
1231 2675 1394 2756 indagine,

300 2775 396 2856 ’qnod
421 2791 478 2856 per
500 2775 675 2839 litterarum
700 2775 823 2850 studia,
849 2775 976 2839 iouente
999 2775 1142 2838 omnium
1166 2773 1394 2840 charismatum

312 2873 463 2953 largitore
480 2873 625 2946 Domino,
644 2875 701 2937 viri
718 2883 931 2938 succrescunt
947 2874 1092 2938 scientiis
1108 2873 1238 2946 eruditi,
1257 2889 1396 2938 necnon

311 2972 410 3035 diuini
429 2973 566 3036 nominis
586 2973 723 3053 iideiquo
738 2973 897 3036 oetinoiice
913 2971 1020 3036 cuitus
1041 2973 1253 3053 protenditur,
1271 2971 1395 3036 omnis-

311 3087 374 3152 que
398 3072 595 3151 prospenitns
620 3072 816 3137 contuitionis
838 3071 1017 3151 adaugetur
1040 3072 1195 3148 inumaue,
1220 3071 1305 3135 votis
1332 3069 1397 3134 iiiis

311 3169 486 3251 gratiosum
511 3171 649 3236 libenter
670 3169 837 3234 oderimus
859 3170 1014 3244 auditum,
1034 3185 1090 3250 per
1112 3187 1173 3250 quc
1197 3169 1334 3250 singuiis
1356 3169 1396 3233 ad

313 3269 496 3332 huiusmodi
528 3270 689 3348 querenda
719 3269 823 3332 studia
852 3277 1012 3349 prestatur
1041 3268 1252 3348 oportunitas,
1281 3278 1315 3332 ut
1344 3267 1397 3331 iiia

314 3367 494 3448 potioribus
518 3367 593 3431 inira
617 3367 794 3430 cultoribus
817 3369 968 3430 continua
985 3367 1164 3446 suscipiant
1187 3367 1396 3431 incrementa.

587 3547 741 3614 Suppttpne
759 3564 822 3602 auco
841 3554 950 3602 rainone
968 3555 986 3601 d
1007 3546 1118 3613 t’apput.

356 3720 432 3783 Cum
456 3720 574 3800 itaque,
592 3720 676 3784 sicut
696 3719 835 3786 exhibite
861 3719 951 3784 nobis
975 3693 1088 3800 nuper
1100 3735 1158 3800 pro
1175 3728 1264 3799 parte
1282 3719 1398 3783 nobilis

299 3818 373 3882 ‚uiri
391 3817 494 3884 canuti
512 3817 694 3898 Burgundio
711 3827 741 3882 et
759 3818 925 3882 Brabentie
944 3818 1049 3894 ducis,
1068 3835 1126 3882 nnec
1150 3835 1212 3882 non
1237 3816 1396 3894 Rectoris,

351 4017 389 4088 (i)
412 4018 448 4070 Le
473 4016 589 4089 premier
611 4018 645 4070 de
667 4033 712 4070 ces
734 4017 804 4071 deux
829 4015 976 4088 privileges
998 4017 1072 4070 annii
1095 4016 1158 4086 ddja
1179 4015 1224 4070 dte
1245 4017 1362 4072 seconde
1384 4024 1399 4069 d

314 4107 491 4162 i'Uuivorsitd
512 4124 562 4178 per
582 4107 684 4162 Martio
700 4107 722 4158 V
741 4124 792 4178 par
809 4125 839 4160 sa
860 4107 935 4160 boile
955 4107 1028 4160 Dum
1042 4116 1149 4172 attente,
1165 4107 1201 4160 du
1216 4107 1234 4162 9
1248 4109 1400 4180 septembre

300 4198 396 4280 ‘itin
416 4197 504 4270 Vopez
517 4198 661 4282 cidenas,
678 4216 723 4268 pp.
740 4197 833 4254 57-59.
