3194 4940
770 483 821 502 ·-
839 441 966 514 iti-—

323 637 431 722 nique
454 631 530 702 eicit
552 631 707 715 compone
728 633 769 698 de
792 639 865 698 tous
887 633 935 698 les
956 633 1110 698 docteurs
1131 632 1190 698 des
1213 628 1349 699 raouues
1373 631 1413 701 de

320 735 498 818 theologie,
515 734 556 800 dc
570 731 656 798 droit
675 742 706 798 et
721 731 762 798 dc
784 730 961 807 rnedecinc,
978 730 1052 796 d'un
1072 731 1194 797 certain
1218 732 1352 800 nombre
1373 734 1415 800 de

325 833 529 919 proiesseurs
545 841 576 898 ct
591 831 632 897 dc
647 831 801 896 dootcurs
816 830 856 896 de
872 829 902 894 in
919 828 1034 895 tacutte
1046 829 1104 895 des
1120 837 1199 908 erte,
1214 831 1415 913 terrigenis

326 936 385 1000 des
407 941 520 1016 quatre
543 929 747 1013 pedagogus,
766 937 797 994 et
813 929 853 994 de
868 929 1024 1011 quelques
1045 929 1232 1010 dignitoircs
1254 928 1295 996 tie
1316 929 1415 995 l'Uni·

325 1031 457 1100 versite.
475 1031 498 1095 u
516 1029 642 1096 tormeit
657 1029 687 1094 le
709 1028 832 1094 conscit
849 1028 1101 1095 extraordinuire
1120 1029 1161 1094 du
1180 1028 1318 1095 Recteur
1332 1029 1414 1095 dune

326 1133 374 1199 ies
386 1130 515 1197 affaires
527 1129 567 1194 de
578 1129 674 1194 haute
686 1128 897 1209 importunae,
911 1135 941 1192 et
957 1128 1038 1193 dans
1054 1127 1153 1195 octies
1169 1128 1222 1211 qui
1235 1129 1414 1210 exigeaient

326 1248 389 1298 une
404 1229 547 1297 soiution
565 1245 627 1294 non
645 1243 764 1292 encore
780 1227 956 1293 consecutio
980 1244 1036 1310 pur
1052 1228 1080 1292 ie
1101 1227 1350 1310 jurisprudeuoe
1372 1230 1413 1294 de

325 1327 537 1396 i'Uuiversite.
554 1330 602 1392 Au
626 1325 718 1392 uenat
740 1327 809 1391 seui
826 1327 1027 1408 uouertenait
1050 1329 1080 1392 ie
1095 1327 1181 1392 droit
1203 1328 1244 1393 uic
1268 1343 1414 1393 nommer

326 1431 356 1497 te
371 1429 521 1502 Recteur,
539 1425 637 1510 qu'ou
660 1425 785 1506 oreuoit
799 1424 1052 1490 ordinairement
1071 1425 1177 1491 etour
1192 1426 1233 1492 de
1248 1425 1318 1492 roie
1333 1427 1414 1490 deus

325 1529 470 1596 chucuue
486 1526 544 1591 des
559 1525 634 1605 cinq
651 1523 796 1589 incultos.
815 1527 860 1588 Au
877 1535 1155 1590 commenceureut
1171 1525 1211 1590 de
1227 1524 1414 1591 i’existcnce

326 1629 367 1693 de
382 1622 596 1698 l'Universite,
611 1623 659 1688 les
675 1620 831 1687 eiections
845 1623 1021 1688 rectoreies
1037 1641 1073 1688 se
1087 1623 1328 1690 reuouveieieut
1340 1633 1413 1690 tous

327 1730 375 1792 ies
399 1723 479 1790 trois
503 1721 634 1797 moini
655 1721 684 1786 io
701 1720 744 1784 iiu
766 1721 952 1797 deferrier,
969 1723 1009 1787 de
1026 1723 1099 1798 mei,
1117 1722 1224 1788 ri'eout
1241 1731 1273 1788 et
1296 1723 1336 1788 de
1354 1740 1413 1788 no·

330 1825 475 1900 ueurbrc;
493 1823 566 1904 plus
583 1820 664 1897 turri,
682 1821 699 1884 i
716 1821 815 1901 pertir
831 1821 871 1885 de
886 1821 977 1896 ittet,
995 1821 1017 1884 ii
1034 1821 1084 1904 u’y
1099 1831 1152 1888 eut
1167 1823 1240 1904 pius
1253 1839 1315 1905 que
1329 1823 1412 1888 deux

326 1923 421 1991 choix
445 1939 501 2004 per
526 1938 566 1986 an
596 1944 602 1984 :
630 1921 661 1986 ie
687 1920 790 1986 meme
815 1921 987 2003 dignituire
1013 1921 1061 1986 iot
1085 1923 1239 1988 continue
1265 1939 1346 2004 pour
1370 1940 1412 1988 uu

328 2022 449 2090 second
469 2009 643 2086 trimestre.
661 2020 704 2084 Le
720 2019 859 2086 Recteur
883 2019 960 2086 erait
976 2020 1249 2088 necesseircment
1271 2023 1414 2088 membre

329 2123 372 2188 du
394 2117 502 2202 cierge
524 2118 663 2185 secutier
687 2135 695 2182 ε
720 2129 788 2184 tout
813 2136 852 2184 au
876 2119 982 2186 moins
1005 2120 1147 2186 deruit-ii
1172 2121 1262 2188 avoir
1285 2138 1361 2199 recu
1383 2120 1414 2184 ie

332 2231 476 2287 tonsure.
505 2218 530 2282 ii
553 2217 705 2300 iouissait
731 2217 806 2282 u’un
835 2219 972 2299 poouoir
1001 2218 1068 2286 tres
1095 2218 1236 2296 etendu,
1265 2229 1359 2302 ayant
1384 2219 1415 2284 ie

330 2318 448 2387 inculte
463 2319 504 2384 de
516 2335 552 2384 se
568 2317 672 2384 servir
683 2317 725 2382 du
741 2317 845 2399 giuive
858 2319 1013 2400 tempore!
1030 2328 1062 2384 et
1076 2319 1118 2384 du
1134 2319 1237 2402 gleire
1252 2319 1413 2401 spirituei.

371 2444 388 2480 o
406 2419 449 2486 Lo
464 2417 602 2501 premier
618 2417 661 2481 lui
680 2416 762 2480 avait
779 2415 829 2482 ete
845 2416 982 2484 necorde
997 2435 1074 2484 sens
1089 2435 1214 2484 aucune
1229 2417 1414 2486 restrictior

330 2534 387 2601 par
401 2517 432 2583 ie
451 2515 619 2582 sonuarenr
635 2515 740 2596 inique
756 2515 796 2580 de
811 2513 1029 2592 t’Universtre,
1045 2515 1121 2582 teon
1136 2516 1186 2594 tv,
1203 2517 1265 2582 duc
1280 2517 1321 2582 de
1336 2515 1414 2580 Bre-

329 2619 416 2682 baut.
426 2615 525 2680 Toute
538 2616 566 2678 te
576 2613 764 2695 juridiction
777 2629 841 2678 nou
854 2614 1032 2680 seulement
1044 2614 1414 2680 civitemuiscrimiuciie

329 2716 374 2781 tui
395 2714 472 2782 erait
491 2712 616 2779 couliee
639 2729 646 2776 :
668 2727 771 2776 aucun
793 2712 894 2778 crime
914 2730 954 2778 ue
973 2729 1010 2779 se
1029 2715 1169 2780 trouvait
1188 2713 1332 2798 excepte,
1354 2729 1412 2795 pes

331 2814 434 2880 rueme
449 2811 643 2878 i'iuomicide.
660 2809 707 2874 0u
724 2827 764 2874 ue
779 2820 892 2877 trouve
907 2829 969 2894 que
989 2813 1052 2878 tort
1071 2831 1132 2895 neu
1153 2813 1350 2896 d’exempies
1370 2813 1411 2878 dc

329 2914 442 2996 peiues
471 2909 614 2988 sereres,
645 2909 812 2975 efflictives
841 2919 874 2976 et
901 2911 1104 2994 intumentes,
1134 2911 1322 2995 upoiiquees
1349 2929 1411 2980 aux

330 3012 492 3079 etudiouts
510 3033 517 3074 :
537 3025 598 3075 nuc
613 3009 760 3086 amende,
783 3008 813 3074 ie
832 3008 930 3090 ieuue
952 3027 990 3076 uu
1007 3011 1080 3093 puin
1096 3020 1129 3078 et
1143 3011 1161 3076 u
1177 3009 1258 3078 i’eeu
1275 3013 1416 3094 pendunt

330 3114 486 3197 quelques
499 3111 604 3194 roure,
630 3127 672 3175 uu
695 3110 993 3190 emprisounement
1008 3113 1049 3178 de
1063 3111 1164 3178 uuree
1178 3112 1319 3180 variante
1334 3114 1416 3179 deus

323 3216 360 3284 ,lo
384 3213 494 3296 prison
517 3212 558 3276 de
585 3208 795 3294 i'iiniversite,
821 3211 911 3276 toties
936 3209 1055 3278 etaient
1083 3212 1344 3280 hubituelierueut
1370 3213 1418 3278 ies

332 3313 442 3396 peines
458 3307 604 3392 iuiiigees
624 3325 680 3390 oar
696 3308 726 3374 ie
742 3309 891 3374 Rectenr.

372 3436 389 3471 u
402 3409 537 3478 fletui-ci
554 3409 648 3485 nvait,
666 3425 723 3490 par
739 3409 893 3490 privilege
909 3409 1042 3491 suenni,
1058 3411 1089 3478 le
1104 3411 1190 3478 droit
1205 3413 1245 3478 de
1261 3413 1417 3479 reclumer

324 3499 403 3578 'tous
419 3510 467 3576 ies
483 3509 645 3575 membres
660 3517 692 3572 et
707 3508 844 3589 suppeto
860 3509 900 3574 de
914 3507 1129 3588 t‘ttuivorstre,
1147 3512 1233 3578 etde
1249 3512 1296 3577 ies
1309 3511 1414 3594 juger,

330 3611 398 3676 lors
415 3609 519 3675 uterne
534 3625 596 3690 que
611 3607 658 3673 ies
674 3606 770 3672 deiits
783 3617 917 3674 eusscut
931 3608 983 3676 ete
995 3611 1132 3676 commis
1144 3628 1185 3676 eu
1198 3612 1319 3678 donoro
1332 3613 1372 3678 dc
1387 3612 1418 3676 in

333 3709 407 3776 viiie
429 3709 469 3774 de
492 3706 645 3775 Louvain.
668 3705 833 3772 iouteiois
855 3707 904 3774 ies
919 3709 1024 3774 urreis
1039 3710 1082 3775 du
1098 3709 1249 3786 Booten,
1267 3711 1348 3778 dune
1363 3727 1419 3776 ces

321 3807 584 3882 circonstuuces,
601 3805 722 3872 etaient
737 3804 838 3888 suints
861 3806 879 3871 ὲ
901 3805 1016 3890 t’oppci
1040 3809 1113 3876 u'uu
1133 3810 1273 3876 tribunat
1288 3811 1329 3877 de
1344 3811 1419 3892 cinq

326 3906 438 3989 iugem
455 3923 494 3972 ce
508 3905 639 3971 dernier
655 3906 845 3986 prononoait
860 3905 1125 3987 definitivement,
1143 3911 1219 3975 suut
1234 3910 1264 3976 le
1286 3926 1420 3976 rocours

321 4021 369 4074 *eu
387 4005 469 4088 Pane
486 4021 526 4070 ou
543 4021 582 4071 eu
598 4021 744 4070 uonoe.»
