3240 4946
746 527 788 544 -
810 491 932 558 504-

296 679 478 760 Juramento
505 675 670 758 principali
694 684 725 741 et
752 693 826 742 esse
848 693 998 741 assessor
1023 675 1185 740 commisit
1211 677 1327 758 rectorj
1355 685 1387 742 et

300 776 474 858 deputatis.

552 877 623 930 Acta
640 877 841 940 Universitctis,
858 875 891 943 V,
909 877 956 930 iol.
972 875 1023 944 cclj
1039 883 1068 928 v⁰
1081 878 1109 930 et
1122 875 1183 945 cclij
1198 883 1235 932 r⁰.

340 1065 358 1129 3
374 1065 534 1130 rtcnmnlrrc
550 1063 641 1129 1513.
659 1065 811 1130 licctorat
826 1063 866 1129 de
882 1064 958 1128 Jean
976 1062 1016 1128 de·
1033 1062 1164 1128 Palude.

339 1261 416 1343 lpso
433 1262 485 1326 die
502 1257 633 1342 llnbertj
651 1269 723 1341 post
740 1260 869 1326 missam
887 1278 945 1341 pro
958 1260 1120 1326 defunctis
1135 1261 1216 1342 apud
1235 1260 1385 1327 Predica·

299 1371 387 1428 tores
409 1360 602 1426 celebratam
623 1360 745 1441 jndicta
772 1361 830 1424 suit
853 1360 1058 1442 congregatio
1085 1359 1304 1426 uniuersitatis
1328 1378 1386 1442 per

295 1461 512 1543 iuramentum
529 1475 628 1539 super
644 1457 705 1541 hiis
722 1459 878 1524 articulis.

340 1657 518 1730 Secundus,
546 1655 585 1721 ad
612 1655 806 1722 audiendum
836 1657 941 1738 aliqua
969 1656 1102 1738 proponi
1136 1675 1191 1739 per
1219 1658 1384 1724 dominnm

300 1765 458 1823 rectorem
484 1755 712 1822 concernentia
739 1755 1014 1836 conseruatoriam
1040 1755 1260 1821 uniuersitatis
1286 1767 1318 1822 et
1343 1758 1383 1822 ad

300 1856 544 1924 deliberandum
560 1854 710 1936 desuper.

339 2053 498 2128 Quantum
514 2053 552 2117 ad
569 2052 625 2116 2⁰⁰⁰
640 2053 811 2118 articulum
830 2053 998 2133 proposuit
1010 2053 1160 2118 dominus
1174 2062 1281 2120 rector
1292 2071 1331 2118 an
1346 2073 1386 2120 nc

298 2154 422 2235 placcat
438 2153 601 2217 dominum
618 2153 783 2217 doctorem
802 2152 988 2232 magistrum
1003 2151 1179 2216 lolrartnem
1196 2154 1236 2217 dc
1250 2153 1385 2220 Wemel-

298 2253 415 2334 dingen
443 2251 600 2316 decenum
625 2251 865 2315 Bruxellensem
888 2249 1059 2314 absoluere
1082 2267 1099 2314 a
1120 2249 1302 2330 jnramento
1317 2252 1386 2316 vni-

300 2349 463 2416 uersitatis
493 2351 597 2431 quoad
629 2365 757 2424 causas,
790 2349 940 2430 quodque
966 2349 1000 2430 jn
1032 2349 1170 2430 singulis
1200 2350 1300 2416 scolis
1331 2351 1387 2416 fiat

300 2449 471 2532 publicatio
494 2450 579 2530 quod
603 2451 629 2514 si
647 2450 720 2530 quis
743 2449 817 2513 velit
838 2449 926 2513 adire
949 2465 1043 2513 suum
1061 2449 1200 2514 tribunal
1224 2459 1255 2514 et
1271 2465 1385 2514 causas

298 2563 406 2613 coram
423 2565 461 2613 eo
473 2547 646 2628 jntentare,
664 2548 726 2612 troc
742 2547 847 2612 lacere
869 2547 996 2626 poterit,
1014 2564 1087 2611 cum
1109 2546 1181 2628 ipse
1197 2563 1291 2611 suum
1308 2564 1386 2611 con·

298 2646 463 2712 sistorium
489 2647 632 2712 seruauit
654 2647 789 2726 singulis
809 2647 997 2726 septimanis
1020 2644 1134 2710 diebus
1157 2645 1232 2710 lune
1248 2655 1279 2710 ct
1298 2645 1384 2726 jonis

297 2753 371 2810 ante
388 2744 552 2810 meridiem
573 2743 607 2826 jc
625 2745 720 2809 domo
741 2763 799 2808 sue
816 2743 1032 2808 habitationis.
1050 2745 1151 2824 Super
1173 2761 1236 2824 quo
1253 2744 1383 2809 uniuer-

298 2843 377 2907 sitas
407 2842 588 2908 deliberans
618 2844 777 2909 conclusit
808 2843 893 2924 quod
924 2843 1029 2908 dictus
1059 2844 1208 2908 dominus
1238 2843 1381 2908 decanus

298 2941 458 3006 relaxetur
473 2950 503 3008 et
519 2942 705 3008 absoluatur
720 2959 736 3006 a
753 2959 812 3007 suo
826 2942 1007 3023 juramento
1028 2940 1228 3022 uniuersitatj
1247 2941 1380 3022 prestito

298 3040 413 3121 quoad
426 3056 661 3105 causascoram
678 3057 716 3105 eo
729 3040 934 3122 jntentandas
950 3041 1102 3105 duntaxat
1119 3049 1212 3121 prout
1228 3039 1382 3104 relaxauit

299 3146 330 3203 et
344 3137 502 3211 absoluit;
526 3156 588 3220 quo
605 3156 682 3204 vcro
701 3139 740 3202 ad
759 3138 1007 3220 publicationem
1029 3139 1204 3204 laciendum
1228 3139 1311 3220 qnod
1325 3137 1382 3218 jlla

297 3237 403 3302 adltuc
418 3237 596 3302 differetur.

617 3371 686 3426 Acta
707 3371 906 3434 Universt‘tatis,
923 3341 1019 3436 V,'lol.
1035 3367 1097 3441 cclij
1113 3378 1139 3424 r·
1151 3375 1179 3424 et
1193 3379 1233 3426 νο.

341 3559 376 3622 ll
387 3560 510 3638 jorrnier
526 3557 616 3622 toll.
634 3557 785 3624 Rectorat
800 3557 930 3624 delean
947 3559 987 3624 de
1004 3557 1135 3623 Palude.

342 3739 398 3805 llic
420 3739 530 3805 martis
552 3739 718 3804 undecima
743 3739 864 3804 mensis
885 3737 1020 3819 ianuarip¹
1039 3738 1159 3818 jndicta
1177 3738 1234 3802 luit
1249 3751 1384 3818 congre·

298 3837 384 3920 gatto
414 3837 634 3903 uniuersitatis
670 3838 752 3918 apud
790 3838 1045 3918 Augustinenses
1079 3838 1165 3918 jnter
1202 3852 1317 3900 nonam
1355 3845 1386 3900 et

299 3935 455 4001 decimam
472 3937 568 4000 horas
584 3945 656 4001 ante
673 3937 838 4001 meridiem
855 3953 952 4018 snper
969 3936 1029 4016 hijs
1046 3937 1201 4000 articulis.

341 4034 477 4109 Primus,
509 4034 549 4097 ad
584 4033 778 4099 audiendum
815 4034 919 4114 aliqua
958 4034 1092 4116 proponj
1131 4051 1186 4116 per
1219 4033 1384 4099 dominnm

299 4141 458 4198 rectorem
474 4133 701 4198 concernentia
719 4132 881 4197 materiam
899 4133 1136 4200 relormationis
1153 4133 1241 4198 curie
1261 4131 1382 4196 domini

299 4231 540 4298 conseruatoris
556 4241 587 4298 ct
602 4231 640 4296 ad
658 4231 898 4298 deliberandum
916 4230 1067 4313 desuper.
