3222 4944
726 478 764 488 -
789 441 848 506 'llll
869 475 910 490 -·

273 623 352 688 alias
368 625 401 684 2⁸
419 621 554 703 januari]
575 621 763 703 publicatas,
782 641 843 686 non
860 621 925 686 vvlt
941 620 1109 685 admittere
1133 639 1234 702 neque
1249 619 1361 686 obser-

279 740 365 796 uare,
383 721 440 788 sed
458 722 521 786 vrlt
539 739 667 788 manere
684 722 713 785 in
731 721 858 802 antiqua
874 720 1107 786 consuetudine
1125 719 1358 784 vrriuersitatis.

798 871 868 924 Acta
886 869 1089 938 vaiacrsitatis,
1109 867 1220 935 1v‚lot.
1240 869 1271 924 15
1284 877 1320 926 r⁰.

316 1063 353 1124 ll
364 1063 435 1142 juin
454 1060 545 1124 llll.
565 1061 714 1124 Rectorat
730 1059 770 1124 de
787 1059 895 1124 Pierre
910 1060 950 1124 ile
966 1060 1057 1123 Rivo.

314 1259 395 1340 xxvij
410 1258 491 1340 junij
507 1259 627 1340 indicta
649 1259 704 1322 luit
720 1259 933 1340 congregacio
950 1256 1166 1322 uniuersitatis
1180 1258 1259 1321 liora
1276 1272 1359 1320 nona

272 1360 355 1440 epod
375 1357 631 1439 Augustinensrs
648 1373 746 1438 super
762 1357 822 1438 lnijs
838 1357 992 1420 articulis.

317 1457 441 1521 Primus
464 1465 514 1521 est
540 1456 578 1521 nd
605 1455 797 1520 audiendum
826 1455 928 1535 aliqua
952 1455 1087 1534 proponj
1116 1469 1171 1532 per
1193 1452 1358 1517 dominnm

275 1555 414 1635 priorem
431 1554 556 1636 collegi]
577 1555 744 1636 utriusque
757 1555 839 1636 juris
855 1573 892 1618 ex
910 1565 998 1635 parte
1013 1553 1157 1618 eiusdem
1177 1552 1315 1634 eollegij.

314 1752 383 1827 Quo
413 1755 449 1816 ad
484 1753 618 1833 primum
650 1753 820 1817 articulum
851 1753 1034 1833 spectabilis
1064 1769 1101 1816 ao
1130 1753 1280 1834 egregius
1309 1751 1358 1814 vir

274 1853 424 1916 dominus
441 1852 599 1916 Robertus
622 1853 662 1915 de
680 1853 762 1916 Lacu
788 1863 820 1916 nt
837 1854 925 1932 prior
940 1851 1066 1932 collegi]
1091 1851 1255 1932 utriusque
1274 1851 1358 1932 juris

157 2014 161 2022 ,
274 1962 305 2016 et
329 1951 457 2015 nomine
480 1951 623 2015 eiusdem
648 1952 796 2032 exposuit
819 1953 956 2032 qualiter
977 1953 1014 2014 ao
1041 1951 1205 2016 utilitatem
1229 1961 1260 2016 et
1283 1967 1357 2030 pro·

276 2051 392 2114 leolum
414 2051 555 2114 omnium
578 2050 819 2116 adolescentum
840 2051 870 2112 ln
890 2049 950 2114 hoo
971 2051 1076 2114 studio
1097 2050 1237 2130 generali
1257 2049 1359 2113 Loua-

276 2149 378 2212 niensi
409 2148 533 2228 virique
562 2148 612 2212 uel
641 2148 730 2228 alterj
755 2149 874 2228 jurium
906 2150 1092 2214 daturorum
1119 2159 1194 2212 etc..
1224 2147 1297 2228 jpsc
1324 2157 1359 2211 ul

275 2247 364 2328 prior
380 2255 410 2310 et
425 2248 576 2311 doctores
592 2247 666 2328 rlimj
685 2247 810 2328 collegi]
829 2249 992 2328 vtriusque
1005 2247 1087 2327 juris
1107 2257 1230 2311 certum
1245 2245 1357 2310 conrii-

273 2347 398 2410 dissent
421 2355 452 2409 et
478 2345 683 2409 ordinassent
714 2355 867 2410 statutum
897 2357 1082 2427 perpetuum
1113 2347 1197 2426 quod
1227 2345 1357 2410 nomine

272 2445 349 2508 dicti
366 2443 492 2525 collegij
507 2443 627 2525 jbidem
654 2445 712 2524 lrgj
729 2456 760 2508 ot
777 2444 931 2525 publirarp'
954 2462 1075 2510 necnon
1094 2461 1150 2526 per
1165 2443 1357 2508 vrriuersna·

274 2554 337 2609 tem
361 2543 543 2624 conllrmarj
568 2543 673 2624 peoijt.
699 2543 737 2607 Et
756 2543 799 2624 jta
825 2561 881 2624 per
904 2561 954 2608 me
978 2544 1149 2607 adrianum
1168 2543 1249 2623 Pelrj
1268 2551 1358 2606 nola-
1387 2585 1389 2588 ι

276 2641 358 2705 rium
380 2641 598 2706 uniuersitatis
615 2643 731 2704 lectum
752 2653 782 2706 el
800 2643 995 2722 publicatum
1012 2643 1081 2706 luit.
1095 2645 1164 2716 Quo
1181 2641 1356 2720 publicato,

276 2739 475 2819 vrriuersilatj
511 2739 641 2819 placuit,
673 2750 704 2804 et
733 2752 885 2820 quantam
917 2741 947 2803 in
983 2759 1019 2804 ea
1051 2741 1118 2814 luit,
1155 2740 1357 2820 approbauil,

277 2839 446 2903 ralilioauit
462 2849 493 2904 et
508 2840 722 2914 conlirmauit,
737 2849 767 2904 el
780 2840 824 2919 jla
841 2841 1006 2920 oltseruerj
1020 2849 1051 2904 el
1067 2839 1232 2920 practicarj
1247 2839 1358 2912 voluit,

276 2938 425 3002 facultate
447 2946 552 3002 tamen
570 2938 750 3019 theologiae
773 2949 804 3003 el
821 2939 925 3020 legum
942 2941 1066 3020 copiam
1089 2938 1232 3004 eiusdem
1249 2938 1358 3018 slalutj

275 3037 441 3116 pecierunt
456 3045 487 3101 cl
502 3036 720 3101 obtinuerunt.
1096 3059 1098 3062 ·

801 3189 870 3240 Acta
889 3186 1089 3252 Humanitatis,
1106 3185 1152 3250 lV,
1169 3187 1216 3240 iol.
1236 3185 1268 3239 18
1283 3193 1317 3240 r⁰.

316 3391 334 3450 5
349 3391 451 3468 juillet
470 3391 560 3454 llll.
580 3391 728 3456 lleclorat
745 3393 784 3456 de
802 3391 908 3456 liene
924 3392 962 3455 rie
979 3391 1068 3456 llino.

316 3587 429 3660 Quinta
457 3587 526 3667 julij
553 3587 673 3668 indicta
704 3589 760 3652 luit
789 3589 1001 3670 congregacio
1032 3587 1250 3652 vrriuersilalis
1279 3587 1359 3651 liora

276 3700 358 3747 nona
374 3687 457 3764 nprnl
475 3687 730 3766 Angustinenses
747 3703 845 3766 super
861 3687 923 3768 lrijs
939 3686 1095 3750 articulis.

316 3782 442 3848 Primus
469 3792 517 3847 est
543 3785 581 3848 ad
605 3785 837 3864 expediendum
865 3796 896 3849 et
919 3785 1147 3864 perlioiendum
1175 3800 1210 3847 ea
1237 3801 1298 3864 nne
1325 3783 1358 3847 in

275 3881 451 3946 nouissima
468 3885 722 3965 congregacione
740 3886 866 3955 luerunt
882 3883 1028 3948 dimissa.

248 4154 251 4160 ¹
316 4077 444 4153 Quoad
471 4079 606 4162 primum
631 4083 798 4146 articulum
827 4084 934 4148 relnlit
961 4083 1111 4146 dominus
1136 4083 1295 4146 liebertus
1318 4079 1361 4146 de

273 4175 356 4242 lacu
383 4188 415 4244 ut
441 4181 529 4261 prior
555 4180 678 4261 collegii
703 4191 733 4245 el
758 4181 885 4245 nomine
906 4183 1050 4247 eiusdem
1072 4181 1176 4246 omnia
1202 4197 1263 4261 qne
1285 4187 1360 4260 post
