3246 4944
682 451 868 516 -cls-

237 632 334 696 Sexto
368 638 400 695 el
435 628 643 696 clementinis
671 631 890 707 continemur,
916 631 1010 712 idune
1041 649 1099 711 pro
1129 648 1262 697 numero
1289 639 1321 696 ct

237 728 396 794 divisione
425 727 580 794 librorum
609 729 694 796 Sexti
725 740 756 796 et
789 730 1070 796 Clementiporum.
1097 729 1227 810 Eritqno
1264 748 1322 811 pro

237 827 381 893 secundo
399 827 583 908 professore
598 829 771 914 constituta
788 829 864 895 bora
883 828 1022 894 secunda
1040 829 1271 910 pomeridiana.

705 977 857 1042 LXXXII.

280 1109 464 1175 praedictos
489 1117 594 1175 entem
622 1109 762 1194 quinque
791 1111 891 1176 libros
923 1109 1146 1186 becretelium
1173 1109 1258 1176 Sexti
1289 1118 1320 1174 et

237 1208 517 1281 clementinorum,
535 1225 592 1290 pro
619 1210 714 1274 modo
737 1219 768 1274 et
791 1210 915 1275 rollone
939 1209 1090 1291 superius
1114 1206 1321 1290 praescriptis

239 1307 407 1372 absolvent
422 1307 549 1372 duobus
564 1308 659 1372 artois
675 1325 746 1372 cum
765 1308 883 1374 medio.

699 1456 865 1520 LXXXIII.

278 1587 436 1652 ubsolnto
451 1594 555 1652 aulem
570 1604 680 1663 cursu,
700 1589 902 1668 professores
920 1588 1085 1652 mutabunt
1101 1587 1200 1662 cloes,
1219 1595 1251 1651 ut
1267 1585 1322 1667 qui

239 1695 304 1750 tres
334 1686 435 1752 libros
465 1687 586 1767 primos
615 1687 772 1762 docuerit,
803 1689 917 1752 doceat
946 1688 1029 1752 duos
1068 1695 1261 1765 postremos,
1292 1695 1325 1749 el

239 1795 368 1851 econtra
384 1786 437 1868 qui
455 1795 637 1868 postremos
653 1787 869 1867 explicaverit,
887 1787 1024 1867 explicet
1041 1785 1173 1866 primos.

702 1935 862 1999 LXXXIV.

282 2066 317 2130 Et
341 2083 380 2131 ne
403 2065 575 2132 lectionum
600 2067 832 2146 praedictarum
857 2067 962 2147 ulique
979 2066 1042 2130 sint
1059 2064 1230 2130 iulerstitiu
1246 2065 1322 2144 (nisi

240 2175 441 2243 receptorum
457 2165 696 2246 recentiorum),
713 2165 926 2245 praecipimus
944 2164 1117 2245 praedietis
1130 2162 1211 2244 iuris
1227 2179 1323 2227 cono-

243 2261 302 2325 nici
332 2263 582 2343 professoribus,
605 2274 637 2327 ut
664 2280 835 2344 numquam
862 2263 991 2328 stutuus
1019 2263 1107 2328 boris
1133 2279 1150 2326 a
1176 2261 1324 2326 docendo

243 2362 434 2438 abstineant,
459 2363 518 2426 uisi
545 2381 582 2426 cx
611 2379 721 2443 mogne
749 2373 779 2426 el
812 2364 991 2427 necessario
1018 2377 1114 2426 cause
1143 2359 1243 2425 morbi
1271 2368 1324 2424 aut

243 2461 365 2524 seruitii
395 2461 585 2536 nostriani
611 2462 669 2526 alin
697 2461 806 2536 simili,
828 2471 858 2526 el
884 2478 901 2524 a
928 2460 1036 2540 priore
1058 2459 1143 2524 illins
1166 2457 1324 2523 facultatis

242 2559 427 2638 approbate.
445 2559 513 2634 uno
528 2577 604 2624 cusu
622 2561 717 2625 elium
734 2560 897 2625 doctorem
922 2559 969 2624 vel
994 2557 1189 2622 licentietum
1213 2556 1322 2636 singu-

239 2657 349 2723 lariter
378 2659 506 2724 doctum
536 2659 576 2740 (si
608 2660 721 2725 doctor
748 2659 857 2723 baberi
886 2676 949 2723 non
977 2657 1093 2740 possit)
1115 2656 1322 2722 substitutum

239 2758 445 2833 constituent,
463 2757 516 2840 qui
533 2777 662 2824 cursum
680 2759 852 2824 lectionum
870 2767 1093 2839 prosequatur,
1112 2774 1151 2822 ue
1167 2755 1323 2821 studiosis

242 2855 470 2938 praejudicium
487 2857 551 2922 fiel.
698 2839 702 2854 ’

567 3059 610 3121 Dc
629 3055 775 3138 fucultulc
789 3059 871 3135 juris
893 3055 999 3120 ciuilio.

708 3205 856 3270 LXXXV.

282 3335 317 3398 ln
342 3336 400 3400 lieo
423 3335 570 3401 facultate
595 3335 762 3416 professor
785 3334 1025 3400 Institutionum
1049 3331 1185 3412 singuiis
1209 3330 1324 3396 diebus

240 3435 407 3516 (vocontiis
432 3435 589 3518 exceptis)
616 3435 771 3500 lectiones
798 3453 875 3501 snas
900 3435 1070 3514 diligenter
1097 3441 1323 3512 prosequatur,

241 3550 360 3614 easque
372 3533 519 3598 docendo
530 3533 666 3615 singuiis
678 3534 770 3598 unrris
786 3534 943 3611 obsoleat,
954 3531 1074 3596 relictis
1090 3529 1325 3594 difficilioribus

244 3631 386 3696 meteriis
401 3631 639 3711 professoribus
652 3633 825 3697 ordinariis
840 3627 1214 3708 examinationemque
1231 3625 1325 3708 buius

243 3729 391 3795 lectionis
407 3730 484 3794 bore
502 3746 596 3794 none.

707 3860 867 3925 LXXXVI.

282 3993 458 4058 Titqurum
488 4009 616 4074 quoquc
645 3992 802 4072 expositio
829 3991 912 4073 juris
943 3989 1110 4072 tyronibus
1138 3987 1285 4070 perutilis
1309 4004 1326 4050 u

243 4092 428 4174 professore
451 4093 488 4156 sd
513 4094 574 4156 boc
597 4092 764 4172 designato
788 4092 925 4156 breviter
951 4089 1067 4170 Cuiaoii
1096 4106 1185 4152 more
1213 4088 1328 4161 1111111

245 4191 392 4256 similiter
415 4208 499 4255 eurio
524 4209 587 4257 uno
609 4191 807 4255 absolnutur.
828 4190 954 4273 Eritque
971 4189 1066 4270 buius
1082 4187 1230 4254 lectionis
1247 4188 1326 4251 bora

245 4289 337 4356 tertia
354 4287 582 4373 pomeridiana.
