3246 4944
718 409 900 477 -631-

726 621 877 692 cxx'xlr.

300 757 359 822 Eas
390 758 486 823 boras
519 757 748 823 introductioni
781 759 1030 846 porphyrianus,
1052 760 1249 842 categoricis
1276 761 1345 824 bri·

259 858 386 922 stoteiis
422 855 525 932 libris,
563 857 710 939 eiusdem
748 858 921 940 tinaipticis
963 870 1028 923 tum
1067 858 1240 940 prioribus,
1279 870 1344 924 tum

260 955 505 1038 posterioribus,
523 965 596 1022 octo
620 955 712 1021 iibris
742 957 962 1038 physicorum.
981 957 1085 1022 tribus
1110 957 1150 1022 de
1175 958 1287 1022 Anima
1314 967 1346 1024 et

260 1055 317 1120 toti
352 1055 490 1137 denique
525 1055 758 1138 Metapbysieae
792 1056 991 1139 explicandis
1027 1074 1064 1122 ac
1102 1056 1344 1138 repetitionibus

260 1153 427 1232 iaciendis,
444 1153 670 1221 distributione
686 1155 777 1236 prius
794 1173 960 1237 expressa,
979 1155 1094 1220 insumi
1111 1156 1270 1220 volumus.

715 1303 885 1369 cxxxiii.

299 1435 515 1503 secundarius
528 1436 693 1518 professor
705 1437 785 1502 duas
799 1437 1019 1519 pomeridiano
1032 1446 1175 1518 tempore
1187 1437 1342 1502 lectiones

260 1535 383 1601 babeat.
409 1535 551 1600 Priorem
569 1535 732 1602 incboabit
754 1536 791 1600 ad
818 1537 956 1601 medium
974 1537 1136 1602 secundae
1151 1534 1342 1617 durabitque

260 1634 415 1720 usquead
433 1634 570 1700 medium
589 1635 712 1712 tertiae,
722 1636 934 1716 posteriorem
953 1635 1030 1700 bora
1046 1645 1261 1717 quartanum
1277 1650 1340 1698 non

259 1733 387 1798 iiuietur
401 1741 475 1799 ante
492 1733 630 1798 medium
650 1745 769 1799 sextae.
788 1737 826 1798 m
847 1751 924 1798 vero
947 1744 1092 1815 tempore
1114 1733 1339 1813 repetitionum

259 1832 359 1914 prima
382 1831 551 1911 incipietur
573 1832 650 1896 bora
673 1833 814 1898 secunda
835 1841 867 1896 et
886 1833 1013 1897 durabit
1030 1832 1184 1914 usquead
1201 1831 1338 1906 tertiam,

257 1941 290 1996 et
304 1932 445 1997 secunda
460 1947 477 1994 a
495 1931 599 1996 medio
615 1931 745 2013 quintae
762 1948 863 2013 usque
876 1931 915 1996 ad
928 1940 1061 1997 sextam.
1077 1930 1223 1996 Ferietur
1235 1939 1339 1994 autem

255 2029 408 2110 juventus
423 2029 560 2112 singuiis
577 2029 665 2094 seriis
681 2029 784 2094 tertiis
806 2038 837 2094 et
860 2029 978 2111 quintis
996 2039 1070 2111 post
1087 2028 1263 2104 meridiem,
1282 2043 1341 2094 neo
1436 2023 1439 2030 ’

258 2127 392 2193 ulterius
421 2143 514 2209 quam
544 2128 575 2190 in
608 2128 717 2192 boram
747 2127 908 2209 quintam,
940 2127 999 2192 nisi
1032 2127 1125 2192 aliter
1154 2125 1340 2208 regentibus

255 2226 425 2308 aliquando
441 2226 544 2291 visum
561 2225 666 2290 suerit.

718 2358 878 2422 CXXXIV.

297 2506 412 2573 Horam
429 2516 533 2573 autem
550 2507 588 2571 ad
607 2507 712 2572 minus
730 2523 823 2571 unam
841 2515 915 2588 pust
928 2507 1033 2572 iusum
1050 2507 1080 2590 (a
1099 2505 1203 2571 medio
1216 2505 1340 2570 scilieet

247 2613 364 2676 sextae
381 2607 536 2687 usquead
555 2606 692 2671 medium
720 2606 888 2687 septimae)
914 2605 1053 2687 impendi
1079 2606 1226 2671 volumus
1250 2619 1340 2684 repe·

258 2704 363 2770 tendis
391 2703 702 2786 Prodidagmatibus‚
727 2705 817 2769 libris
844 2705 884 2770 de
910 2704 1176 2785 interpretatione
1201 2705 1339 2775 duobus,

257 2803 399 2884 Spberac
424 2804 555 2868 loannis
582 2804 621 2869 de
648 2803 746 2868 Sacro
772 2803 887 2877 Boseo,
909 2803 1093 2868 Aristotelis
1120 2802 1160 2868 de
1189 2801 1285 2867 Coelo
1311 2811 1342 2866 et

258 2901 376 2966 biunde
399 2902 490 2966 libris
516 2911 666 2990 quatuor!
679 2902 719 2967 de
742 2902 956 2967 Generatione
979 2911 1011 2966 et
1034 2900 1247 2980 Corruprione
1262 2901 1341 2964 duo·

259 2998 330 3078 bus,
343 3016 381 3064 ac
393 2999 566 3065 Metaurum
584 3001 697 3073 tribus,
709 3011 740 3065 et
757 3000 1152 3065 similiterdritbmeticue.
1167 2999 1221 3062 iiis
1234 3010 1339 3062 autem

256 3098 501 3177 repetitionibus
516 3115 630 3164 omnes
646 3099 803 3164 interesse
819 3099 968 3163 volumus
984 3108 1046 3161 tam
1064 3107 1232 3162 extraneos
1245 3113 1339 3178 quam

255 3197 432 3262 intraneos.

725 3327 870 3392 CXXXV.

295 3459 358 3526 Eos
381 3469 485 3526 autem
511 3461 610 3526 iibros
634 3461 683 3526 sic
705 3459 923 3542 explicabunt,
943 3469 987 3530 ut.
1007 3459 1116 3524 reiiuta
1140 3459 1285 3524 doctrina
1309 3469 1340 3524 et

256 3561 396 3626 textibus
433 3561 537 3626 minus
573 3559 612 3624 ad
650 3560 836 3641 superiores
873 3559 1026 3624 scientias
1065 3558 1209 3632 utilibus,
1241 3567 1338 3622 totam

255 3659 490 3740 pbiiosopbiam
506 3659 688 3736 exhibeant,
707 3658 846 3723 redactis
863 3655 1123 3722 commodissima
1141 3657 1290 3722 methodo
1307 3658 1337 3720 in

253 3765 359 3824 certas
383 3757 619 3840 disputationes
646 3769 677 3824 et
703 3757 911 3838 quaestiones
942 3757 1093 3820 omnibus
1119 3756 1169 3835 iis,
1199 3773 1281 3837 quae
1308 3757 1338 3820 in

253 3855 477 3938 pbilosopbieo
492 3856 601 3922 studio
617 3857 654 3920 ad
673 3857 859 3936 superiores
875 3855 1029 3920 scientias
1054 3855 1141 3920 utilia
1165 3863 1250 3919 suut.
1276 3855 1340 3920 Nec

251 3955 356 4020 sotum
380 3955 479 4020 libros
503 3955 577 4019 iiius
600 3965 653 4020 aut
677 3973 734 4020 sua
759 3955 789 4019 in
814 3955 888 4019 iiius
904 3957 1134 4020 conmentario
1150 3971 1168 4019 e
1184 3968 1338 4036 suggestu

247 4053 406 4135 iuventuti
425 4055 541 4136 tegent,
566 4055 621 4119 sed
646 4055 741 4120 etiam
765 4053 1002 4131 examinabunt,
1020 4069 1036 4116 a
1053 4053 1221 4134 discipulis
1238 4056 1338 4118 tectae

253 4153 401 4218 iectionis
439 4154 592 4219 rationem
631 4161 829 4234 repetentes,
871 4162 903 4217 ut
939 4153 987 4216 sie
1025 4151 1186 4232 ingenium
1224 4169 1335 4217 eorum
