3246 4944
708 403 896 468 -6ttrfl

203 611 205 615 ·
256 591 346 664 parte
376 583 602 648 Universitatis
632 584 670 646 ad
701 583 955 650 illustrissimum
985 583 1150 646 dominum
1185 581 1341 647 Nunoiurn

253 683 466 764 apostolicum
490 682 630 748 directus
654 700 751 763 supcr
776 683 960 764 receptione
983 682 1060 747 dicti
1085 681 1196 746 Brevis
1211 692 1341 761 aposto-

254 783 325 856 lici;
350 783 403 864 qui
428 782 579 846 dominus
602 781 726 846 llassen
750 800 821 846 curn
847 781 1069 863 respondisset
1091 780 1175 862 quod
1196 781 1340 855 liaberet,

255 881 402 947 cumdem
426 879 590 944 doninurn
610 881 831 946 consiliarium
848 881 993 946 noluisse
1009 880 1133 945 litteras
1151 888 1341 944 memoratas

256 997 295 1046 aa
322 989 411 1060 parte
437 979 660 1044 Universitatis
686 981 823 1062 scriptas
849 981 935 1045 dicto
965 979 1185 1044 illustrissimo
1210 978 1341 1042 donriuo

254 1077 379 1144 Nuncio
402 1079 581 1160 apostolico
604 1080 697 1154 tradi,
716 1089 825 1158 utpote
851 1081 924 1161 quia
951 1078 1127 1144 concilium
1156 1077 1341 1142 Brabautiae

255 1176 444 1253 intenderet,
468 1177 651 1258 priusquam
679 1179 893 1252 traderentur,
915 1195 1014 1258 super
1037 1176 1135 1242 certis
1158 1175 1285 1256 punctis
1307 1175 1337 1238 in

253 1276 365 1340 codem
391 1275 481 1340 Brevi
505 1274 666 1340 contentis
689 1285 809 1340 certant
825 1277 902 1340 dara
919 1276 1226 1356 interpretationem,
1244 1286 1275 1338 et
1290 1273 1339 1337 sic
1449 1335 1451 1340 .

252 1374 353 1439 dictas
382 1374 505 1439 litteras
535 1372 759 1438 Universitetis
790 1374 1011 1439 illustrissimo
1046 1373 1177 1439 domino
1214 1373 1338 1438 Nuncio
1472 1377 1474 1384 “

254 1473 491 1540 nondumesse
514 1472 664 1548 traditas;
691 1489 815 1552 ponens
839 1473 870 1536 in
892 1473 1075 1537 facultatum
1092 1471 1335 1560 deliberatione.

251 1571 413 1652 quomodo
430 1588 551 1636 niorarn
567 1571 650 1635 hanc
666 1572 749 1652 apud
765 1572 884 1636 dicturo
902 1571 1155 1636 illustrissimum
1171 1569 1335 1633 doruinurn
1399 1597 1402 1606 ·

251 1671 408 1736 Nuncium
433 1679 543 1752 putent
565 1672 792 1744 excusandam,
814 1688 871 1734 nec
896 1689 959 1736 non
985 1669 1182 1750 amplissimo
1204 1667 1336 1733 domino

250 1769 470 1850 Steynlruysen
494 1769 677 1834 existiment
700 1769 971 1850 respondendum.
993 1769 1096 1848 Super
1119 1767 1235 1849 quibus
1258 1783 1335 1831 con·

250 1867 346 1932 clusit
372 1885 410 1932 ex
437 1868 620 1931 lacultaturn
651 1867 936 1932 deliberationibus
968 1866 1155 1948 nagntttcns
1185 1865 1336 1929 domiuus

250 1966 369 2032 Rector
408 1967 630 2047 exponendum
671 1983 745 2032 esse
784 1967 1004 2032 illustrissimo
1041 1967 1173 2030 domino
1210 1965 1334 2028 Nunnio

249 2066 427 2146 apostolico
448 2075 643 2144 praetactum
669 2065 768 2130 Breve
790 2063 1004 2142 apostolicum
1028 2063 1273 2128 Universitatrur
1297 2079 1333 2126 ra

250 2181 310 2244 qun
324 2164 416 2228 decet
429 2163 605 2227 reverentia
620 2164 792 2244 recepisse.
805 2163 951 2242 idemque
964 2162 1024 2241 ipsi
1038 2161 1137 2226 luisse
1151 2171 1332 2242 pergratum

249 2279 286 2326 ac
299 2261 363 2342 jam
381 2263 413 2324 in
430 2262 569 2325 arclriris
585 2261 809 2326 Universitatis
825 2279 897 2325 esso
919 2261 1106 2340 repositum.
1124 2262 1333 2340 eamdemque

248 2360 493 2425 Universitatenr
510 2360 812 2439 obtemperaturum,
832 2367 925 2439 prout
947 2359 1049 2424 cidem
1074 2358 1103 2420 io
1128 2358 1215 2422 dicto
1240 2358 1331 2422 Brevi

246 2468 278 2523 et
300 2458 423 2523 litteras
447 2458 530 2524 Suae
556 2449 794 2524 illustrissimae
817 2458 944 2523 Gratiae
967 2457 1024 2522 luit
1047 2457 1277 2537 praescriptum
1301 2467 1333 2522 et

248 2557 437 2638 injunctum,
461 2576 498 2622 ac
529 2575 642 2638 rogaro
672 2557 917 2622 Universitatern
948 2568 1106 2638 quatenus
1134 2557 1244 2622 cadem
1271 2560 1333 2620 Suu

249 2655 468 2720 illustrissima
499 2655 604 2720 Gratia
642 2657 673 2720 iu
710 2657 825 2720 borrani
865 2666 985 2736 partern
1023 2673 1138 2736 capere
1174 2655 1334 2736 dignetur,

249 2755 421 2834 pnontuus
444 2755 540 2818 citius
556 2756 597 2819 de
618 2753 701 2818 dicta
719 2755 903 2835 receptione
922 2755 1031 2818 Brevis
1047 2753 1215 2833 apostolici
1231 2757 1335 2818 sideru

252 2853 346 2916 luerit
361 2869 564 2933 responsum.
579 2853 612 2916 ld
628 2855 713 2918 enim
731 2863 796 2917 turn
814 2863 944 2933 propter
961 2853 1187 2918 nonnullorum
1203 2855 1244 2917 de
1259 2872 1334 2916 cuu-

250 2951 325 3014 cilio
342 2950 564 3015 Universitatis
580 2951 781 3016 existentium
799 2952 988 3027 absentiam,
1007 2961 1071 3015 turn
1091 2953 1185 3016 etiarn
1204 2963 1333 3032 propter

249 3049 369 3112 dontini
393 3049 516 3128 latoris,
538 3050 591 3129 oui
615 3049 645 3112 in
671 3051 787 3114 itinere
808 3050 920 3128 podera
943 3051 1098 3124 excussit,
1122 3050 1329 3114 inlortuniunr

248 3147 435 3228 coruligisse.
462 3149 668 3229 Amplissirno
697 3159 801 3212 autern
832 3149 963 3212 domiuo
998 3147 1220 3228 Steynlruyseu
1258 3166 1332 3213 esse

248 3247 509 3326 respondendnm
541 3256 735 3327 praetactum
764 3248 864 3311 Breve
889 3247 1102 3327 apostolieum
1129 3255 1202 3310 aute
1229 3247 1331 3326 ipsius

248 3345 456 3409 rnonitionern
469 3344 588 3409 dudurn
605 3361 679 3409 esse
695 3346 725 3406 in
743 3344 954 3409 Universitate
970 3345 1331 3426 publicatum‚adu0oue
1426 3423 1429 3430 ,

249 3460 314 3508 rern
340 3461 401 3507 non
425 3459 499 3508 csse
522 3445 696 3523 integram
721 3443 857 3523 ideoque
881 3443 1124 3506 Universitatem
1147 3441 1330 3508 existimare

248 3543 296 3606 rin
322 3559 417 3623 posse
443 3559 517 3607 sese
544 3543 575 3604 in
602 3559 641 3607 eo
668 3541 859 3621 publicando
887 3559 1051 3623 peccasse,
1071 3541 1329 3622 quandoquidem

246 3642 323 3706 illud
354 3642 574 3706 ordinationes
604 3641 636 3704 in
667 3640 839 3706 novissima
870 3639 1051 3705 uisitatione
1078 3658 1134 3720 per
1159 3639 1329 3720 deputatos

245 3741 380 3807 Suaruur
407 3740 652 3812 Celsitudinurn,
671 3739 781 3820 iuncta
811 3739 1000 3803 auctoritate
1029 3739 1204 3820 apostolico
1236 3740 1328 3815 lacta,

243 3848 413 3904 contentas
426 3839 581 3920 approbat
593 3850 624 3903 et
636 3839 816 3902 coulirrnet.
833 3839 980 3918 tlaputari
996 3849 1101 3902 autern
1114 3838 1328 3902 clarissimum

243 3939 345 4002 virutn
382 3938 545 4002 dominum
576 3946 606 4002 et
641 3938 826 4018 magistrum
857 3935 1039 4000 Cornelium
1070 3937 1221 4018 sylvium.
1246 3935 1330 4018 juris

243 4035 410 4117 utriusque
436 4038 601 4102 doctorern
628 4049 660 4101 et
685 4037 902 4116 professorem
930 4035 1126 4116 primarium,
1146 4053 1184 4100 ac
1209 4036 1328 4100 eximio

243 4133 374 4203 domino
399 4145 430 4200 et
458 4139 609 4224 magistro
636 4135 769 4222 aegidio
795 4135 836 4199 du
865 4135 927 4218 llay
954 4135 1018 4198 illic
1042 4134 1137 4198 etiam
1165 4136 1325 4217 praesenti
