3240 4946
780 465 964 530 -bld-

367 643 519 708 XXXVll.
543 645 680 710 Termini
698 645 827 714 inutiles
844 655 876 714 et
891 665 1051 729 expensae
1064 647 1214 713 retardati
1233 664 1410 728 processus

327 744 391 808 sint
413 744 451 807 ad
476 761 557 809 onus
581 745 692 826 partis,
710 747 801 828 cujus
827 748 955 816 nomine
980 747 1107 814 termini
1133 748 1249 812 servati
1274 757 1360 822 sunt,
1379 755 1411 812 et

328 851 459 922 propter
477 860 571 923 quem
596 846 775 910 retardatus
792 847 849 910 luit
865 865 1051 928 processus,
1070 857 1197 912 servato
1213 847 1242 912 ei
1260 864 1408 926 regressu

327 940 483 1006 adversus
504 958 596 1006 suum
619 952 873 1023 procuratorem,
890 947 939 1012 vel
963 946 1241 1028 advocatumper
1259 963 1353 1028 quem
1377 945 1409 1009 id

327 1039 491 1118 acciderit,
517 1041 684 1106 autetiam
712 1051 822 1108 contra
848 1045 1018 1120 notarium,
1044 1045 1070 1110 si
1095 1062 1151 1125 per
1173 1061 1245 1110 eum
1272 1045 1409 1118 steterit,

328 1146 401 1218 puta
426 1139 452 1203 si
476 1157 540 1206 non
564 1141 704 1222 potuerit
725 1142 764 1206 ab
787 1159 825 1208 eo
849 1145 940 1225 copia
963 1144 1074 1212 baberi
1101 1145 1333 1224 scripturarum
1360 1143 1410 1208 vel

325 1235 444 1316 iuriam
461 1237 684 1315 exhibitorum,
699 1257 771 1306 oum
787 1243 920 1324 tempori
937 1243 1120 1308 admonitus
1136 1249 1235 1319 esset,
1249 1259 1308 1308 nec
1323 1250 1412 1306 esset

329 1347 414 1401 tanta
443 1337 619 1418 prolixitas,
636 1341 711 1421 quin
739 1341 865 1406 iuterim
891 1341 944 1408 illa
963 1342 1063 1408 scribi
1087 1343 1286 1424 potuissent;
1311 1358 1348 1406 ac
1371 1359 1411 1406 ne

329 1445 556 1516 procuratores
582 1455 618 1503 se
644 1451 798 1506 excusent
826 1459 882 1523 per
909 1442 1081 1518 notarium,
1103 1441 1212 1522 judex,
1236 1439 1264 1505 si
1291 1441 1322 1504 in
1350 1440 1412 1505 boc
1496 1507 1502 1514 ,

218 1593 222 1601 .
329 1535 473 1600 delectus
496 1537 685 1618 reperiatur,
705 1541 901 1620 praescribat
923 1541 1047 1606 notario
1064 1549 1209 1623 tempus;
1226 1539 1281 1622 qui
1303 1540 1328 1603 si
1348 1555 1412 1604 non

329 1635 540 1714 obtemperet,
558 1637 705 1703 retundat
722 1640 800 1719 parti
818 1656 911 1705 suum
929 1640 1098 1706 interesse.

371 1734 541 1799 XXXVIII.
560 1736 596 1800 Et
608 1754 721 1803 omnes
734 1740 860 1806 termini
878 1740 914 1804 ad
930 1739 1049 1824 aliquid
1063 1741 1219 1822 agendum
1237 1739 1414 1804 habeantur

330 1835 536 1915 peremptorii
561 1836 592 1898 in
613 1836 734 1918 judicio
758 1838 804 1902 sic
828 1847 861 1902 ut
884 1841 1069 1903 contineant
1084 1840 1301 1904 exclusionem
1319 1837 1358 1901 ab
1373 1854 1414 1900 eo

330 1935 414 2014 quod
440 1937 596 2017 agendum
619 1946 679 2010 est,
705 1947 735 2000 et
759 1939 912 2002 transitus
934 1938 987 2002 liat
1009 1940 1046 2001 ad
1071 1939 1306 2018 expeditionem
1332 1937 1411 2010 litis,

334 2049 391 2097 uec
410 2035 534 2113 possint
558 2036 723 2116 prorogari
747 2037 796 2101 vel
817 2037 1008 2114 continuari,
1027 2037 1088 2102 nisi
1110 2054 1259 2102 excausa
1280 2036 1364 2117 justa
1381 2045 1414 2099 ct

332 2131 516 2208 sufficienti,
534 2134 629 2214 idque
651 2152 706 2214 per
721 2137 827 2200 solum
841 2135 992 2216 judicem,
1011 2154 1074 2202 non
1097 2155 1152 2218 per
1169 2144 1414 2218 procuratores:

332 2231 388 2295 sed
413 2231 527 2296 dentur
550 2233 675 2298 termini
700 2251 757 2299 seu
781 2235 952 2302 dilationes
977 2253 1034 2317 pro
1058 2235 1209 2318 qualitate
1235 2235 1304 2317 ejus
1328 2234 1414 2316 quod

333 2329 382 2410 agi
399 2330 504 2407 debet,
523 2341 553 2396 et
569 2332 640 2413 alijs
656 2333 921 2400 circumstantiis.

375 2428 514 2493 XXXIX.
542 2431 726 2496 Retineatur
757 2450 826 2497 mos
852 2433 891 2498 de
921 2433 1089 2514 signandis
1115 2432 1230 2499 litteris
1257 2431 1418 2514 primariis

335 2545 391 2608 per
407 2528 599 2610 signatorem
619 2529 851 2596 [niversitatis.

378 2627 439 2690 XL.
466 2627 499 2690 ln
522 2631 638 2709 quibus
661 2632 792 2695 mutatio
815 2633 895 2696 lacta
913 2649 975 2696 non
999 2633 1072 2708 erit,
1089 2641 1235 2697 servetur
1259 2646 1336 2694 usus
1358 2647 1418 2693 seu

337 2728 439 2807 stylus
456 2737 651 2808 postremus,
668 2730 807 2810 alioquin
823 2731 875 2812 jus
891 2747 1072 2796 commune.

382 2825 529 2892 xillae
559 2835 663 2892 autem
700 2831 960 2895 contraveniatur
994 2829 1252 2894 ordinationibus
1289 2827 1358 2892 istis
1388 2835 1421 2891 et

341 2925 454 2989 abeant
475 2926 505 2988 in
529 2928 784 3002 desuetudinem,
802 2931 950 2994 volumus
973 2939 1005 2994 ut
1028 2929 1188 3010 pendeant
1210 2931 1287 2993 baec
1302 2935 1421 2991 statuta

340 3027 370 3087 in
388 3025 459 3090 loco
472 3025 595 3108 judieii,
611 3044 669 3092 nec
687 3043 748 3091 non
765 3029 796 3091 in
809 3045 933 3092 camera
947 3029 1117 3110 scriptoria
1131 3028 1258 3106 notarii,
1273 3043 1420 3090 unacum

340 3125 491 3188 extractis
514 3133 706 3192 statutorum
731 3127 953 3194 Universitatis
977 3145 1088 3192 eorum
1112 3145 1192 3208 quae
1216 3125 1419 3192 observanda

341 3233 415 3288 sunt
432 3225 522 3290 dere
535 3225 716 3306 iudiciaria.

382 3323 477 3386 XLll.
504 3323 644 3388 Habeant
666 3342 742 3390 vero
767 3326 881 3390 notarii
906 3334 937 3390 et
960 3333 1187 3406 procuratores
1214 3320 1422 3387 honorarium

341 3439 434 3486 suum
452 3423 483 3484 in
500 3423 587 3488 curia
604 3423 847 3490 conservatoris
863 3425 956 3488 sicuti
974 3425 1090 3488 babent
1109 3423 1141 3488 in
1157 3423 1245 3488 curia
1262 3419 1423 3494 bectens,

341 3529 372 3586 et
385 3522 477 3585 etiam
492 3521 522 3584 in
537 3522 644 3586 causis
657 3523 824 3603 delegatis,
839 3525 987 3588 nimirum
1001 3525 1083 3588 duos
1094 3533 1149 3588 aut
1162 3532 1227 3586 tres
1244 3517 1425 3600 respective

341 3619 482 3686 stuleros
501 3638 558 3700 pro
575 3639 702 3706 quoque
719 3623 867 3700 termino,
882 3633 912 3687 et
930 3623 1123 3688 tantumdem
1142 3621 1254 3684 babeat
1270 3619 1424 3682 adsessor

341 3718 505 3798 injudicio
523 3736 689 3802 praesens.

381 3817 489 3881 xtttl.
522 3819 755 3886 Executoribus
792 3839 917 3902 quoque
957 3838 1050 3886 suum
1087 3821 1236 3884 salarium
1273 3817 1423 3880 diurnum

340 3925 509 3996 statuetur,
526 3921 654 3999 quaudo
680 3931 754 3984 sunt
782 3921 812 3982 in
840 3920 979 3984 realibus
1005 3917 1247 3986 elocutionibus
1274 3931 1333 3996 pro
1355 3913 1425 3976 dis-

342 4015 484 4080 cretione
501 4017 647 4082 Rectoris
664 4029 694 4082 et
709 4021 944 4098 deputatorum.

385 4112 489 4178 xttv.
514 4111 1427 4194 Nulluscliiciatorum(curiaeCOnservatorispraecipue),

346 4225 587 4291 procuratorum
610 4227 663 4280 aut
687 4217 896 4293 notariorum,
915 4215 1030 4297 poterit
1054 4231 1109 4295 per
1131 4231 1166 4278 se
1189 4212 1287 4277 citare
1304 4218 1426 4290 partem
