3100 4942
831 619 871 682 ll.

305 770 351 836 tr
359 785 438 850 prope
449 763 575 850 Eupiuc
585 769 633 832 lt'
645 769 774 832 occcrdc
785 785 854 830 oux
870 765 1110 846 ecclisiosliquee
1125 765 1163 828 dc
1177 759 1396 828 ilirticersiti:

335 872 375 942 ol
396 869 433 930 dr
448 865 542 930 rr’lrre
566 875 653 930 lenus
676 869 696 930 ὰ
717 869 865 942 receuoir,
882 867 909 927 ei
931 883 964 927 tr
979 863 1053 928 n'esl
1073 865 1161 942 optio
1184 881 1225 926 uir
1242 871 1336 925 terme
1357 862 1397 924 dc

348 973 413 1044 arpi
428 967 555 1040 altrices,
570 966 600 1028 le
614 967 755 1028 dioccttol
775 963 886 1046 auquel
901 963 939 1026 ila
951 971 1081 1042 pteuurttl
1103 963 1167 1025 titre
1181 961 1295 1040 ubliqu
1310 959 1346 1022 dc
1361 975 1393 1024 se

348 1066 426 1146 scitu
447 1065 645 1146 prontouucir
668 1067 688 1126 b
708 1065 812 1128 tuisotr
840 1064 876 1125 dr
898 1063 1046 1140 bittilires
1072 1063 1146 1124 dotti
1165 1059 1204 1124 iis
1222 1061 1398 1139 iouisscnl5

350 1165 378 1240 bl
403 1164 441 1226 dc
465 1164 593 1244 patruoir
620 1181 653 1226 cc
677 1163 770 1226 livrct·
797 1165 817 1226 d
843 1161 954 1224 l‘uurle
979 1163 1021 1224 tlrt
1047 1161 1126 1222 droit
1154 1157 1224 1222 civil
1249 1165 1277 1221 cl
1302 1159 1339 1220 dc
1364 1157 1398 1220 lc

350 1262 502 1326 raimone
517 1262 634 1343 molqri
648 1262 692 1326 ies
707 1261 849 1340 dilcrrsca
864 1259 1050 1339 concitiques
1065 1261 1082 1321 d
1099 1265 1144 1322 ccl
1156 1257 1261 1338 dperd.

739 1405 770 1464 lit
792 1410 862 1464 catil
886 1407 966 1466 illu.

460 1551 532 1606 Tilrc
552 1555 591 1604 du
610 1556 759 1605 souverain
776 1555 884 1616 pontise
903 1554 931 1602 et
949 1563 1052 1616 arengo
1071 1565 1106 1602 ou
1123 1549 1244 1612 preloce.

347 1689 501 1753 ducemus
524 1705 682 1753 crisconius
702 1705 815 1752 smnus
836 1703 991 1752 saccuucii
1014 1705 1073 1752 cst.
1087 1685 1136 1750 llo
1156 1699 1396 1748 mercturam

307 1801 476 1853 naucum.
494 1793 686 1868 teuprerno
701 1797 793 1867 patre
810 1787 945 1850 familias
956 1788 989 1848 in
1005 1787 1102 1850 domo
1116 1785 1238 1849 domini
1255 1799 1394 1863 superus

308 1887 509 1969 prouidentia
522 1887 765 1966 dispensatores
782 1885 1049 1950 insufficientibus
1064 1899 1254 1964 quamquem
1271 1881 1397 1946 tuerilis

307 1985 424 2060 eflecti,
443 1985 525 2050 inter
541 2002 635 2050 curos
651 1986 836 2049 innumeras
859 1985 976 2063 qulbus
993 2001 1098 2048 rerunt
1123 1981 1396 2063 negociorumque

308 2079 514 2147 varietatibus
544 2081 742 2159 obsidemur,
770 2081 989 2147 sollicitudine
1015 2093 1225 2162 perurgemur
1249 2077 1393 2153 assidue,

308 2182 394 2264 quod
423 2184 463 2246 tul
493 2183 622 2247 domum
649 2182 754 2262 ipsum
782 2182 941 2261 sapientie
968 2182 1180 2260 doctrinaque
1215 2177 1397 2242 ministerio

310 2297 438 2364 plepem
468 2283 560 2346 nobis
581 2281 739 2348 creditum
766 2281 938 2346 salubriter
963 2297 1149 2355 edocemus,
1173 2279 1256 2342 votis
1282 2293 1394 2356 prose·

307 2389 442 2460 quontes
456 2380 510 2443 ills
525 2380 689 2459 precipuis
706 2397 841 2459 perque
856 2380 934 2442 viris
951 2379 1127 2442 litterarum
1152 2377 1260 2442 studio
1276 2375 1392 2440 deditis

306 2478 545 2543 amminiculum
560 2480 704 2558 tamdem,
721 2487 754 2542 vl
768 2479 885 2558 quibus
899 2478 997 2544 diuini
1015 2477 1154 2542 nominis
1166 2487 1198 2540 et
1212 2476 1396 2540 orthodoxe

308 2575 381 2641 fidei
398 2577 505 2640 cultus
520 2577 672 2657 adaugeri
687 2576 898 2657 conspicitur,
916 2575 1068 2655 scienciis
1086 2577 1302 2640 illustrentur.

342 2723 491 2791 suppreme
510 2731 542 2778 dc
561 2725 738 2780 i'Uniccrsild
755 2734 778 2780 ol
798 2731 951 2780 concessum
973 2730 1006 2778 de
1025 2729 1053 2778 ln
1072 2731 1172 2790 saoeur
1192 2723 1352 2777 semaam.

350 2862 431 2926 ilinc
452 2872 503 2928 est
524 2864 609 2944 quod
634 2881 705 2938 uos,
722 2861 911 2928 dilectorum
934 2861 1071 2927 liliorum
1096 2861 1243 2926 [lectoris
1269 2875 1393 2924 rrectton

309 2961 493 3034 Doctomm,
525 2962 747 3042 magistrorum
778 2975 809 3028 ot
835 2963 1009 3028 scolarium
1039 2960 1257 3024 uniuersitatis
1292 2957 1394 3039 Studip’

304 3057 399 3139 Opidi
417 3059 640 3136 bouaniensis,
661 3061 850 3126 beodicnsis
865 3060 1018 3133 diocesis,
1040 3061 1070 3122 in
1090 3059 1149 3124 hoc
1165 3069 1254 3138 parte
1270 3058 1393 3138 suppli·

305 3157 487 3222 caltionibus
512 3158 665 3234 inclinati,
692 3176 764 3223 cum
791 3159 940 3223 cornibus
965 3170 996 3222 et
1022 3159 1160 3234 singulis
1185 3157 1393 3232 ltoctcribus,

305 3253 466 3336 Mugionis
491 3270 523 3322 et
548 3257 730 3322 scolaribus
759 3257 800 3322 dc
827 3258 1037 3323 vuluersitatc
1062 3256 1163 3337 Studip'
1193 3257 1388 3328 huiusmodi,

307 3355 509 3420 secularibus
535 3373 572 3420 ac
606 3356 819 3436 regularibus,
853 3357 971 3422 ibidem
1009 3357 1039 3418 in
1070 3371 1270 3437 quocumque
1307 3355 1392 3418 licitu

308 3452 458 3518 lacultalc
473 3455 655 3535 legentibus
670 3457 720 3520 vel
736 3456 816 3520 ullas
833 3457 1010 3520 litterarum
1027 3456 1135 3520 studio
1151 3453 1391 3535 quomodolibet

309 3553 547 3630 insistentibus,
564 3555 767 3634 presentibus
789 3565 822 3620 et
838 3555 965 3630 tuturis,
982 3557 1035 3635 qui
1053 3554 1271 3634 parrocbioles
1285 3555 1392 3618 eccle-

310 3652 376 3716 sias
400 3653 449 3717 vel
471 3653 532 3716 clia
554 3671 754 3734 quecumque
781 3653 936 3718 beneficio
958 3654 1194 3728 ecclesiastica,
1217 3669 1291 3717 cum
1314 3668 1389 3717 curs

308 3753 358 3816 vel
380 3752 561 3828 siccome,
581 3754 740 3817 secularia
764 3754 812 3817 vel
836 3753 1006 3834 regulario,
1024 3770 1136 3817 sacros
1158 3753 1290 3816 ordines
1313 3768 1392 3832 quo·

307 3849 484 3914 modolibel
499 3851 712 3932 requirencia,
734 3853 879 3917 obtinent
902 3863 933 3917 et
957 3853 1166 3931 imposterum
1189 3851 1388 3924 obtinebunt,

306 3948 407 4012 eciam
420 3950 447 4012 si
465 3949 619 4014 benelicia
633 3952 817 4015 huiusmodi
832 3952 1038 4015 canonicatus
1054 3961 1086 4015 el
1103 3949 1276 4031 prebende.
1291 3949 1394 4030 digni-

307 4057 401 4121 tates,
427 4059 632 4127 personatus,
657 4060 811 4131 perpetue
838 4049 1135 4115 administrationes
1161 4054 1210 4112 vel
1233 4047 1337 4113 officia
1360 4048 1391 4109 in

308 4145 547 4210 cathedralibus
568 4153 599 4212 el
623 4148 878 4228 metropolitanis
901 4159 954 4212 eut
977 4147 1155 4229 collegiatis
1178 4145 1325 4228 ecclesiis
1341 4147 1391 4210 vel
