3100 4942
705 443 889 510 ..131-

257 625 368 707 petitio
390 627 587 700 continebat,
612 627 687 691 licet
708 625 783 690 dicti
806 625 902 707 studij
926 625 1010 706 quod
1036 624 1067 686 in
1092 623 1215 704 prelato
1237 622 1342 703 Opido

255 725 358 789 lelicis
376 725 608 790 recordationis
626 725 780 790 llartinus
797 742 876 807 papa
894 743 937 788 .v.
955 725 1166 802 predecessor
1184 732 1295 788 noster
1307 723 1337 786 in

255 823 407 888 omnibus
421 823 847 905 preterquaminl'lreologie
859 825 909 887 in·
927 825 932 906 Ι
952 821 1340 904 stituitprimo,etdeinde
1400 855 1405 866 ·

257 937 317 986 nos
344 921 457 986 eodem
485 922 718 1002 predecessore
740 923 824 987 sieut
847 923 1006 988 altissimo
1030 921 1149 1002 placuit
1172 920 1212 986 de
1235 921 1340 986 medio

256 1020 384 1085 sublato
407 1021 515 1085 diuina
532 1022 658 1086 lauente
674 1021 850 1087 clemencia
873 1022 911 1086 ad
928 1021 1051 1102 apicem
1075 1019 1191 1085 summi
1211 1028 1341 1100 aposto-

255 1120 337 1183 lalus
362 1119 530 1200 assumpti,
554 1121 654 1185 eciam
683 1121 714 1184 in
743 1121 811 1202 ipsa
834 1119 1007 1202 Tbeologie
1033 1119 1150 1184 ibidem
1177 1119 1288 1200 uigere
1310 1127 1343 1182 et

255 1215 421 1282 observari
446 1209 619 1282 noluimus'
631 1219 833 1283 facultatibus
857 1219 1009 1300 plantatio
1034 1235 1116 1282 noua
1141 1219 1269 1290 existat,
1287 1215 1339 1280 illa

257 1328 363 1380 tamen
386 1315 544 1381 altissimo
568 1328 728 1383 annuente
745 1319 914 1398 plurimum
938 1333 1073 1382 numero
1097 1315 1339 1396 suppositorum

257 1415 367 1496 pollet,
396 1417 523 1480 eteius
551 1417 750 1482 Vniuersitas
780 1419 818 1481 ab
845 1419 914 1482 eius
941 1417 1037 1482 inicio
1067 1417 1184 1480 intelli·
1204 1445 1209 1491 ι
1228 1415 1340 1496 gencie

256 1516 431 1596 splendore
458 1515 637 1580 illustratos
665 1518 810 1596 palmites
838 1517 986 1598 produxit
1016 1525 1047 1581 et
1072 1517 1236 1581 enutriuit.
1264 1514 1341 1579 Cum

255 1624 361 1678 autem
386 1616 469 1678 sicut
491 1615 601 1679 eadem
620 1617 730 1695 petitio
755 1617 978 1696 subiungebat,
998 1617 1071 1680 licet
1095 1615 1250 1694 prelatum
1275 1623 1342 1678 stu·

256 1713 343 1776 dium
367 1713 607 1792 suppositorum
631 1715 833 1780 multitudine
858 1715 985 1798 polleat,
1003 1733 1041 1780 ex
1064 1731 1102 1778 eo
1127 1721 1231 1778 tamen
1255 1712 1340 1793 quod

255 1810 438 1892 quindecim
452 1811 558 1891 quide
575 1823 741 1892 patronatu
758 1814 931 1878 brabancie
946 1831 1002 1893 pro
1016 1824 1159 1893 tempore
1171 1813 1339 1877 existentis

259 1909 357 1974 Ducis
387 1909 487 1974 eciam
517 1921 594 1974 tunc
622 1911 801 1976 existebant
831 1913 862 1974 in
893 1911 1077 1993 collegiatis
1113 1911 1193 1974 iulra
1225 1911 1341 1975 limites

260 2010 401 2072 bucetus
423 2009 599 2074 brabancie
615 2011 869 2076 consistentibus
885 2011 1033 2091 ecclesiJs
1052 2011 1058 2092 Ι
1078 2011 1294 2074 canonicatus
1309 2017 1340 2074 el

258 2107 421 2187 prebende
444 2125 502 2188 pro
518 2111 778 2174 remuneratione
794 2111 921 2174 illorum
945 2109 997 2190 qui
1016 2111 1047 2172 10
1066 2110 1136 2189 ipso
1158 2109 1266 2172 studio
1284 2123 1342 2188 pro

256 2216 402 2286 tempore
417 2206 524 2288 legent
540 2218 570 2271 et
587 2219 698 2289 regent
714 2209 773 2273 sub
789 2210 886 2274 certis
903 2209 1006 2273 modis
1023 2219 1053 2272 et
1070 2208 1182 2274 lormis
1198 2207 1340 2288 deputati

257 2304 358 2368 eciam
375 2305 401 2367 si
418 2305 643 2385 depurationes
659 2307 841 2372 huiusmodi
866 2308 974 2372 sortiri
994 2317 1126 2388 possent
1148 2306 1243 2370 sicuti
1262 2321 1340 2371 non·

256 2403 332 2466 dum
357 2404 387 2465 10
412 2403 562 2469 omuibus
585 2408 700 2474 sortite
721 2417 795 2471 sunt
819 2407 967 2472 ellectum
994 2407 1120 2487 plenum
1146 2416 1177 2470 et
1200 2405 1342 2471 debitunt

257 2518 316 2582 pro
333 2503 460 2567 illorum
480 2505 738 2570 remuneratione
755 2524 817 2569 000
834 2506 1007 2581 sufficiunt,
1023 2516 1053 2570 et
1069 2506 1189 2569 dictum
1206 2503 1342 2585 Opidum

257 2600 332 2665 licet
356 2603 447 2664 locus
473 2603 701 2668 amenissimus
724 2606 815 2683 copia
842 2621 948 2669 rerum
973 2616 1004 2668 et
1027 2617 1143 2684 tempe·
1164 2607 1169 2685 Ι
1190 2604 1236 2668 110
1259 2603 1343 2668 30113

257 2709 353 2780 atque
369 2699 440 2780 aliis
457 2702 650 2783 necessariis
673 2705 955 2768 commoditatibus
978 2703 1128 2777 10131103,
1146 2720 1183 2765 30
1197 2702 1235 2766 31
1260 2701 1343 2766 reci-

258 2797 410 2878 piendum
427 2809 458 2864 et
475 2803 719 2866 sustentandum
736 2805 885 2883 generale
902 2803 1042 2867 studium
1060 2802 1231 2882 plurimum
1248 2809 1342 2880 aptus

256 2910 289 2962 et
319 2896 455 2962 idoneus
483 2900 610 2978 existat,
639 2901 777 2980 demptis
806 2903 941 2983 gabellis
971 2903 1042 2966 siue
1066 2900 1192 2981 assisijs
1223 2899 1341 2965 ibidem

257 2995 341 3060 solui
358 3007 389 3061 et
402 2997 500 3078 recipi
518 2999 635 3074 solitis,
649 3018 686 3064 ac
702 3019 738 3064 ex
757 3001 821 3064 illis
835 2999 1101 3081 prouenientibus
1117 2999 1345 3064 emolumentis

257 3111 321 3176 que
336 3095 458 3176 absque
478 3097 611 3160 licencia
630 3100 794 3162 uoluntate
817 3099 886 3163 siue
904 3100 1093 3180 permitione
1118 3099 1229 3177 pretau·
1248 3098 1344 3162 [lucis

258 3193 357 3274 recipi
387 3205 568 3276 nequeunt·
584 3197 681 3261 tantis
704 3198 907 3262 lacultatibus
932 3197 962 3259 in
989 3198 1151 3261 communi
1171 3198 1177 3276 Ι
1198 3214 1261 3261 000
1288 3196 1344 3260 13·

258 3291 378 3356 bundat
403 3293 443 3356 de
468 3294 586 3374 quibua
609 3297 639 3357 in
668 3296 729 3377 lrijs
753 3297 941 3360 indeficiens
966 3295 1109 3375 prouisio
1134 3297 1201 3360 beri
1227 3295 1340 3368 ualeat,

258 3391 319 3471 ipsi
337 3392 537 3458 Vniuersitas
560 3393 655 3475 studij
679 3395 732 3474 uui
749 3395 829 3458 alias
853 3411 915 3458 uon
942 3393 1060 3460 babent
1084 3395 1167 3458 unde
1182 3394 1342 3474 Magistris

257 3490 452 3556 Ductoribus
476 3493 658 3558 Licentiatis
680 3511 717 3558 ac
738 3494 810 3575 alijs
832 3493 863 3556 iu
886 3495 972 3558 dicto
995 3495 1101 3558 studio
1125 3511 1182 3574 pro
1199 3507 1343 3574 tempore

258 3589 441 3670 legentibus
464 3601 495 3655 et
522 3594 708 3674 regentibus
732 3611 789 3673 per
811 3610 947 3675 quorum
975 3593 1193 3658 doctrinarum
1221 3592 1342 3658 semina

259 3687 449 3752 mortalibus
467 3688 651 3756 bominibus
674 3691 712 3754 ad
730 3692 811 3756 bene
824 3691 990 3772 ,beateque
1006 3691 1180 3756 uiuendum
1204 3693 1252 3755 via
1270 3708 1342 3772 pre·

258 3783 353 3848 betur
368 3794 399 3848 et
412 3785 454 3848 illi
468 3787 506 3850 ad
521 3789 658 3852 archana
677 3789 783 3853 mundi
797 3789 1024 3870 cognoscenda
1038 3789 1248 3854 introducuu·
1266 3791 1272 3870 Ι
1292 3799 1343 3854 101

258 3899 403 3963 congrue
433 3887 595 3964 prouideri
624 3889 752 3968 poterit,
781 3888 998 3968 multipliciter
1025 3891 1156 3952 timeant
1181 3891 1265 3969 quod
1293 3887 1344 3952 sui

259 3981 400 4063 alumpni
429 3995 490 4048 tam
517 3987 649 4067 copiose
671 3995 798 4069 tamquo
821 3988 985 4052 fructuose
1010 3989 1114 4052 allecti
1137 3989 1179 4052 ob
1204 3989 1290 4052 dotis
1312 3994 1345 4052 et

259 4079 483 4146 alimentorum
515 4085 646 4165 prelatis
678 4086 839 4168 blagistris
870 4086 1061 4152 lloutoribus
1093 4087 1283 4152 Liceuciatis
1310 4095 1343 4151 ct

259 4179 332 4260 alijs
348 4179 528 4261 legentibus
544 4196 575 4250 et
591 4187 776 4267 regentibus
793 4204 851 4268 pro
869 4196 1011 4268 temporo
1027 4187 1213 4252 necessario
1230 4185 1344 4252 minio·
