3246 4944
746 429 931 500 -est-

299 634 370 682 mus
394 625 427 682 ut
449 616 481 680 in
498 617 609 682 decani
626 616 784 684 electione
799 635 912 683 omnes
934 627 964 682 et
984 617 1099 698 singuli
1117 616 1285 699 utriusque
1298 615 1384 696 juris

296 717 495 781 baccalaurei
525 717 654 798 antiquo
691 733 791 792 more,
824 717 960 797 singulis
991 717 1213 792 semestribus‚
1250 733 1286 780 ea
1319 733 1380 797 qua

221 897 225 906 .
296 817 387 881 decet
413 817 569 889 libertate.
591 833 646 880 sua
673 815 824 898 suffragia
853 817 879 880 ei
904 816 1092 897 largiantur,
1115 833 1222 898 prtem,
1244 817 1383 880 dictante

295 915 503 990 coruscientia,
532 915 812 980 baccalaarccrum
849 915 986 996 collegio
1020 925 1051 979 et
1087 915 1224 995 publicis
1260 915 1382 978 sobolis

298 1013 432 1077 maxintc
449 1014 597 1078 idoneum
616 1015 789 1094 utilemque
809 1014 1036 1093 iudicauerint,
1056 1031 1118 1078 non
1136 1012 1242 1078 babitu
1259 1013 1382 1076 ratione

297 1131 335 1176 nn
365 1113 567 1192 praecedenti
596 1113 743 1178 semestri
768 1113 836 1178 fisci
860 1113 967 1178 officio
995 1115 1122 1178 iunctus
1147 1113 1240 1177 tuerit
1265 1129 1380 1182 caenez

297 1212 501 1294 strictissime
524 1211 717 1286 inhibentes,
737 1229 775 1276 ne
798 1212 956 1292 qrrispiam
983 1224 1014 1276 ut
1037 1212 1074 1274 ad
1100 1213 1210 1276 decani
1235 1211 1285 1275 vel
1313 1210 1382 1274 dsci

296 1309 435 1376 officium
460 1312 628 1391 pertingat,
648 1311 696 1375 vel
721 1328 851 1376 munera
876 1310 1017 1391 elargiri,
1036 1312 1083 1374 vel
1112 1311 1272 1391 symposia
1296 1311 1383 1375 cxlii·

297 1410 449 1484 hereret
476 1409 548 1474 aliis
574 1402 697 1474 artibus
725 1411 768 1474 uti
797 1411 858 1474 ulla
886 1411 1009 1474 ratione
1038 1421 1230 1490 praesumat.
1253 1409 1283 1472 Si
1310 1409 1383 1490 quis

297 1517 401 1572 antem
429 1515 540 1573 contra
567 1509 647 1572 lianc
676 1508 1035 1573 nostram-voluntatem
1063 1517 1094 1572 ct
1121 1509 1382 1573 constitutionem

298 1607 414 1694 aliquid
433 1607 494 1671 tale
511 1607 774 1688 praesumpserit,
790 1624 862 1671 eum
878 1608 1042 1687 perpetuis
1056 1608 1171 1672 lutaris
1186 1607 1385 1688 temporibus

299 1705 469 1769 inhabilem
486 1715 516 1770 ct
530 1705 710 1784 incapacem
724 1706 761 1768 ad
777 1706 973 1786 praedictum
988 1705 1100 1770 decani
1115 1717 1143 1770 ut
1161 1707 1227 1768 sisci
1243 1705 1382 1769 odicium

296 1803 499 1870 decernimus
522 1813 553 1868 el
575 1805 789 1878 declaramus,
814 1813 845 1869 el
868 1805 1015 1870 eumdem
1040 1821 1078 1870 ex
1102 1822 1200 1878 ruane,
1226 1815 1320 1885 prout
1348 1823 1383 1867 cx

297 1914 382 1978 tunc,
407 1920 425 1968 a
448 1904 612 1984 praedicto
636 1903 918 1968 baccalaureorum
942 1904 1079 1984 collegio
1107 1903 1327 1968 abscindimus
1353 1913 1385 1966 ct

298 2003 473 2084 rejicimus
501 2003 687 2067 mandantes
715 2002 813 2082 priori
845 2012 875 2066 et
905 2003 1074 2067 doctorum
1106 1989 1273 2085 utriusque
1300 2002 1383 2082 iuris

299 2103 447 2183 collegio
465 2102 525 2166 sub
543 2118 643 2182 poena
660 2112 788 2166 nostrae
813 2101 1043 2182 indignationis
1066 2111 1096 2166 et
1120 2103 1179 2165 elia
1202 2101 1383 2176 arbitraria,

303 2219 340 2266 ne
367 2202 404 2264 ad
433 2200 609 2280 predictum
636 2201 747 2264 decani
776 2200 824 2264 vel
853 2199 921 2264 fisci
949 2200 1089 2264 officium
1117 2216 1265 2280 utinquam
1290 2199 1384 2264 talem

300 2300 485 2373 admittant;
503 2307 534 2362 et
549 2298 575 2362 si
593 2315 687 2380 quem
703 2297 810 2378 aliquo
828 2298 1063 2378 praedictorum
1088 2301 1255 2362 modorum
1272 2298 1384 2361 decani

300 2399 348 2463 vel
381 2398 449 2462 tisci
480 2396 618 2461 officium
649 2396 820 2460 ambivisse
850 2407 938 2461 certo
969 2407 1166 2477 compertam
1204 2397 1384 2469 lrabuerim,

299 2499 446 2561 volumus
484 2507 528 2568 ut.
564 2505 732 2576 antequam
770 2477 807 2558 ¹ad
848 2496 1036 2560 electionem
1077 2496 1280 2575 procedatur,
1312 2511 1385 2558 eum

301 2595 505 2674 ineligibilem
523 2605 553 2658 et
570 2594 752 2674 incapacem
769 2593 944 2658 declarent.

815 2757 874 2821 CV.

348 2891 538 2958 Ordinamus
554 2892 647 2976 etiam
663 2901 694 2958 et
710 2904 859 2974 perpetua
872 2892 942 2972 lege
954 2891 1128 2966 sarroimus,
1140 2903 1172 2956 ut
1186 2893 1215 2956 in
1229 2893 1388 2956 structione

306 2992 419 3057 decani
457 2993 504 3055 vel
542 2991 609 3054 fisci
645 3009 737 3055 nemo
768 2990 954 3070 suffragium
986 2991 1111 3063 babeat,
1145 2994 1204 3054 uisi
1235 2993 1287 3071 qni
1319 3002 1386 3054 tuto

307 3090 450 3172 proximo
477 3100 548 3154 ante
574 3089 763 3154 electionem
791 3088 942 3152 trimestri
975 3089 1201 3154 baccalaureus
1231 3090 1333 3156 l'uerit.
1357 3101 1388 3152 et

304 3189 430 3270 collegii
447 3188 596 3254 exercitia
614 3189 764 3252 continue
781 3187 1041 3268 frequentaverit.

808 3341 882 3405 cvl,

347 3475 609 3560 Quandoquidem
646 3483 750 3540 autem
787 3475 1010 3539 Universitatis
1052 3486 1180 3540 nostrae
1220 3476 1385 3557 splendor,

306 3576 461 3657 cujusque
477 3574 634 3639 facultatis
650 3573 819 3638 celebritas
835 3583 866 3638 et
889 3575 1083 3654 reipublicae
1106 3593 1233 3656 rpuopue
1257 3587 1387 3642 nostrae

305 3677 424 3742 bonum
450 3675 582 3737 maxima
600 3691 637 3738 ex
661 3681 749 3754 parte
765 3689 803 3738 ex
820 3689 858 3736 eo
874 3673 1066 3753 dependent,
1086 3685 1119 3738 ut
1134 3675 1171 3737 ad
1189 3675 1386 3740 doctoralem

305 3773 446 3838 lauream
473 3789 535 3836 noo
563 3771 769 3836 admittantur
795 3771 855 3836 nisi
882 3771 940 3834 viri
968 3772 999 3834 in
1027 3789 1063 3836 ea
1095 3763 1240 3846 scicntia,
1265 3774 1295 3835 iu
1326 3791 1389 3854 qua

235 3897 240 3902 ·
305 3873 416 3936 volunt
439 3871 632 3950 promoveri,
651 3869 899 3950 praeclarissimi
923 3879 954 3933 ct
975 3873 1110 3935 maxime
1126 3872 1316 3948 eminentes,
1334 3873 1389 3953 qui

305 3970 423 4050 ingenii
449 3969 623 4034 acrimonia
650 3980 682 4032 et
709 3969 829 4033 laboris
856 3969 1018 4049 iulatigata
1044 3973 1221 4034 constantia
1249 3971 1285 4033 ad
1316 3987 1387 4036 earn

307 4085 482 4148 pervenere
497 4069 663 4132 doctrinae
680 4067 950 4148 praecellentiam,
970 4077 1001 4132 ut
1019 4069 1158 4133 tacuttatt
1180 4086 1256 4134 suae
1273 4071 1387 4136 boucri

307 4175 339 4232 et
362 4165 554 4246 reipublicae
578 4175 707 4230 nostrae
730 4168 822 4230 utiles
838 4183 912 4230 esse
929 4168 1066 4248 possint,
1084 4168 1156 4232 ideo
1173 4168 1203 4230 iu
1221 4185 1259 4232 eo
1275 4169 1386 4250 singu·

307 4264 416 4329 lariter
442 4266 534 4329 nobis
564 4265 793 4344 prouidendum
824 4282 897 4329 usse
926 4266 1145 4330 existimamus
1177 4278 1220 4342 ut,
1245 4267 1386 4332 exclusis
