3112 4942
745 488 911 578 ,12-

289 745 463 798 Annulolton
482 747 528 799 des
547 747 652 796 clauses
674 747 707 798 dc
725 747 797 796 droit
816 759 943 795 commun
964 745 1114 795 contraires
1137 747 1155 794 d
1175 745 1203 793 la
1222 745 1375 794 concesston

734 838 772 886 du
789 837 931 900 pricillae.
1379 831 1383 848 ’

330 974 400 1039 Νοη
427 973 629 1038 obstantibus
651 973 678 1038 si
703 973 835 1054 primam
859 973 890 1036 in
907 972 1056 1052 ecclesiis
1071 973 1142 1055 siue¹
1164 971 1245 1038 locis
1261 971 1380 1054 liuius,

291 1073 375 1138 modi
403 1088 465 1136 non
493 1071 628 1138 fecerint
654 1073 856 1152 personalem
885 1071 1097 1136 residenciam
1125 1079 1322 1147 corrsuetam,
1339 1085 1378 1134 au

290 1183 351 1236 tam
375 1170 477 1236 tellcts
500 1170 735 1236 reeordationis
750 1170 903 1251 Bonitaeij
929 1187 1009 1252 pape
1032 1170 1107 1250 eiij.
1133 1168 1379 1250 predecessoris

289 1270 404 1345 nostri,
425 1287 481 1352 per
502 1287 597 1351 quatu
620 1269 850 1336 concessiones
869 1287 967 1351 super
983 1269 1198 1350 percipiendis
1218 1267 1377 1332 lructibus

291 1369 475 1436 huiusmodi
492 1371 563 1434 sinc
575 1368 777 1448 prefinitione
790 1369 945 1450 temporis
960 1368 1028 1434 tueri
1046 1368 1267 1449 prohibemur,
1281 1383 1377 1448 quam

292 1468 364 1550 alijs
379 1469 567 1549 apostolicis
583 1477 614 1533 ot
630 1468 660 1530 in
679 1468 931 1548 prouincialibus
950 1485 988 1532 ac
1003 1467 1210 1549 synodalibus
1230 1465 1380 1546 concilijs

292 1568 386 1634 editis
408 1567 705 1644 constitutionibus,
728 1584 853 1633 necnon
875 1568 1004 1634 statutis
1030 1578 1062 1632 ct
1088 1565 1378 1632 consuetudinibus

292 1667 501 1734 eeclesiarum
523 1667 594 1732 siue
610 1667 759 1734 locorum
780 1666 963 1730 ltuiusmodi
982 1665 1165 1746 contrariis,
1183 1665 1381 1738 iuramento,

294 1765 537 1832 confirmatione
549 1766 726 1846 apostolica
739 1766 788 1830 vel
802 1781 1003 1846 quacumque
1016 1764 1164 1830 tirmitate
1180 1763 1240 1827 alia
1252 1761 1379 1827 vallatis

293 1864 558 1946 quibuscumque,
572 1863 672 1928 eciam
685 1864 712 1926 si
726 1865 765 1928 de
778 1863 841 1928 illis
853 1862 1023 1928 struendis
1039 1873 1070 1926 et
1086 1880 1149 1926 non
1166 1860 1377 1943 impetrandis

294 1962 410 2028 litteris
432 1962 619 2043 apostolicis
641 1973 753 2027 contra
779 1979 827 2037 ea,
852 1969 885 2026 et
910 1961 990 2042 ipsis
1016 1961 1130 2028 litteris
1154 1977 1217 2026 non
1243 1959 1375 2035 utendo,

296 2062 396 2126 eciam
419 2061 458 2126 ab
480 2061 543 2126 alic
558 2061 607 2127 vel
628 2061 700 2142 alijs
714 2061 890 2144 impetratis
906 2078 963 2126 seu
979 2061 1059 2126 alias
1074 2059 1288 2141 quouismodo
1304 2074 1381 2123 con·

295 2160 411 2232 cessis,
428 2159 503 2225 dicti
525 2160 705 2226 beneficiati
724 2161 923 2240 prostiterint
945 2161 1100 2226 ltactenus
1122 2159 1171 2226 vel
1188 2159 1220 2222 iu
1236 2159 1378 2224 futurum

295 2277 354 2325 eos
370 2269 514 2339 prestare
530 2261 701 2341 contigerit
716 2259 849 2325 forsitan
863 2259 1098 2341 juramentum,
1115 2275 1172 2324 seu
1190 2257 1216 2322 si
1234 2258 1378 2322 locorum

296 2357 468 2440 ordinariis
484 2376 501 2422 a
517 2359 595 2424 sede
610 2359 786 2439 apostolica
809 2361 851 2424 sit
873 2375 1064 2424 concessum
1082 2359 1130 2422 rel
1154 2358 1280 2422 inarrtue
1300 2371 1380 2424 cona

297 2457 367 2522 cedi
384 2458 547 2539 corilingat
562 2459 645 2540 quod
662 2458 836 2524 canonicos
851 2467 883 2522 et
898 2468 1041 2524 rectores
1058 2474 1095 2520 ac
1111 2473 1267 2538 personas
1278 2455 1381 2534 ‹settle-¹

298 2555 417 2620 siarum
434 2572 563 2621 suarum
577 2557 740 2622 ciuitatum
753 2567 784 2622 et
796 2557 986 2632 diocesium,
1000 2555 1100 2620 eciam
1114 2556 1144 2618 in
1158 2555 1381 2636 dignitatibus,

300 2655 538 2736 personatibus,
556 2656 888 2722 administrationibus
903 2657 953 2721 uel
974 2655 1089 2738 officijs
1112 2654 1305 2720 constitutos
1326 2671 1385 2734 per

299 2753 548 2819 subtractionem
559 2764 772 2836 prouentuum
785 2771 917 2820 suorum
930 2754 1224 2820 ecclesiasticorum
1238 2753 1287 2818 rel
1300 2752 1382 2816 alias

299 2853 493 2934 compatiare
515 2854 641 2918 valcant
656 2853 694 2916 ad
719 2853 923 2919 residendum
948 2852 1161 2933 personaliter
1182 2851 1214 2914 iu
1238 2851 1382 2928 eisdom;

298 2961 351 3016 aut
367 2952 393 3014 si
410 2951 532 3016 eisdem
548 2952 720 3035 ordinariis
736 2963 767 3018 el
778 2952 905 3018 dilectis
918 2951 992 3030 sslijs
1004 2950 1153 3032 capitulis
1169 2951 1382 3024 ecclesiarum

298 3049 513 3129 predictarum
535 3051 585 3114 uel
606 3051 776 3132 qulbusuis
801 3051 873 3131 aliis
898 3051 1111 3129 communiter
1132 3051 1181 3116 vel
1208 3050 1337 3114 diuisim
1364 3065 1383 3112 a

299 3149 377 3214 sede
397 3151 538 3230 predicta
559 3151 601 3215 sit
620 3153 778 3217 indultum
793 3153 843 3216 rel
862 3152 892 3214 in
910 3162 1074 3233 posterum
1091 3151 1264 3233 contigerit
1278 3150 1383 3215 indul·

298 3249 377 3330 geri,
395 3250 477 3331 quod
503 3251 668 3316 canonicis
690 3259 721 3318 et
743 3250 924 3316 rectoribus
946 3268 984 3315 ac
1006 3251 1154 3332 personis
1170 3249 1382 3316 ecclesiarum

298 3347 462 3414 ciuitatum
482 3359 514 3414 et
535 3349 712 3424 diocesium
737 3350 964 3432 predictarum,
981 3350 1082 3412 eciam
1106 3349 1136 3410 in
1160 3347 1382 3430 dignitatibus,

299 3447 539 3528 personatibus,
555 3448 885 3526 administrationibus
906 3448 954 3513 vel
975 3447 1090 3528 officijs
1112 3447 1296 3510 constitutis
1319 3463 1384 3512 non

301 3546 518 3612 residentibus
540 3547 572 3610 iu
595 3547 716 3614 eisdem
740 3547 790 3612 rel
813 3548 866 3629 qui
894 3546 1032 3628 primam.
1054 3545 1086 3608 lu
1113 3545 1177 3608 illis
1202 3543 1387 3610 huiusmodi

304 3645 518 3710 residentiam
545 3663 608 3710 nou
635 3646 782 3720 iecerint,
810 3646 944 3720 tructus,
972 3644 1118 3710 redditus
1147 3652 1180 3708 et
1209 3650 1387 3724 prouentus

303 3761 435 3810 suorum
465 3746 694 3812 bertedclorum
721 3745 1016 3810 ecclesiasticorum
1044 3743 1226 3808 ministrare
1254 3742 1386 3807 minime

304 3854 485 3920 teneantur,
502 3855 532 3910 et
553 3846 590 3910 ad
608 3845 639 3908 id
656 3844 804 3925 compelli
820 3843 1028 3924 nonpossint
1043 3859 1100 3923 per
1115 3842 1238 3907 litteras
1254 3850 1384 3922 aposto·

302 3941 383 4006 dicas
410 3960 473 4007 uon
501 3943 654 4008 lactentes
680 3943 806 4024 plenam
833 3951 866 4008 et
891 3957 1076 4022 expressam
1104 3957 1142 4004 uc
1164 3941 1204 4005 de
1226 3940 1325 4006 verbo
1347 3939 1387 4004 ad

302 4042 436 4106 verbum
465 4043 506 4108 dc
535 4042 658 4108 indulto
688 4041 873 4112 huiusmodi
904 4040 1111 4114 mentionem,
1136 4047 1167 4104 et
1191 4038 1389 4120 quibuslibet

303 4139 375 4221 alijs
398 4139 821 4223 privilegiis,,indulgencijs
844 4148 876 4204 et
898 4139 1012 4214 littoris
1038 4137 1226 4218 apostolicis
1252 4153 1388 4218 gencra-

304 4238 390 4304 libus
405 4239 454 4304 vel
474 4239 682 4320 specialibus,
699 4255 975 4321 quorumcumque
995 4248 1143 4304 tenorum
1163 4237 1313 4313 existant,
1330 4251 1390 4318 per
