3112 4942
294 609 365 676 sine
387 607 522 689 strepitu
548 613 579 674 et
601 606 703 691 ligura
723 607 846 684 iudicii,
871 609 902 672 in
926 607 997 690 aliis
1020 625 1098 674 uero
1126 617 1220 690 prout
1241 609 1380 691 qualitas

294 708 495 791 negotiorum
525 707 667 789 exegerit
695 705 822 772 iusticie
849 707 1135 787 complementum
1167 717 1381 788 occupatores

294 824 351 874 seu
375 807 571 880 detentores,
596 806 833 882 molestatores,
854 814 1096 887 presumpturos
1119 815 1150 870 et
1175 807 1382 873 iniuriatores

295 905 491 981 huiusmodi,
517 922 577 970 nec
604 921 667 970 non
694 905 951 972 contradictores
978 905 1139 986 quoslibet
1168 917 1199 970 et
1230 905 1379 982 rebelles,

294 1006 527 1087 cuiuscumque
549 1005 726 1086 dignitatis,
751 1013 866 1080 status,
890 1005 1020 1087 gurdus,
1044 1004 1167 1068 ordinis
1194 1005 1242 1069 uel
1266 1004 1373 1070 eondi-

296 1105 392 1170 tionis
407 1103 582 1181 extiterint,
599 1104 867 1186 quandocumque
883 1105 1171 1184 quotienscumque
1191 1104 1379 1184 expedierit,

292 1203 483 1269 auctoritate
506 1203 684 1285 apostolica
708 1219 949 1284 percensuram
966 1203 1214 1268 ecclesiasticum
1238 1203 1380 1284 appelle·

294 1303 381 1368 tione
411 1302 587 1384 postposita
617 1302 865 1384 compescendo,
896 1302 1043 1368 invocato
1070 1302 1107 1366 ad
1140 1303 1212 1376 boc,
1241 1302 1267 1366 si
1297 1317 1380 1384 opus

293 1402 398 1478 tuerit,
416 1401 534 1468 auxilio
550 1401 671 1467 brachii
689 1401 861 1468 secularis.

292 1569 467 1623 Annutetion
487 1573 533 1622 des
552 1571 657 1622 clauses
674 1573 706 1621 de
724 1572 797 1621 droit
816 1584 942 1622 commun
963 1573 1013 1634 qui
1033 1565 1200 1634 pourr·aient
1223 1571 1379 1621 contraries·

486 1665 513 1714 la
533 1665 601 1714 mise
619 1665 638 1712 d
656 1661 795 1714 ecre'cutiou
816 1664 853 1712 du
873 1664 989 1713 maudut
1008 1663 1185 1725 apostolique.

335 1799 404 1864 lton
428 1798 632 1864 obstantibus
654 1808 715 1863 tem
740 1798 843 1864 telieis
867 1799 1101 1864 recordationis
1123 1797 1276 1879 boniloci]
1299 1813 1380 1878 pepe

296 1898 373 1980 ‚viii
393 1897 635 1978 predecessoris
651 1898 764 1972 nostri,
783 1897 847 1962 illis
864 1898 1034 1979 presentior
1051 1898 1081 1962 in
1099 1897 1216 1979 ouibus
1232 1905 1378 1971 cauetur,

295 2015 333 2062 ne
355 1995 471 2078 aliquis
494 2004 584 2061 extra
606 2013 696 2062 suem
717 1995 880 2063 ciuitatem
902 2006 934 2062 et
957 1997 1124 2074 diocesim,
1142 1996 1205 2062 nisi
1230 1997 1259 2060 in
1284 1997 1382 2060 certis

293 2096 436 2177 exceptis
462 2095 604 2172 casibus,
621 2103 654 2160 et
679 2095 712 2158 in
734 2095 798 2158 illis
826 2096 907 2160 ultra
934 2112 1025 2160 urtam
1052 2095 1168 2162 dietam
1192 2113 1209 2160 a
1233 2096 1297 2160 sure
1322 2112 1382 2160 sue

293 2195 434 2260 diocesis
451 2195 489 2260 ad
508 2194 661 2260 iudicium
683 2204 858 2269 euocetur;
880 2212 937 2260 seu
956 2212 995 2260 ne
1011 2195 1134 2261 iudices
1157 2203 1188 2260 et
1203 2211 1379 2260 conserua-

295 2304 382 2359 tores
398 2311 414 2358 a
432 2293 514 2360 Sede
530 2292 672 2374 deputati
689 2293 831 2374 predicta
846 2303 934 2360 extra
950 2294 1112 2360 ciuitatem
1129 2304 1159 2360 et
1174 2293 1330 2359 diocesim
1349 2293 1378 2358 iu

294 2392 411 2473 quibus
434 2393 576 2474 deputati
600 2391 717 2457 tuerint
732 2401 843 2458 contra
868 2409 1088 2474 quoscumque
1104 2393 1292 2474 procedere,
1307 2392 1378 2456 siue

293 2492 344 2572 ulii
362 2493 412 2557 uel
435 2491 506 2572 alijs
530 2493 617 2558 rices
633 2507 709 2556 suas
731 2490 943 2568 committere,
959 2500 1014 2557 aut
1030 2492 1154 2574 aliquos
1177 2493 1258 2557 vltra
1285 2507 1376 2554 vnum

292 2589 442 2654 dietama
467 2589 529 2654 true
550 2589 692 2656 diocesis
714 2589 900 2654 eorumdem
922 2592 1048 2655 trabere
1064 2600 1261 2672 presumant,
1286 2589 1377 2654 dram-

295 2688 390 2754 modo
416 2688 496 2754 vltra
517 2687 599 2752 duas
621 2687 725 2753 dietas
750 2687 866 2770 aliquis
888 2689 1078 2755 auctoritate
1101 2690 1298 2770 presentium
1315 2705 1377 2752 non

294 2790 454 2862 tr·alratur;
482 2805 538 2854 seu
563 2790 648 2869 quod
671 2787 794 2868 dealijs
817 2804 911 2870 quam
934 2790 974 2854 dc
997 2789 1175 2856 rnarrilcstis
1199 2787 1325 2869 iniuriis
1349 2795 1378 2852 et

294 2886 454 2967 violentiis
476 2895 572 2968 atque
594 2887 752 2968 dampnis,
768 2903 805 2950 ec
827 2886 898 2968 aliis
922 2904 983 2968 que
1007 2887 1187 2952 iudicialem
1213 2887 1379 2968 requirunt

295 2985 487 3066 indaginem,
512 2985 603 3067 penis
627 2986 658 3048 in
681 3002 750 3060 eos,
774 2985 802 3050 si
826 3001 922 3051 secus
945 2987 1081 3067 egerint,
1102 2995 1133 3052 et
1157 2986 1189 3050 in
1213 2987 1242 3050 id
1269 3003 1380 3066 procu-

294 3094 401 3150 rantes
427 3085 573 3160 adiectis,
601 3093 850 3150 conseruatores
880 3103 916 3150 se
947 3085 1128 3151 nullatenus
1155 3085 1377 3160 intromittant,

293 3201 386 3265 uuam
403 3183 475 3263 elijs
491 3183 748 3264 quibuscumque
760 3183 1045 3250 constitutionibus
1061 3202 1078 3249 a
1093 3184 1379 3266 predecessoribus

295 3285 415 3349 uostris
433 3282 582 3347 Romanis
607 3281 815 3346 Porrtillcibus
839 3291 900 3348 tam
925 3283 965 3349 de
984 3283 1147 3366 jndicibus
1170 3283 1326 3366 delegatis
1349 3291 1380 3348 et

292 3381 578 3448 conseruatoribus
604 3397 698 3462 quam
727 3381 875 3461 personis
899 3382 976 3446 vltra
1002 3393 1124 3448 certum
1150 3399 1317 3448 numerum
1340 3381 1377 3445 ad

295 3481 447 3546 iudicium
472 3497 534 3544 non
557 3479 725 3556 vocandis,
742 3487 796 3544 aut
818 3479 890 3561 alijs
912 3481 1008 3547 editis
1028 3499 1090 3563 que
1113 3492 1224 3548 nostre
1247 3488 1380 3562 possent

294 3580 325 3644 in
349 3580 409 3644 bac
431 3587 520 3660 perte
532 3577 747 3659 jurisdictioni
772 3587 826 3644 aut
845 3581 1005 3659 potestati,
1022 3581 1156 3663 eiusque
1172 3581 1275 3646 libero
1290 3597 1378 3646 exer-

294 3679 369 3744 citio
395 3677 636 3760 quomodolibet
661 3676 811 3753 obuiare;
843 3695 899 3743 seu
927 3680 954 3743 si
981 3679 1141 3762 aliquibus
1167 3678 1381 3745 communiter

294 3776 344 3842 rel
371 3775 500 3842 diuisim
526 3794 543 3840 u
570 3775 711 3856 predicta
739 3776 781 3842 sit
805 3777 888 3842 Sede
913 3778 1084 3854 indultum,
1105 3779 1190 3861 quod
1221 3777 1378 3853 interdici,

294 3875 450 3956 suspendi
466 3875 516 3940 vel
531 3875 874 3952 excommunicari,seu
887 3887 976 3942 extra
992 3879 1043 3944 uel
1057 3879 1136 3943 vltra
1152 3885 1239 3943 certa
1255 3879 1324 3942 loca
1341 3877 1379 3940 ad

291 3975 447 4057 judicium
470 3974 599 4040 euocari
622 3991 686 4040 non
711 3976 847 4056 possint,
872 3993 928 4057 per
950 3978 1073 4044 litteras
1095 3979 1292 4058 apostolicas
1316 3993 1377 4040 nou

296 4075 451 4140 iacientes
474 4073 600 4156 plenam
622 4082 654 4140 et
675 4091 862 4156 expressam
885 4093 922 4141 ac
937 4077 977 4143 de
999 4077 1099 4143 verbo
1121 4078 1159 4140 od
1186 4077 1316 4142 verbum
1341 4077 1380 4140 de

296 4171 420 4238 indulto
455 4172 638 4238 huiusmodi
669 4189 706 4238 ac
738 4191 848 4240 eorum
880 4177 1040 4256 personis,
1072 4175 1164 4253 locis,
1196 4175 1378 4251 ordinibus,

299 4271 481 4340 nominibus
504 4271 644 4356 propriis
660 4273 866 4352 mentionem,
882 4283 914 4340 et
936 4275 1078 4358 qualibet
1100 4275 1162 4341 ulia
1178 4275 1263 4341 dicte
1285 4273 1379 4342 Sedis
