3246 4944
735 427 922 493 -630-

765 659 899 724 cxxvt.

329 791 366 856 Et
382 790 454 872 qnia
481 789 511 854 in
529 791 611 856 dicta
631 789 779 858 facultate
794 791 909 857 artium
926 799 1061 871 quatuor
1077 801 1150 856 sunt
1167 790 1371 873 paedagogia,

286 890 318 954 in
342 889 460 972 quibus
481 889 631 970 juventus
655 891 686 953 in
711 889 828 955 studiis
845 889 1079 971 philosophicis
1095 890 1253 966 eruditur,
1271 891 1374 970 placet

289 998 321 1055 nt
336 1007 453 1054 cursus
470 989 565 1072 hujus
582 990 679 1055 studii
696 989 826 1056 biennio
841 989 1036 1062 absolvatur.
1055 988 1204 1053 nimirum
1227 1004 1244 1052 a
1266 989 1372 1054 calen-

286 1088 336 1154 dis
352 1087 497 1154 octobris
515 1089 671 1171 usquead
689 1088 832 1170 eiusdem
850 1087 971 1154 mensis
983 1086 1134 1153 calendas
1149 1087 1223 1152 anni
1239 1087 1373 1154 secundi

286 1187 462 1269 sequentis.

757 1317 904 1382 cxxvh.

329 1468 551 1534 Verumtamen
569 1467 781 1549 promovendi
795 1467 910 1533 dimitti
924 1479 1060 1550 possunt
1072 1485 1089 1532 a
1102 1467 1239 1548 publicis
1251 1468 1373 1534 scholis

288 1583 305 1630 a
322 1565 426 1631 medin
449 1566 657 1648 septembris,
675 1567 813 1633 serratis
838 1577 942 1632 tamen
964 1567 1129 1632 consuetis
1145 1567 1323 1644 exercitiis;
1340 1576 1373 1634 et

174 1677 179 1686 ·
288 1665 395 1731 statim
413 1674 485 1746 post
501 1665 723 1731 dimissionem
740 1667 777 1730 ad
796 1682 927 1733 examen
945 1666 1150 1748 procedatur.

746 1812 909 1880 cxxvht.

329 1945 468 2027 Tempus
494 1953 599 2010 antem
627 1945 746 2010 biennii
776 1945 870 2010 istius
898 1946 946 2011 sic
974 1946 1195 2021 distribuatur,
1221 1955 1254 2011 ut
1280 1946 1372 2028 primi

290 2061 403 2110 novem
420 2061 548 2111 menses
564 2044 594 2108 in
613 2045 765 2110 tradenda
783 2046 932 2111 universa
948 2045 1131 2111 Aristotelis
1148 2046 1262 2127 Logica
1282 2063 1374 2127 prae-

287 2144 454 2226 ceptisque
469 2143 646 2212 dialecticis
658 2153 804 2210 accurate
816 2146 1016 2227 explicandis
1030 2145 1270 2226 impendentem
1285 2154 1371 2218 octo,

288 2241 342 2324 qui
369 2250 559 2322 sequuntur,
585 2241 810 2324 Philosophiae
839 2242 980 2308 Naturali
1011 2253 1043 2308 et
1072 2242 1162 2308 libris
1191 2242 1374 2308 Aristotelis

287 2340 431 2407 camdem
449 2339 649 2406 tradentibus
672 2339 882 2422 deputantem
900 2350 1039 2423 quatuor
1062 2341 1176 2408 exinde
1199 2349 1373 2423 sequentes

288 2439 523 2520 hletaphysicae
538 2442 718 2518 tradantur;
737 2451 768 2506 et
788 2450 953 2522 postremo
977 2449 1042 2506 tres
1065 2441 1179 2523 reliqui
1202 2440 1372 2506 laboriosis

287 2535 454 2604 doctrinae
468 2539 549 2620 (toto
565 2538 694 2604 biennio
711 2540 858 2622 traditae)
875 2539 1095 2621 repetionibus
1114 2541 1331 2622 assignentur.

765 2687 899 2752 cxxix.

336 2817 496 2883 Habealur
518 2837 646 2902 quoque
668 2837 704 2885 ea
729 2821 808 2885 ratio
831 2820 983 2885 scientiae
1005 2820 1148 2896 moralis,
1167 2829 1200 2886 cl
1220 2837 1257 2886 ea
1272 2820 1375 2886 domi·

292 2913 373 2981 nicis
401 2932 439 2982 ac
469 2917 559 2982 festis
589 2917 715 2994 diebus,
743 2917 793 2983 vel
824 2934 881 3000 por
910 2918 1129 2999 professorem
1157 2917 1317 3000 publicum
1342 2918 1374 2982 in

291 3013 607 3092 scholaartium,ve1
624 3016 655 3080 in
674 3016 877 3100 paedagogiis
894 3033 950 3097 per
962 3017 1159 3083 domesticos
1172 3017 1375 3099 professores

290 3112 455 3180 doceatur.

774 3247 894 3313 CXXX.

333 3393 410 3459 Cum
427 3405 532 3464 aulem
549 3398 579 3460 in
596 3399 738 3480 quolibet
762 3399 958 3481 paedagogio
982 3406 1119 3480 quatuor
1142 3398 1205 3462 sint
1222 3397 1375 3462 ordinarii

292 3493 515 3576 philosophiae
541 3498 755 3577 professores,
780 3498 843 3562 doo
868 3497 1021 3579 primarii,
1045 3497 1110 3562 dno
1125 3497 1178 3578 qui
1194 3496 1375 3562 secundarii

292 3591 455 3669 dicuntur,
473 3593 518 3657 iffi
534 3595 582 3659 sic
598 3595 814 3661 instituendae
833 3596 1008 3676 iuventutis
1032 3612 1116 3662 onus
1138 3593 1324 3676 partiantur,
1344 3603 1377 3659 ul

292 3691 428 3773 singulis
444 3692 582 3760 bienniis
598 3712 728 3762 cursum
744 3713 838 3760 suum
854 3695 990 3777 quisque
1007 3695 1147 3761 inchoet.

766 3843 901 3908 cxxxi.
1071 3816 1078 3828 '

333 3971 378 4034 hc
394 3973 614 4050 professorum
637 3975 808 4057 primarius
831 3976 966 4059 singulis
988 3977 1103 4042 diebus
1127 3974 1282 4040 matutino
1298 3982 1376 4040 tem-

293 4083 382 4148 pore,
408 4070 511 4152 primo
534 4089 550 4136 a
575 4083 664 4139 sexta
688 4091 790 4156 usqua
817 4074 855 4138 ad
883 4075 1051 4157 septimam
1077 4074 1121 4156 (fn
1150 4073 1377 4155 metaphysicis

293 4173 398 4231 tamen
423 4171 667 4251 repetitionibus
690 4173 787 4239 lectio
809 4175 847 4238 ad
874 4175 1007 4239 mediam
1032 4175 1143 4240 horam
1160 4172 1375 4252 extendatur),

290 4261 406 4331 deinde
421 4282 438 4330 3
454 4268 576 4334 decima
594 4275 750 4354 usquead
770 4273 907 4339 medium
923 4273 1134 4340 duodecimae
1151 4271 1275 4337 doceat.
