3112 4942
652 393 817 455 ..57-

185 571 390 655 indulgentia
401 572 543 656 generali
557 572 607 639 uel
619 572 1005 656 speciali,ouiusoumque
1016 574 1140 642 tenoris
1153 574 1284 651 existat,

189 688 250 753 per
278 687 376 753 quam
406 671 611 752 presentibus
645 688 711 737 non
740 688 928 756 expressam
965 672 1022 739 uel.
1046 673 1188 739 totaliter
1218 690 1286 740 non

186 769 348 836 insertam
371 778 476 836 vestre
495 768 733 850 jurisdictionis
749 770 919 853 explicatio
941 771 974 834 in
991 771 1051 836 bae
1074 778 1163 852 parte
1177 771 1285 838 valeat

183 867 436 951 quomodolibet
464 868 612 950 impediri
648 878 682 936 et
715 869 756 935 de
784 887 846 952 qua
879 869 1038 951 cuiusque
1073 877 1140 936 toto
1170 878 1284 944 tenore

189 966 341 1034 habunda
356 967 398 1034 sit
413 967 446 1030 in
462 967 583 1032 nostris
601 966 717 1033 litteris
733 967 853 1032 mentio
868 967 1032 1048 specialis.

304 1117 358 1171 Les
376 1107 501 1183 delepuel't
517 1125 632 1184 peccent
650 1122 714 1184 opit·
732 1121 938 1182 conlolmement
957 1134 992 1170 ou
1012 1118 1165 1172 isoldment.

231 1237 382 1312 Ceterum
407 1238 557 1303 volumus
586 1247 618 1304 et
644 1238 824 1318 apostoliea
854 1223 1054 1303 auctoritate
1073 1235 1279 1309 decernimus

180 1337 275 1419 quod
299 1337 433 1418 quilibet
456 1347 597 1402 vestrum
615 1337 767 1419 prosequi
791 1337 893 1401 valeat
915 1337 1085 1402 articulum
1108 1336 1205 1402 etium
1221 1351 1280 1417 per

181 1435 289 1500 alium
306 1435 504 1506 inchoatum,
520 1434 669 1516 quemuis
686 1435 770 1499 idem
787 1434 945 1499 inchoans
962 1433 1050 1498 nullo
1067 1433 1162 1499 luerit
1179 1433 1278 1513 impe-

189 1534 334 1600 dimento
357 1533 513 1598 canonico
536 1533 740 1614 prepeditus;
769 1532 920 1614 quodque
941 1549 959 1596 a
981 1532 1054 1597 dato
1081 1532 1279 1613 presentium

184 1633 234 1698 sit
259 1631 353 1698 vobis
381 1641 414 1698 et
438 1631 611 1712 unicuique
636 1641 778 1697 vestrum
808 1632 840 1696 in
868 1631 1037 1712 premissis
1067 1629 1219 1696 omnibus
1248 1639 1279 1696 et

189 1747 304 1800 eornm
333 1730 471 1812 singulis
500 1729 616 1810 ceptis,
644 1729 848 1810 presentibus
877 1738 909 1795 et
936 1730 1065 1806 suturis,
1093 1736 1280 1812 perpetuata

186 1839 337 1912 potestas
352 1837 383 1894 et
395 1827 580 1910 jurisdictio
600 1827 764 1904 attribute,
781 1838 869 1893 uteo
885 1827 995 1910 vigore
1011 1845 1112 1911 eaque
1129 1817 1281 1892 firmitate

191 1927 327 2008 possnis
354 1927 386 1990 in
418 1926 586 2008 premissis
612 1927 763 1992 omnibus
790 1937 822 1992 et
848 1927 998 2016 singulis,
1026 1927 1128 2008 ceptis
1157 1934 1188 1990 et
1215 1942 1279 1991 non

184 2026 306 2107 ceptis.
324 2025 530 2107 presentibus
551 2033 584 2090 et
599 2025 727 2101 luteris,
745 2034 776 2090 et
792 2041 850 2109 pro
873 2025 1027 2106 predictis
1051 2024 1227 2106 procedere
1242 2039 1280 2086 ao

188 2125 219 2190 si
241 2125 385 2206 predicte
408 2123 515 2188 omnia
539 2132 571 2188 et
585 2123 712 2205 singula
735 2141 843 2190 coram
866 2124 958 2190 vobis
980 2132 1072 2204 cepto
1094 2122 1232 2188 luissent
1247 2135 1279 2186 et

185 2223 371 2305 jnrisdiotio
386 2229 492 2287 restra
513 2231 546 2288 et
560 2222 734 2288 cuiuslibet
748 2231 891 2288 vestrum
908 2223 940 2286 in
958 2221 1111 2303 predictis
1127 2219 1279 2285 omnibus

188 2332 220 2387 et
235 2321 374 2402 singulis
391 2337 448 2401 per
462 2321 647 2386 citationem
664 2322 713 2386 rel
731 2321 861 2386 modum
872 2322 969 2386 elium
986 2329 1170 2402 perpetuata
1187 2318 1276 2401 legit·

189 2422 299 2487 timum
316 2421 484 2494 extitisset.
502 2420 733 2486 constitutione
749 2421 890 2501 predicta
910 2437 1008 2502 snper
1022 2417 1276 2500 conseruatorijs

182 2529 219 2586 et
232 2521 294 2584 alia
310 2519 452 2602 qualibet
467 2519 500 2582 in
516 2519 713 2584 contrarium
729 2520 814 2584 edita
832 2537 896 2584 non
912 2518 1072 2584 obstante.
1088 2517 1158 2582 bat.
1176 2517 1276 2582 Rome

183 2619 272 2702 apud
302 2624 434 2683 sanctos
460 2617 626 2698 apostolos
653 2634 696 2680 .v.
724 2618 797 2682 idus
829 2617 1039 2700 Septembris,
1071 2615 1278 2682 Ponlillcatus

190 2717 290 2784 nostri
307 2733 393 2782 enno
409 2716 548 2782 decimo.

183 3048 229 3112 Le
242 3049 405 3112 eonvenite
423 3047 538 3128 pontise
552 3047 667 3112 Martio
687 3047 713 3110 l'
722 3048 851 3112 necorde
871 3066 937 3110 oue
957 3048 1105 3112 membres
1125 3048 1163 3110 de
1176 3045 1272 3111 l'llnl-

227 3148 342 3211 nersile
362 3148 391 3210 le
410 3145 550 3226 pnetlepe
575 3147 611 3210 de
634 3164 673 3208 ne
693 3165 750 3226 pos
775 3150 904 3228 poeonii·
925 3148 986 3210 etre
1007 3147 1081 3210 elles
1105 3163 1143 3209 en
1160 3145 1274 3224 justice

227 3247 298 3310 bore
311 3247 349 3310 de
364 3245 394 3308 lo
410 3245 480 3308 bille
493 3247 531 3308 de
545 3247 684 3309 Louucin
701 3249 709 3323 l
731 3250 750 3320 l.

591 3393 609 3446 9
628 3395 781 3464 septembre
804 3395 884 3450 lter.

643 3524 819 3581 Preamourc.

229 3649 385 3713 Martinus
403 3645 583 3726 Episcopus
605 3663 721 3710 seruus
745 3663 913 3710 seruorum
935 3647 998 3712 dei.
1016 3646 1061 3712 tld
1087 3655 1273 3727 perpetuam

191 3746 235 3810 rei
259 3745 457 3810 memoriam.
487 3747 562 3809 born
590 3753 709 3808 attente
732 3745 1003 3810 considerationis
1026 3745 1175 3826 indagine
1202 3761 1276 3824 per·

184 3855 394 3909 scrutamur.
422 3853 455 3908 et
480 3843 653 3924 diligenter
678 3835 874 3909 attendimus
899 3845 985 3925 qnod
1015 3859 1071 3924 per
1097 3844 1274 3907 litterarum

226 4041 265 4111 (li
283 4043 320 4097 Ge
339 4041 486 4096 document
503 4047 544 4096 esi
564 4039 676 4096 inritum
693 4061 699 4096 :
721 4042 903 4104 Prlullept'um
921 4047 953 4095 de
972 4057 1027 4094 non
1045 4045 1180 4095 trahendo
1194 4049 1283 4094 entra*

191 4149 295 4187 murres.

274 4243 296 4286 r.
1175 4226 1193 4285 ll
