3112 4942
667 483 826 547 ..65-

187 657 378 730 buiusmcdi
402 655 824 758 omnino-destiteritis'seu
847 662 1039 740 destiterint,
1059 675 1100 729 ac
1123 653 1283 730 mandatis

184 775 222 830 et
240 763 472 828 monitionibus
487 763 609 828 uostris
629 761 814 827 buiusmodi
831 777 937 842 ymmo
962 761 1071 827 verius
1092 763 1281 844 apostolicis

189 861 368 943 parueritis
384 875 441 926 scu
455 860 617 940 paruerint
634 875 707 924 cum
723 859 853 935 alleciu,
866 873 993 924 exnunc
1009 869 1103 942 prout
1116 870 1282 929 extuncei

187 969 311 1025 extunc
323 968 416 1040 prout
427 957 710 1039 exnunqpredicta
723 973 780 1024 sex
795 957 921 1022 dierum
936 958 1091 1023 canonici
1105 960 1280 1026 monitione

190 1056 364 1139 premissa,
380 1055 734 1133 excommunicationis,
751 1054 782 1118 in
806 1055 946 1135 capitula
959 1069 1050 1130 vero.
1068 1056 1098 1120 si
1120 1065 1155 1122 ei
1168 1069 1233 1138 quic
1247 1059 1280 1122 in

190 1157 259 1236 biis
285 1155 489 1236 deliquerint,
516 1154 742 1236 suspensionis
768 1171 786 1218 a
812 1154 943 1230 diuinis,
971 1165 1003 1220 ei
1032 1155 1064 1218 in
1085 1148 1280 1222 'eorumdem

189 1247 454 1336 delinquencium
467 1251 625 1318 'ccclesias
641 1253 802 1318 interdicti
819 1253 997 1318 senioniias
1013 1253 1145 1320 ierimus
1167 1255 1200 1318 in
1219 1255 1284 1337 biis

189 1353 325 1433 scriptis
346 1361 379 1417 st
393 1351 488 1416 etiam
509 1351 760 1433 promulgamus.
780 1351 876 1416 Vobis
898 1368 976 1417 vero
997 1354 1280 1419 reuerendissimis

187 1465 230 1516 ac
252 1449 442 1516 reuerendis
464 1449 609 1530 patribus
630 1449 771 1514 dominis
787 1449 993 1524 Patriarcbis,
1017 1451 1281 1534 arcitepiscopts

186 1543 224 1615 ci
246 1549 423 1630 episcopis,
447 1547 565 1630 quibus
587 1548 632 1613 ob
655 1545 861 1614 reuerencias
886 1558 1066 1614 vestrarum
1088 1549 1280 1632 dignitatum

187 1649 224 1711 in
247 1647 307 1712 bac
329 1657 420 1729 parte
442 1645 593 1712 duximus
614 1647 835 1722 deferendum,
863 1646 890 1711 si
913 1657 1025 1712 contra
1049 1641 1206 1729 premissa
1223 1651 1283 1716 ‘uel

188 1745 311 1828 aliquid
328 1745 561 1827 premissorum
577 1744 720 1812 feceritis
740 1761 798 1826 per
814 1761 874 1813 vos
889 1746 939 1811 rel
955 1747 1149 1812 submissam
1166 1765 1284 1830 perso*

191 1859 278 1919 nam,
306 1843 448 1924 predicta
478 1859 535 1910 sex
555 1843 684 1910 dierum
715 1844 870 1910 canonica
901 1844 1079 1910 monitione
1108 1846 1283 1927 premissa,

190 1945 377 2024 ingressum
400 1942 539 2008 ecclesie
561 1941 802 2018 interdicimus;
827 1943 853 2007 si
869 1959 948 2008 raro
971 1943 1155 2010 buiusmodi
1180 1945 1279 2010 inter*

189 2043 311 2107 dicium
328 2057 387 2122 per
400 2042 483 2107 ulios
505 2059 562 2107 sex
576 2041 648 2108 dics
664 2042 805 2123 pretams
827 2059 882 2107 sex
900 2043 1084 2109 immediate
1105 2055 1279 2125 sequentes

192 2139 426 2214 sustinueritis,
442 2157 501 2206 ros
523 2140 620 2204 simili
642 2141 795 2206 canonica
820 2141 996 2207 monitione
1019 2142 1188 2223 premissa,
1205 2159 1280 2208 sus*

192 2239 365 2318 pendimus
387 2255 405 2303 a
420 2237 551 2303 diuinis.
569 2239 685 2304 ilerum
709 2239 736 2304 si
760 2240 899 2321 prelatas
914 2235 1127 2305 interdictici
1142 2257 1279 2322 suspen·

191 2335 301 2401 sionis·
319 2336 496 2401 sententias
512 2351 570 2418 per
592 2335 673 2401 aiios
694 2337 836 2402 sexdics
859 2339 1000 2417 prelatos
1020 2336 1191 2402 duodecim
1206 2337 1278 2403 dies

190 2434 376 2500 immediate
397 2446 572 2516 sequentes
594 2432 818 2517 animmquod
839 2434 935 2507 absit,
953 2435 1174 2501 sustinueritis
1189 2439 1283 2502 indu*-

189 2544 274 2606 rato,
300 2549 360 2600 ros
385 2543 418 2599 et
443 2533 617 2616 quemlibet
633 2545 784 2600 :restrum
810 2549 937 2600 exnunc
968 2545 1061 2615 prout
1088 2545 1221 2610 extunc,
1240 2545 1277 2602 'ct

186 2642 307 2698 extunc
330 2641 426 2713 prout
449 2649 590 2710 exnunc,
613 2633 696 2698 dicia
722 2634 878 2698 canonica
901 2633 1078 2698 monitione
1105 2635 1274 2715 premissa,

184 2731 531 2798 excommunicationis
559 2733 718 2798 sententia
748 2732 780 2796 in
810 2731 872 2814 bljs
902 2731 1034 2812 scriptis
1069 2731 1277 2796 innodarnuss¹

185 2828 439 2894 Gaicrnm‘raro
457 2845 536 2894 'cum
567 2829 606 2894 ad
632 2829 859 2896 executionem
879 2830 1064 2896 ulteriorem
1090 2827 1281 2894 huiusmodi

186 2926 328 2991 mandati
356 2926 524 3008 apostolici
558 2927 737 2992 taciendam
766 2943 975 3010 nequeamus,
1006 2927 1111 3010 quoad
1142 2943 1277 3009 presens

187 3025 262 3106 alijs
290 3025 402 3090 arduis
439 3036 621 3093 nostrarum
656 3027 797 3092 ccclesia
831 3038 864 3093 et
899 3026 1083 3108 monasterii
1121 3026 1279 3108 prepediti

188 3121 335 3205 negociis
347 3124 747 3205 personaliteriniaressc,
759 3125 924 3192 uniuersis
937 3135 969 3191 et
984 3123 1120 3207 singuiis
1133 3123 1276 3189 dominis

185 3221 379 3298 Abbatibns,
409 3221 589 3301 Prioribus,
617 3223 807 3306 l‘rsposiiis,
839 3222 988 3300 becinis,
1016 3222 1274 3298 Archidiaconis,

184 3319 387 3395 Stmlasticis,
403 3321 608 3400 cantoribus,
626 3322 858 3404 ibezaururijs,
875 3319 1082 3396 custodibus,
1107 3319 1272 3398 sacristis,

184 3431 250 3483 tam
272 3417 504 3485 cathedralium
526 3435 622 3501 quam
645 3421 887 3503 collegiatarum
905 3419 1089 3495 &manicis
1107 3417 1277 3500 parocbia·-

181 3517 327 3598 iiumque
362 3517 576 3582 ecclesiarum
614 3519 818 3596 ilectoribus,
849 3517 1009 3595 Plebanis,
1040 3516 1277 3598 riceplebanis,³

183 3613 364 3695 capellanis
388 3616 509 3681 curatis
530 3627 562 3682 ci
589 3633 653 3683 non
677 3617 811 3697 curatis,
839 3617 970 3699 vicariis
993 3616 1170 3697 parpeiuis,
1193 3616 1278 3679 alia·

185 3713 276 3778 risiis
304 3714 485 3796 caterisque
512 3715 713 3797 presbiteris,
741 3717 882 3793 clericis,
910 3716 1044 3798 notariis
1069 3725 1101 3782 et
1127 3713 1278 3780 tabellio·

186 3811 283 3878 nibus
297 3812 436 3894 publicis
447 3811 704 3896 quibuscumque
715 3827 826 3880 sancis
837 3815 910 3881 Sedi
924 3814 1102 3896 apostolice
1117 3812 1274 3879 subiectis

182 3927 222 3974 ac
242 3910 324 3976 silas
346 3910 478 3977 ubilibet
501 3913 697 3990 constitutis,
715 3925 747 3980 st
770 3929 883 3980 corum
909 3913 1043 3996 quilibet
1062 3913 1094 3977 in
1117 3911 1273 3986 solidum,

176 4025 283 4090 supcr
310 4009 456 4076 ulteriori
486 4013 674 4078 executione
710 4013 896 4079 huiusmodi
931 4012 1070 4078 mandati
1100 4009 1270 4092 apostolici

181 4107 328 4174 iacienda
360 4118 474 4176 tenura
510 4111 712 4192 presenciam
742 4111 974 4178 committimus
1004 4111 1145 4194 plenarie
1183 4110 1276 4173 uices

183 4205 448 4282 occursiones
465 4223 522 4274 aas
541 4209 580 4274 ad
597 4225 657 4276 nos
672 4209 858 4276 duxerimus
879 4209 1089 4276 reuocandas.
1107 4207 1195 4280 Quos
1210 4215 1274 4272 nos
