3194 4940
719 466 900 538 -rdii—

265 651 396 730 uostras
407 642 627 733 ,sigiliinostri
645 645 761 710 seereti
778 645 979 732 appensione
995 644 1129 718 iacimus
1146 644 1351 726 communiri,

260 739 337 820 jure
349 751 460 822 nostro
476 742 508 806 in
521 729 707 808 rebus'aliis
722 751 754 810 et
769 743 874 809 alieno
889 743 921 809 in
937 743 1088 810 omnibus
1103 759 1233 826 semper
1246 743 1350 828 sainp,

268 843 378 904 Datum
402 841 434 906 in
456 841 554 922 opido
567 849 691 924 ¹nostro
709 842 917 918 erexettenst,
933 842 1058 914 decima
1080 852 1195 910 octaua
1213 843 1353 926 augusti.

262 956 352 1010 auno
370 941 493 1008 Domini
511 942 683 1009 millasimo
699 943 1019 1026 quadringentesimo
1034 943 1248 1026 sexagesimo.

307 1039 407 1122 Super
426 1039 539 1124 piieurn
564 1041 657 1116 :Por
678 1041 843 1106 dominum
865 1042 992 1122 dueum,
1010 1042 1165 1124 episeopo
1187 1051 1217 1108 at
1234 1041 1353 1108 eomite

264 1138 421 1214 Tutiensi,
438 1140 569 1207 domino
592 1141 632 1206 de
656 1141 749 1224 croy,
766 1141 884 1208 comite
906 1141 951 1230 de¹
971 1142 1139 1218 Boreiano,
1158 1140 1290 1207 domino
1313 1140 1355 1205 de

263 1237 359 1324 Bono
381 1239 506 1317 castro,
531 1240 722 1306 mareseailo
746 1240 943 1324 Burgundio,
959 1247 990 1308 et
1014 1239 1161 1323 pluribus
1181 1239 1256 1306 aiiis
1280 1255 1351 1321 pre·

262 1337 414 1422 sentibus
431 1355 439 1400 ε
1134 1339 1269 1404 Soranor.

307 1470 347 1534 iu
363 1470 453 1533 dorso
470 1493 480 1531 .·
497 1421 663 1552 Besuripta
679 1471 763 1552 apud
781 1487 831 1536 me
848 1493 856 1533 a
875 1471 983 1534 litter.

786 1685 837 1748 iv.

266 1869 310 1932 te
333 1869 392 1931 due
408 1866 549 1948 Phiiippo
570 1868 599 1931 ie
615 1868 681 1931 Bon
703 1867 797 1931 edicte
818 1868 871 1930 des
890 1869 997 1948 peines
1018 1875 1124 1930 contre
1145 1867 1190 1930 les
1211 1865 1355 1929 iiiroires

306 1968 360 2046 pur·
383 1966 520 2030 noidant
543 1967 598 2030 des
613 1967 703 2030 tiores
726 1983 791 2030 oux
804 1966 958 2029 dturiiunts
979 1983 1054 2028 suns
1071 1962 1293 2028 t’uutorisutinn
1311 1964 1353 2027 du

307 2063 449 2140 Rectene,
473 2073 501 2128 et
524 2073 630 2128 contre
651 2065 695 2129 ies
717 2067 856 2128 usuriers
877 2065 929 2147 qui
951 2071 1107 2146 acceptent
1130 2063 1184 2126 des
1204 2061 1294 2126 tiores
1315 2079 1353 2124 en

306 2181 384 2244 pope
394 2181 474 2244 pour
488 2165 526 2227 de
540 2163 668 2244 t’nrpent
682 2164 766 2245 prete
778 2181 844 2226 nun
858 2165 1025 2227 etudiunts.

655 2311 691 2368 ΞΒ
710 2314 866 2384 septembre
890 2311 968 2396 itud.

309 2434 477 2507 PnturrruS,
504 2436 559 2501 itei
589 2436 689 2517 gratia
720 2437 783 2499 dux
813 2434 1006 2517 Burgundie,
1033 2431 1247 2514 Letharingie‚
1274 2431 1352 2496 Bra-

262 2532 371 2597 bantie
392 2543 424 2596 et
448 2533 641 2615 Limburgie.
663 2551 773 2600 eomes
797 2533 957 2607 Biandrie,
974 2531 1128 2606 Arthesii,
1154 2528 1349 2612 Burgundio,

262 2632 424 2712 palatinus
448 2631 624 2710 Hannonie,
642 2633 792 2698 Zeiandie
818 2644 848 2696 et
871 2632 1032 2706 Namurci,
1051 2630 1198 2714 sacrique
1224 2627 1351 2706 imperii

262 2731 420 2804 marchio,
436 2748 474 2814 au
496 2731 648 2796 dominus
674 2731 786 2808 Brisie,
812 2731 991 2808 Salinarum
1015 2740 1047 2794 et
1072 2727 1251 2794 tieeirlinie.
1275 2724 1350 2788 Uni-

252 2829 370 2910 ‚uersis
393 2840 563 2910 presentes
585 2829 709 2894 litteras
736 2831 931 2910 inspecturis
954 2829 1102 2892 satutem.
1131 2826 1266 2890 Grauem
1293 2839 1352 2904 pro

254 2939 355 3010 ‚parte
373 2927 436 2992 tiiie
458 2939 568 2994 nostre
585 2928 812 2994 Uniuersitatis
828 2915 1038 2992 ¹Bononiensis
1060 2925 1153 2990 noiris
1170 2931 1349 3004 porrectam

264 3029 496 3110 querimoniam
519 3031 716 3112 accepimus,
734 3031 949 3096 coutinentem
973 3028 1163 3110 quodlicet
1185 3027 1349 3098 doctores,

265 3128 410 3208 magistri
423 3138 455 3194 et
466 3130 633 3194 sotroiares
643 3129 788 3194 eiusdem
802 3128 1040 3202 Uniuersitatis,
1052 3127 1228 3192 litterarum
1242 3123 1351 3188 studio

263 3243 378 3308 vacare
394 3228 573 3308 cupientes,
591 3228 683 3294 libris
698 3228 768 3294 suis
785 3228 981 3294 necessariis
998 3225 1131 3290 minime
1146 3239 1257 3288 carere
1274 3237 1349 3302 pos·

261 3326 338 3400 sint,
356 3328 625 3408 quemadmodum
649 3345 708 3394 nee
735 3328 766 3390 in
792 3327 876 3394 beiio
897 3327 990 3391 mites
1014 3327 1083 3390 suis
1103 3323 1213 3396 armis,
1233 3319 1348 3404 nitriio-

255 3425 370 3504 minus
394 3435 499 3492 tamen
523 3428 634 3507 sepius
658 3427 804 3492 nosuitur
827 3425 999 3501 accidisse,
1016 3423 1101 3506 quod
1126 3421 1236 3502 piures
1252 3418 1348 3484 sehu-

262 3523 360 3602 iares,
385 3526 445 3590 etsi
469 3535 553 3591 etate
575 3525 725 3606 iuuenes,
751 3525 894 3591 morinus
921 3535 1026 3590 tameo
1048 3533 1080 3588 et
1103 3522 1164 3586 vita
1187 3519 1346 3600 juniores

263 3624 334 3688 sine
349 3624 432 3688 scitu
448 3623 595 3690 Baeturia
610 3626 696 3690 dieto
709 3624 946 3700 Uniuersitatis‚
960 3623 1162 3704 aliorumque
1177 3619 1346 3682 doctorum

261 3731 293 3788 et
317 3723 542 3804 magistrorum
565 3739 711 3800 suorum,
727 3740 863 3805 quorum
887 3739 965 3788 eure
986 3732 1018 3786 et
1039 3716 1249 3786 soitieitudini
1272 3724 1349 3780 suut

261 3823 439 3897 commissi,
468 3821 569 3887 tidros
607 3839 686 3888 suos
721 3822 894 3888 lumbardis
932 3821 1069 3886 tabulam
1103 3815 1345 3884 nurnmnianianr

259 3919 444 3986 tenentibus
480 3921 612 3986 statiis
641 3921 854 3986 'vendiderunt
887 3930 942 3984 aut
979 3917 1243 4000 impignorarunt.
1275 3911 1344 3984 Quo

255 4017 377 4106 ‚tautum
402 4028 462 4095 est,
481 4029 515 4084 ut
528 4019 624 4086 iidem
648 4019 719 4084 iibri
735 4036 774 4084 ex
791 4019 903 4101 patriis
927 4017 1048 4084 uostris
1065 4014 1243 4090 Bretiande,
1262 4014 1346 4076 tian-

248 4119 368 4194 :uonie,
400 4118 561 4194 Namurni,
600 4118 779 4194 Boiiandie,
817 4118 966 4184 zelandia
1001 4115 1138 4182 aeoliis
1173 4110 1346 4194 sepissime

261 4217 362 4282 evecti
379 4233 436 4282 seu
453 4217 624 4298 deportati,
642 4226 672 4281 et
689 4235 705 4282 a
722 4217 805 4282 dieta
823 4217 1039 4282 Uniuersitate
1053 4212 1198 4278 distracti
1215 4220 1246 4276 et
1268 4208 1344 4274 alie·
