3112 4942
624 449 789 514 ..43-

155 633 371 698 archidiacres
392 633 433 696 de
451 631 557 714 Lidge.
574 632 710 696 Ceus-ci
728 631 904 696 'voulurent
928 631 1100 716 s'opposer‚
1117 651 1193 694 sous
1215 632 1256 695 de

159 733 254 796 vains
269 735 435 816 pretence,
451 731 583 794 d'abord
600 751 639 792 au
664 729 812 814 privilege
828 731 961 792 accorde
983 749 1040 810 par
1057 730 1178 794 Martin
1194 730 1221 796 V
1236 729 1255 794 l

157 851 241 895 ceux
263 831 303 895 de
324 831 542 900 l'Unirersite.
560 830 599 892 de
621 830 793 913 percevoir‚
819 830 960 912 pendant
983 831 1011 892 le
1033 843 1136 908 temps
1157 828 1253 912 qu'ils

162 933 283 997 etaient
297 951 357 994 aux
373 931 495 1002 studes.
512 930 557 992 les
577 949 710 992 revcnus
725 929 765 992 de
780 929 864 992 leurs
882 927 1047 1002 beneficos,
1064 943 1136 994 tout
1158 948 1197 991 en
1214 948 1254 990 ne

162 1031 278 1094 faisant
295 1049 350 1111 pas
368 1030 397 1092 la
414 1029 574 1092 residence
589 1028 788 1112 canonique;
810 1027 944 1103 ensuite,
962 1027 979 1090 d
995 1027 1196 1110 l'exemption
1213 1028 1252 1090 de

160 1129 233 1192 leur
253 1127 439 1210 juridiction
462 1147 525 1211 que
539 1127 568 1190 le
590 1129 693 1190 meme
709 1127 875 1190 souverain
893 1125 1015 1208 pontise
1029 1127 1113 1190 avait
1134 1128 1250 1208 exigee,

158 1247 238 1290 sous
264 1228 355 1308 peine
380 1229 420 1289 de
447 1226 573 1302 nullut,
601 1226 681 1288 dans
710 1226 739 1288 la
764 1225 852 1288 b‘ulle
877 1228 980 1288 meme
1005 1226 1045 1288 de
1071 1224 1251 1288 fondation.

159 1325 264 1410 nprts
278 1327 334 1389 des
348 1325 543 1389 discussions
558 1345 643 1388 assez
666 1325 761 1398 vives,
781 1345 825 1388 un
842 1324 956 1388 accord
980 1325 1142 1389 intersint.
1162 1325 1254 1387 Nous

158 1426 315 1489 donnons
329 1425 508 1488 ci·dessous
530 1425 686 1508 quelques
709 1423 899 1488 documents
927 1423 1045 1488 relatils
1064 1424 1082 1485 a
1100 1423 1130 1485 la
1152 1436 1252 1486 trans·

160 1525 270 1589 action
286 1527 343 1608 qui
359 1525 509 1589 intersint
524 1525 626 1607 etqui
642 1524 689 1588 fut
707 1527 811 1586 meme
826 1527 1006 1607 approuvee
1021 1543 1078 1606 par
1090 1542 1153 1585 unc
1167 1522 1253 1585 bulle

159 1623 327 1706 d'Eugene
346 1623 401 1688 lV.

696 1801 722 1866 Ι.

161 1984 370 2068 L'llnisersr'le‘
394 1995 528 2068 protestc
555 1992 657 2050 currere
682 1987 726 2050 les
750 1987 978 2068 cmpiclemeuls
1000 1986 1043 2050 'dc
1068 1985 1199 2068 l’crcpue
1223 1992 1252 2049 ct

204 2087 257 2150 des
278 2085 483 2149 orclddiacres
497 2085 535 2148 dc
554 2087 657 2164 Libye,
675 2093 705 2148 ct
727 2103 848 2148 nomme
870 2085 922 2148 des
943 2085 1052 2164 londes
1067 2085 1105 2148 de
1123 2086 1255 2165 persoir

202 2203 283 2266 pour
305 2184 517 2264 defenderes
536 2183 707 2266 privileges.

550 2351 582 2407 18
602 2353 757 2424 sep¹embre
779 2351 859 2409 lter.

148 2537 153 2542 -
199 2494 234 2558 ln
266 2492 546 2559 nomine·domini
577 2509 682 2558 emen.
714 2493 774 2556 l‘er
810 2493 872 2558 hoc
910 2507 1044 2570 presens
1081 2488 1244 2570 publicum

158 2593 408 2658 instrumentum
427 2592 553 2657 cunctis
579 2601 682 2672 pateat
702 2592 882 2665 euidenter,
900 2590 986 2672 cuod
1002 2605 1086 2654 anno
1101 2605 1119 2652 a
1136 2587 1248 2651 natiui-

158 2701 222 2758 tatc
244 2691 390 2756 eiusdem
413 2690 534 2755 domini
559 2691 730 2756 millesimo
752 2689 1071 2771 quadringentesimo
1092 2686 1245 2754 vicesimo

150 2790 309 2871 septimo,
332 2789 508 2856 indictione
530 2788 652 2869 quinta,
679 2790 799 2853 mensis
821 2787 1021 2868 Septembris
1044 2787 1097 2852 die
1121 2786 1246 2852 decima

156 2899 283 2964 octaua,
298 2888 376 2952 hom
390 2904 597 2968 vesperorum
610 2889 658 2952 rel
672 2887 812 2964 circiter,
830 2886 1036 2952 Pontillmtus
1049 2883 1246 2951 sanctissimi

151 2987 189 3052 in
214 2987 339 3052 christo
366 2985 465 3067 patris
491 2995 522 3051 et
547 2985 667 3050 domini
696 2987 796 3050 nostri
828 2986 949 3052 domiui
981 2985 1104 3049 Martini
1136 2983 1245 3050 diuina

157 3085 361 3168 prouidentia
378 3084 473 3150 huius
490 3085 629 3150 nominis
645 3103 726 3166 pape
741 3085 843 3166 quinti
860 3101 944 3150 enno
959 3084 1097 3160 decimo,
1114 3083 1145 3146 in
1170 3099 1245 3148 nos·

158 3193 282 3249 trorum
307 3183 505 3250 notariorum
530 3183 730 3264 publicorum
753 3200 790 3248 so
813 3184 943 3248 testium
967 3183 1246 3262 inlr-ascriptorum

159 3282 321 3362 presentia
332 3283 717 3361 personaliterccnstituti
729 3282 1067 3362 notabilesnagniilci
1081 3289 1112 3346 et
1125 3280 1244 3362 egregii

156 3381 386 3461 circumspecti
405 3381 464 3446 viri
480 3390 512 3446 et
528 3381 670 3463 magistri
686 3382 881 3447 lohannes
900 3383 945 3446 de
959 3381 1048 3446 Neel
1066 3381 1098 3444 in
1114 3379 1245 3444 Artibus

157 3481 310 3562 magister
331 3491 363 3545 et
386 3480 416 3544 in
439 3481 602 3544 medecina
628 3481 754 3552 doctor.
772 3480 889 3546 Rector
913 3498 969 3562 pro
993 3491 1137 3559 tempore
1153 3479 1244 3544 Alme

154 3579 382 3646 Vniuersitatis
397 3579 494 3660 studii
519 3579 729 3656 memiensis,
747 3579 923 3646 leodiensis
945 3580 1100 3659 diocesis,
1118 3595 1243 3644 necnon

152 3678 262 3744 ceteri·
281 3677 432 3743 doctores
459 3678 614 3760 magistri,
644 3679 816 3755 licenciati,
844 3679 1012 3760 baccalarij
1039 3689 1071 3746 et
1096 3680 1241 3746 scolares

154 3776 339 3842 huiusmodi
363 3777 484 3842 Almam
510 3777 758 3844 Vniuersitatem
783 3789 1054 3859 representantes
1072 3795 1130 3861 pro
1153 3795 1189 3844 se
1211 3787 1244 3844 et

153 3876 291 3956 singulis
317 3877 494 3957 suppositis
517 3877 675 3952 eiusdem,
699 3878 738 3942 ad
766 3889 797 3942 et
825 3889 955 3959 propter
980 3877 1183 3958 infrascripta
1211 3878 1243 3942 in

152 3975 404 4058 congregatione
420 3975 546 4055 publica
568 3993 666 4057 super
684 3975 745 4042 lroc
767 3977 886 4042 indicta
911 3977 1029 4056 pariter
1043 3977 1241 4058 congregati,

145 4082 337 4140 asserentes
360 4075 446 4156 quod
469 4074 509 4138 ab
532 4075 693 4153 aliquibus
719 4076 793 4142 licet
821 4076 882 4142 sub
908 4076 1033 4142 incerto
1058 4076 1242 4142 audiuerint

154 4171 301 4246 relatum,
314 4174 400 4256 quod
414 4174 614 4240 reuerendus
630 4173 661 4238 in
679 4175 800 4240 christo
817 4185 906 4260 peter
921 4185 954 4240 et
969 4177 1120 4242 doninus
1137 4175 1241 4240 domi-
