3194 4940
1403 22 1553 150 “i

785 435 967 500 -ἳΙΞ-

330 617 422 708 totis:
423 604 530 704 eitun
545 617 693 683 obstante
706 616 812 684 edicto
824 617 965 699 generati
980 617 1061 683 iacto
1075 634 1131 698 per
1142 617 1273 697 opidum
1286 616 1328 681 d'e
1339 624 1410 682 octo

333 699 490 810 nptac'cis
507 713 674 818 capiendis
696 717 737 781 de
758 723 790 782 et
805 733 903 797 super
924 715 1065 797 qualibet
1083 731 1152 779 ama
1176 714 1240 778 vini
1264 714 1407 780 ducenda

332 797 538 914 »Louanium
562 815 601 878 ab
625 824 726 889 extra.
744 814 869 879 inantea
894 813 1050 896 magistri,
1072 813 1239 878 studentes
1262 821 1292 878 et
1316 813 1408 878 sciro·

332 893 453 984 »iares
471 897 532 979 etc.
553 915 696 994 desuper
717 923 811 977 erunt
833 913 1005 978 immunes.
1030 913 1107 977 item
1131 921 1283 1026 poterunt
1305 912 1408 978 iacere

331 1001 434 1077 idu'ci
462 1015 629 1077 studentes
655 1021 717 1076 etc.
745 1011 873 1091 impiam
897 1012 937 1076 ab
960 1023 1047 1077 extra
1072 1029 1130 1091 pro
1153 1009 1297 1092 ipsorum
1321 1017 1419 1094 potu‚'

330 1096 483 1200 subscus
505 1111 566 1175 hoc
588 1110 672 1191 quod
701 1111 748 1175 eis
773 1127 830 1189 pro
855 1121 944 1190 parte
965 1111 1051 1192 opidi
1076 1110 1205 1192 atiquod
1229 1120 1407 1191 apponetur

330 1234 342 1268 ι
360 1203 636 1290 impedimentum,
653 1218 684 1273 et
699 1209 783 1289 quod
804 1209 844 1274 de
860 1209 956 1290 impia
973 1208 1092 1275 statiis
1115 1206 1245 1290 potibus
1261 1207 1407 1273 assisiam

329 1307 478 1400 nuntiam
503 1310 632 1372 soluere
655 1305 819 1371 debebunt
843 1323 902 1372 nec
918 1307 1091 1382 habebunt,
1108 1307 1260 1372 omuibus
1282 1306 1358 1372 doto
1378 1315 1409 1370 et

328 1405 469 1494 strando
486 1407 624 1472 seclusis
640 1407 671 1469 in
689 1405 868 1485 premissis.
889 1429 902 1465 s

355 1540 403 1604 Jo
418 1539 510 1610 cuius
533 1539 577 1614 rei
595 1537 813 1604 testimonium
835 1555 873 1604 ac
890 1538 1043 1604 maiorem
1061 1538 1240 1602 firmitatem
1264 1539 1404 1602 omnium

323 1639 584 1725 ‹rt-*singulorum
622 1635 851 1716 premissorum
881 1637 965 1702 idem
994 1637 1144 1702 dominus
1180 1637 1402 1710 cancellarius,

322 1739 360 1818 ad
388 1737 575 1802 instantiam
601 1745 633 1800 et
658 1745 840 1816 requestam
867 1735 1063 1816 prefatorum
1090 1735 1293 1800 dominorum
1320 1735 1403 1802 dicto

322 1837 404 1902 aime
435 1836 670 1908 Vniuersitatis.
702 1837 764 1901 troc
794 1853 929 1916 presens
967 1835 1127 1916 pubiicum
1157 1837 1403 1901 instrumentum

322 1935 452 2000 nomine
467 1951 505 2000 ao
520 1935 614 2016 signo
636 1935 758 2000 munito
780 1934 849 2000 suis
871 1935 1066 2014 subscripsit
1089 1943 1120 1998 et
1142 1935 1293 2016 signauit.
1313 1935 1400 1998 Bon.

342 2133 400 2206 ,Νι
415 2148 475 2216 ego
491 2132 681 2206 Adrianus
704 2131 774 2211 tay
796 2131 841 2196 dc
862 2129 1167 2211 Wcmcidingem
1192 2131 1406 2197 traiectensis

320 2230 473 2309 diocesis,
496 2230 643 2310 publicus
666 2245 759 2294 sacra
784 2228 939 2310 imperiali
963 2228 1151 2294 auctoritato
1173 2245 1211 2294 ac
1233 2229 1317 2295 aimo
1334 2229 1404 2292 Vni·

321 2328 458 2414 uersatis
481 2328 577 2414 studii
597 2328 807 2393 Louaniensis
833 2327 977 2392 notarius
993 2327 1128 2402 iuratus,
1146 2329 1220 2408 quia
1239 2329 1404 2408 premissis

319 2427 502 2512 assertioni,
517 2427 741 2508 recognitioni,
755 2427 953 2492 confessioni
967 2437 999 2492 et
1012 2427 1255 2502 renuntiationi,
1269 2427 1403 2508 aliisque

318 2525 468 2612 omnibus
482 2536 514 2592 ot
530 2526 679 2608 singuiis,
696 2526 771 2590 dum
788 2525 848 2602 sic,
867 2534 900 2590 ut
923 2525 1128 2605 premittitur,
1147 2525 1260 2592 tierent
1283 2537 1314 2592 et
1329 2544 1402 2608 age·

320 2633 521 2708 centon-uua
541 2641 613 2688 cum
639 2623 814 2703 prenotatis
839 2623 974 2688 testibus
992 2639 1127 2703 presens
1144 2623 1284 2700 intertui,
1302 2641 1400 2706 eaque

318 2721 366 2805 sic
382 2722 450 2788 iteri
467 2722 531 2786 vidi
544 2730 575 2788 et
589 2722 710 2798 audiui,
724 2722 798 2787 ideo
814 2723 876 2789 hoc
893 2738 1029 2802 presens
1043 2721 1292 2788 instrumentum
1309 2740 1398 2790 manu

319 2837 386 2896 mea
403 2819 558 2901 scriptum
580 2820 695 2886 exinde
710 2821 847 2898 conieci,
864 2819 1043 2902 subscripsi
1067 2830 1099 2886 ct
1113 2821 1241 2902 signaui
1259 2831 1399 2904 rogatus,

317 2918 457 2996 indidem
467 2928 501 3006 pt
514 2919 730 2984 testimonium
743 2918 885 2984 omnium
896 2928 928 2983 et
939 2918 1139 3000 singulorum
1154 2919 1398 3000 premissorum.

318 3295 359 3392 Le
374 3261 587 3392 riuc'PiriIippc
600 3297 628 3360 le
646 3297 710 3362 Baro
725 3305 862 3378 coempto
877 3296 1070 3360 i'Uniuersitd
1083 3297 1123 3360 dn
1140 3298 1220 3360 droit
1233 3301 1271 3361 de
1290 3301 1400 3362 torriicu

519 3459 521 3466 .
601 3465 603 3472 Α
689 3393 881 3492 ¹utd'uutres
895 3397 1017 3477 propes.

359 3555 362 3562 Δ
399 3563 402 3570 .
501 3573 504 3578 ,
569 3557 571 3562 ’
617 3544 1103 3614 tbjsnrier1457(uouveoustyiei.

331 3661 499 3745 'Pennas
522 3699 578 3762 par
602 3681 630 3746 ta
652 3681 748 3763 graie
771 3685 811 3748 dc
835 3683 912 3748 [tien
935 3683 998 3748 duc
1024 3683 1064 3749 de
1092 3683 1335 3766 Bourgoingnc.
1361 3685 1401 3750 de

317 3780 456 3852 Lothier.
474 3781 514 3845 ds
539 3781 675 3845 Brabant
696 3781 790 3856 etde
814 3781 1007 3864 hombourg,
1034 3793 1129 3848 conte
1150 3783 1209 3848 des
1232 3781 1397 3858 Fiandres,

312 3869 488 3956 d’Arthois,
500 3879 541 3944 de
556 3881 792 3962 Bourgoingne‚
809 3871 925 3961 palatin
939 3879 979 3947 do
994 3881 1157 3962 Hayonau,
1172 3883 1212 3948 dc
1230 3879 1395 3954 iioliaude.

314 3977 355 4042 de
366 3977 503 4043 Zelandc
514 3988 546 4044 et
558 3979 597 4043 de
609 3979 739 4054 Namur,
755 3979 896 4060 maronis
911 3979 953 4044 du
971 3979 1233 4061 Samot-Empire,
1248 3982 1401 4064 seigneur

315 4073 355 4140 de
375 4069 536 4151 Frisc2de
558 4077 663 4143 Salios
685 4087 716 4144 et
737 4079 778 4144 dc
797 4077 940 4144 Melinos.
958 4080 983 4143 A
1005 4096 1062 4144 noz
1078 4095 1186 4161 aymez
1202 4087 1234 4145 et
1249 4079 1353 4146 icauiz
1367 4083 1397 4146 ie

314 4175 466 4257 seigneur
481 4177 521 4241 da
538 4176 666 4258 lannoy
682 4186 792 4244 nostre
807 4177 994 4253 tientenant,
1011 4187 1043 4244 et
1058 4177 1105 4244 ies
1120 4179 1240 4244 aultres
1255 4191 1336 4261 gens
1355 4181 1401 4246 de'
