3236 4944
653 437 844 508 ..383-

193 622 364 706 deputatos
389 623 427 688 ad
455 623 702 705 concipiendum
719 625 905 694 huiusmodi
918 625 1112 709 juramenta.
1136 621 1286 709 [leputati

194 724 322 789 luerunt
358 723 511 806 magister
546 723 654 788 Dortlel
683 725 721 788 de
748 726 837 790 Mero
871 725 1024 809 uragister
1055 726 1213 792 lohannes
1244 728 1282 792 tte

193 822 347 889 Autronio
357 822 508 904 magister
517 823 676 890 rotonum
688 825 767 889 llere
780 825 932 907 magister
945 826 1283 894 Jolronneschenet.»

194 926 270 988 ncta
295 921 455 987 facultatis
478 923 594 988 artium
619 922 658 987 ill
682 923 785 990 martii
803 924 894 1000 tiso,
912 925 978 990 vol.
996 924 1018 998 l,
1038 925 1092 990 lol.
1112 925 1171 988 ltttt
1189 937 1229 991 r·.

239 1125 253 1164 r
272 1103 429 1169 vicesima
447 1102 547 1184 primu
563 1103 616 1170 (lie
631 1104 776 1170 eiusdem
795 1104 916 1170 mensis
934 1105 1016 1171 lacta
1034 1105 1092 1170 luit
1109 1122 1286 1189 congrega·

194 1203 246 1268 cio
269 1219 326 1285 per
344 1203 561 1284 juramentum
581 1205 620 1268 ad
643 1205 838 1270 audiendum
860 1205 983 1269 auizata
1008 1215 1038 1270 et
1055 1214 1210 1287 concepta
1229 1220 1285 1285 per

194 1301 364 1383 deputatos
390 1319 489 1384 super
511 1301 704 1384 juramentis
730 1303 915 1383 prestantlis
942 1304 981 1368 alr
1012 1303 1284 1369 examinatoribus

194 1400 377 1467 caracellarii
394 1409 426 1466 et
441 1401 536 1466 etlam
553 1418 570 1465 a
587 1403 832 1484 promouendis.
848 1401 1035 1468 iuramenta
1051 1411 1157 1468 autem
1175 1403 1284 1468 lunius·

196 1500 281 1565 morli
297 1509 389 1567 erant
405 1499 466 1565 ista
481 1517 545 1582 oue
560 1499 741 1583 sequuntur
761 1524 768 1565 :

240 1621 253 1659 x
269 1599 375 1664 Primo
391 1599 475 1681 quod
489 1599 634 1666 scolares
646 1599 801 1681 jurabunt
813 1599 907 1665 tactis
920 1599 1109 1682 euangeliis
1122 1600 1206 1680 quod
1223 1616 1286 1666 nou

195 1697 354 1765 dederunt
381 1715 485 1780 neque
507 1697 629 1763 dabunt
653 1716 716 1763 uon
742 1699 961 1780 promiserunt
977 1715 1081 1780 neque
1098 1699 1285 1780 promittent

194 1797 272 1862 dare
289 1813 346 1878 per
360 1813 396 1862 se
412 1796 462 1862 vel
480 1797 562 1862 alios
578 1797 700 1862 directe
717 1798 765 1862 rel
782 1797 939 1862 indirecte
954 1797 1090 1862 mediate
1106 1797 1154 1861 rel
1172 1797 1283 1864 imme-

197 1895 283 1960 diate
318 1895 512 1961 carrcellario
549 1895 795 1976 temptaturllsus
835 1905 890 1960 aut
926 1895 1198 1961 examinatoribus
1235 1895 1285 1961 vel

197 1995 454 2077 quibuscumque
470 1995 617 2075 personis
632 2011 689 2060 acu
709 1994 870 2075 magistris
886 2003 972 2059 extra
990 1995 1173 2060 laenitatem
1187 1994 1235 2060 vel
1253 1995 1284 2058 in

198 2093 346 2158 laenitate
362 2093 477 2158 intuitu
495 2093 543 2158 vel
561 2111 618 2173 spe
634 2092 841 2158 adinissionis
854 2093 1031 2159 locationis
1044 2109 1102 2159 seu
1119 2093 1285 2174 amplioris

198 2191 417 2274 promocionls
433 2192 593 2258 habende.

241 2313 255 2352 ι
273 2290 422 2356 Secundo
434 2289 588 2372 jurabunt
603 2289 688 2372 quod
707 2290 945 2356 condederunt
965 2290 1070 2372 aliqua
1088 2306 1218 2355 munera
1236 2289 1283 2354 in·

197 2399 352 2468 consueta
375 2407 433 2455 seu
459 2389 610 2470 pecunias
627 2390 856 2454 verosimiliter
879 2389 1118 2454 conuertendas
1142 2389 1173 2452 in
1189 2405 1282 2456 raum

197 2487 379 2553 cancellarii
396 2488 457 2554 sula
473 2496 617 2570 pretextu
639 2487 776 2553 alicuius
800 2488 950 2554 exercicii
974 2504 1031 2553 seu
1055 2487 1177 2553 laboris
1202 2487 1284 2554 ultra

197 2587 340 2670 precium
357 2587 602 2654 determinatum
620 2605 676 2669 per
691 2597 846 2653 statutum
864 2586 1024 2652 facultatis
1039 2595 1093 2652 aot
1108 2586 1187 2651 alias
1202 2601 1284 2667 quo·

196 2703 333 2768 comque
350 2686 477 2768 quesite
492 2687 614 2752 colore.

242 2785 552 2868 ulercioJurabuut
566 2785 651 2868 quod
675 2786 702 2850 si
727 2785 892 2867 contingat
914 2784 1054 2867 aliquem
1077 2783 1214 2849 amicum
1231 2783 1282 2848 rel

197 2885 353 2950 lentorem
372 2884 487 2950 intuitu
508 2884 727 2966 promoclouia
746 2886 889 2965 ipsorum
908 2895 1055 2966 utsupra
1078 2883 1156 2949 dare
1172 2882 1282 2964 propl-

198 2999 275 3048 nare
291 2983 339 3049 rel
357 2983 786 3066 pecuniamcuncellariovel
803 2983 898 3048 alicui
915 2983 1145 3050 officiariurum
1162 2982 1284 3062 absque

196 3081 278 3148 scitu
296 3082 440 3162 ipsorum
462 3098 524 3147 nou
549 3083 719 3148 refundent
742 3083 872 3148 easdem
890 3083 1045 3164 predictis
1062 3090 1136 3163 post
1152 3095 1282 3162 promo·

196 3181 321 3247 cionem
338 3181 481 3263 ipsorum
500 3197 557 3262 per
571 3197 607 3246 sa
624 3181 672 3246 vol
688 3182 770 3246 alios
786 3190 848 3246 ete.

238 3303 256 3340 r
268 3279 347 3346 ltcm
360 3279 480 3362 placuit
491 3279 652 3361 deputatis
665 3280 749 3361 quod
763 3280 803 3344 tle
815 3278 1071 3362 quibuscumque
1083 3276 1294 3344 contrarium-

196 3379 414 3460 predictorum
436 3378 618 3444 eonstiterit
641 3379 671 3442 ln
696 3377 816 3452 loturo,
834 3387 929 3443 eruut
944 3379 975 3442 in
998 3386 1187 3459 perpetuom
1209 3376 1281 3457 ipso

196 3477 278 3544 lacto
295 3477 410 3560 priuati
426 3494 444 3543 a
460 3477 620 3542 laeultate.
638 3478 698 3542 Sed
721 3477 762 3542 de
784 3477 923 3558 peractis
946 3476 974 3540 si
997 3475 1139 3542 conlassi
1162 3474 1281 3542 luerint

196 3577 549 3659 placuitdeputatispro
564 3577 704 3658 presenti
718 3593 802 3641 arrno
817 3574 1280 3656 misericorditerdispensare,

196 3692 254 3758 pro
289 3675 403 3742 luteris
440 3685 545 3742 autem
579 3675 678 3740 uoluit
704 3675 855 3757 superius
880 3674 1026 3740 ordinata
1051 3671 1282 3739 inuiolabiliter

195 3774 376 3841 obseruari.

348 3921 563 3988 »iuramenta
580 3937 638 4003 pro
653 3921 926 3988 examinatoribus
946 3919 1128 3987 cancellarii

239 4093 255 4128 ,ι
273 4070 542 4152 ultrajuranus
559 4087 618 4152 pro
634 4070 757 4135 tunore
778 4069 937 4134 luculentis
957 4068 1042 4150 quon
1064 4067 1161 4132 utetur
1182 4066 1280 4132 aare·
1303 4051 1307 4062 '

197 4179 271 4234 runt
297 4186 401 4252 neque
425 4170 545 4234 danum
572 4186 628 4249 per
653 4185 688 4232 sc
716 4169 763 4233 rel
791 4169 872 4236 ullos
899 4167 1021 4233 directe
1048 4167 1096 4234 rel
1125 4163 1281 4231 indirecte

282 4305 303 4348 ι.
1161 4281 1202 4345 tc
