3236 4944
708 461 829 524 -bb'i
852 493 892 505 -

256 642 477 708 Universitatis
520 643 629 723 petitio
671 643 872 717 continebat,
915 641 1088 721 episcopus
1127 635 1339 720 Traiectcnsis

256 742 541 820 inpraesentiarum
567 743 831 823 archiepiscopus
858 741 992 806 ednotus
1021 739 1126 812 laverit,
1151 745 1181 802 ct
1209 739 1278 816 ipse
1304 753 1341 800 ac

255 841 395 904 decanus
413 841 574 916 praelatus
591 842 620 904 in
639 842 723 906 dicto
739 842 858 922 oppido
876 839 1065 903 lanuaniensi
1085 854 1146 902 rron
1165 837 1338 908 resideant,

256 955 314 1004 neo
336 939 510 1004 verisimile
533 941 574 1002 sit
598 941 681 1021 quod
705 941 736 1002 in
755 944 894 1004 l'uturum
911 939 942 1002 iu
959 939 1015 1002 illo
1032 938 1174 1001 residere
1190 935 1337 1010 debcant,

254 1047 284 1102 et
301 1037 461 1118 praelatus
478 1039 577 1102 abbas
600 1040 639 1104 de
664 1039 800 1103 consilio
824 1043 966 1102 Statuam
989 1037 1125 1100 ducatus
1149 1032 1337 1097 Brabantiae

253 1137 405 1212 existens,
425 1138 456 1200 in
485 1139 622 1219 negotiis
647 1138 835 1203 corumdem
858 1137 1000 1200 Statuum
1025 1144 1056 1200 et
1079 1133 1262 1199 monasterii
1287 1135 1336 1198 sui

252 1236 436 1316 frequenter
462 1237 635 1301 admodum
663 1245 838 1316 occupatus
863 1235 987 1312 existat,
1012 1251 1049 1298 ac
1072 1251 1145 1297 sese
1169 1240 1337 1313 propterea

252 1333 345 1398 etiam
375 1334 415 1398 ab
447 1334 519 1416 ipso
558 1336 678 1416 oppido
714 1336 884 1400 absentare
921 1343 1065 1415 cogatur,
1096 1342 1127 1398 et
1164 1332 1337 1396 modernus

252 1433 395 1516 eiusdem
427 1435 613 1500 monasterii
647 1435 745 1499 abbas
783 1433 1035 1498 valetudinarius
1072 1432 1124 1506 sit,
1155 1431 1202 1495 sio
1238 1431 1335 1512 quod.

252 1533 365 1599 abbate
393 1543 591 1616 aegrotante,
623 1543 677 1598 aut
707 1534 762 1598 illo
794 1551 830 1598 ac
866 1532 1111 1613 archiepiscopo
1145 1548 1182 1595 au
1214 1531 1336 1595 decane

253 1633 403 1712 praelatis
426 1634 457 1696 in
482 1633 670 1714 praemissis
688 1634 737 1698 vel
753 1633 827 1698 aliis
843 1633 1098 1714 quibuscumque
1114 1630 1220 1695 causis
1237 1630 1336 1710 impe·

251 1733 327 1797 ditis
357 1734 405 1798 vel
436 1733 634 1807 absentibus,
666 1744 697 1796 et
735 1733 918 1796 earumdem
956 1731 1120 1795 literarum
1157 1730 1335 1794 executioni

251 1830 417 1896 intendere
441 1847 502 1896 non
527 1831 718 1906 valentibus,
744 1831 875 1902 Rectus,
900 1831 1052 1896 doctores
1074 1839 1106 1893 et
1128 1829 1179 1893 alii
1205 1827 1334 1907 praelati

250 1945 322 1992 oum
348 1930 485 2010 aliquem
513 1931 779 1996 conservatorem
808 1931 839 1992 in
868 1931 955 1994 dioto
979 1929 1097 2008 oppido
1122 1937 1334 2008 praesentem,

252 2025 307 2106 per
323 2045 416 2109 quem
434 2045 508 2093 sese
525 2039 635 2094 contra
652 2046 730 2094 suos
747 2029 952 2094 adversarios
967 2036 998 2092 et
1022 2029 1227 2108 injuriatores
1248 2025 1334 2107 Juxta

204 2143 206 2155 ¹
250 2127 406 2192 dictarum
431 2127 593 2192 literarum
618 2129 868 2207 apostolicarum
885 2128 1113 2191 continentiam
1134 2135 1168 2190 ct
1191 2137 1334 2190 tenorem

251 2227 422 2291 defendere
446 2227 581 2307 possint,
601 2244 663 2291 non
688 2228 835 2301 babeant,
855 2245 913 2291 usu
937 2237 967 2291 et
989 2227 1092 2290 lruclu
1110 2241 1147 2290 ac
1164 2225 1334 2290 commodo

249 2324 405 2390 dictarum
422 2326 585 2392 literarum
601 2327 917 2390 conservatorialium
937 2326 1134 2390 fraudentur.
1152 2323 1256 2399 Quare
1276 2340 1334 2404 pro

248 2433 339 2503 parte
362 2427 547 2490 eorumdem
573 2426 731 2498 Reclusis,
749 2427 929 2498 doctorum,
948 2424 1196 2496 licentiatorum,
1216 2423 1330 2502 magis·

249 2533 384 2598 trorum,
416 2524 611 2588 scholarium
642 2533 673 2588 ct
703 2525 834 2588 aliarum
868 2541 1078 2604 personarum
1110 2523 1331 2586 Universitatis

250 2621 433 2686 huiusmodi
466 2623 558 2687 nobis
592 2623 649 2687 luit
687 2623 848 2688 bumiliter
884 2623 1108 2704 supplicatum,
1142 2631 1174 2686 ut
1210 2621 1331 2685 eisdem
1362 2691 1364 2698 Α

249 2717 536 2786 Conservatoribus
560 2731 590 2786 et
611 2721 774 2802 judicibus
797 2723 878 2786 alios
894 2722 1144 2786 conservatores
1162 2729 1192 2784 et
1205 2719 1333 2800 judices

248 2819 433 2902 adiungere,
458 2829 488 2884 et
514 2820 593 2884 alias
619 2820 649 2883 in
679 2821 866 2908 praemissis
891 2832 1070 2901 opportune
1096 2819 1266 2902 prouidere
1292 2819 1333 2884 de

248 2915 445 3000 benignitate
461 2919 636 3000 apostolica
652 2920 869 3000 dignaremur.

515 3079 675 3132 Concessltm
695 3083 728 3132 de
748 3083 775 3131 le
794 3085 893 3144 seceer
906 3082 1062 3134 demandae.

286 3215 350 3280 Nos
375 3217 472 3298 igitur
495 3215 555 3298 piis
572 3217 730 3292 Recturis,
748 3219 929 3292 docturum,
948 3216 1194 3290 licentiatorum,
1214 3213 1328 3294 magis-

246 3325 379 3389 trorum,
411 3317 607 3380 scholarium
638 3327 669 3380 et
698 3317 830 3380 aliarum
861 3329 1071 3397 personarum
1106 3311 1327 3376 Universitatis

160 3461 163 3470 .
246 3415 425 3495 hujusmodi
457 3415 540 3478 votis
571 3416 601 3477 in
630 3416 688 3479 bac
717 3427 805 3494 parte
831 3431 983 3488 annuere,
1012 3423 1043 3476 et
1071 3429 1109 3476 ne
1136 3411 1196 3492 ipsi
1224 3411 1326 3476 lructu

243 3513 398 3576 dictarum
426 3513 591 3578 literarum
617 3514 738 3578 diutius
764 3525 904 3588 careant,
931 3513 1109 3594 providere,
1136 3527 1173 3575 ac
1198 3511 1326 3574 illorum

242 3612 341 3692 quieti
359 3619 390 3674 et
406 3611 627 3692 tranquillitati
646 3630 662 3675 a
680 3613 843 3676 literarum
866 3612 982 3676 studiis
1006 3611 1140 3674 maxime
1163 3609 1327 3690 requisitis

243 3709 357 3773 melius
393 3711 575 3785 consulere,
608 3727 645 3774 ac
683 3711 880 3792 singularum
919 3711 1081 3775 literarum
1113 3711 1325 3788 praelatarum

241 3808 383 3872 veriores
424 3818 565 3882 tenores,
604 3809 706 3884 datas
745 3811 982 3891 derogationes,
1019 3808 1253 3872 declarationes
1295 3817 1327 3870 et

240 3907 378 3979 decreta,
405 3923 442 3970 ac
465 3908 571 3972 omnia
596 3909 656 3972 alia
683 3909 714 3971 in
739 3909 786 3973 eis
809 3917 970 3981 contenta,
993 3925 1030 3971 au
1051 3908 1078 3970 si
1102 3908 1142 3970 de
1164 3905 1263 3970 verbo
1286 3905 1325 3968 ad

239 4005 370 4069 verbum
387 4006 610 4071 insererentur
625 4009 860 4088 praesentibus,
876 4025 933 4088 pro
949 4005 1146 4070 sufficienter
1161 4005 1325 4088 expressis

239 4105 347 4168 baberi
372 4105 527 4182 volentes,
546 4109 741 4189 eosdemque
759 4107 939 4178 Rectorem,
958 4108 1120 4180 doctores,
1140 4105 1322 4186 magistros,

238 4203 419 4268 licentiatos
432 4216 463 4269 et
475 4207 652 4282 scholares,
666 4223 703 4270 ac
715 4208 795 4270 alias
809 4223 975 4286 personas,
990 4215 1144 4270 eteorum
1161 4203 1319 4285 singulus,
