3240 4946
770 311 983 424 --tto-¹

362 539 381 606 3
396 547 425 605 et
439 537 459 604 4
473 543 545 605 oodt
563 540 654 608 lbdd.
672 541 825 610 Rectorut
840 541 880 608 de
895 541 1024 609 Nicolas
1040 544 1174 628 Coppin.

362 707 464 788 Voyez
488 707 535 771 les
556 706 687 772 extraits
709 707 768 772 des
789 709 866 774 Aeto
884 709 1108 788 Universitotis,
1126 730 1187 795 quc
1203 731 1285 781 nous
1301 733 1403 784 avons

321 806 503 887 reproduits
518 805 693 881 cidessus,
712 823 764 888 pp.
783 805 932 872 ata-377.

338 996 341 1007 ·
360 968 399 1031 ab
414 972 486 1034 oodt
501 968 592 1033 talu.
611 969 760 1036 Rectorat
775 971 815 1039 de
831 973 1009 1040 Godesoalo
1025 975 1234 1043 Rosernoudt.

360 1135 416 1203 bie
427 1136 514 1218 jouis
527 1136 700 1217 penultima
715 1138 835 1204 mensis
847 1140 973 1222 augusti
987 1140 1108 1222 indicto
1121 1142 1178 1208 luit
1193 1147 1400 1228 congregatio

316 1236 533 1302 uniuersitatis
557 1235 641 1317 apud
663 1236 919 1318 Augustinenses
938 1239 1026 1320 jnter
1048 1258 1162 1306 notram
1185 1252 1217 1322 et
1242 1244 1399 1311 decimam

317 1336 413 1401 boras
428 1344 501 1402 ante
518 1334 681 1401 meridiem
699 1351 797 1418 super
812 1335 874 1418 hijs
888 1338 1048 1404 articulis.

359 1534 480 1602 Deinde
516 1535 685 1616 proposuit
720 1535 872 1601 dominus
908 1553 944 1602 ac
981 1538 1133 1621 magister
1167 1540 1329 1606 lebannes
1358 1541 1399 1609 dc

318 1635 571 1716 wemeldingen,
602 1633 744 1700 decanus
773 1628 911 1702 ecclesie
944 1637 1112 1718 collegiata
1148 1638 1239 1707 beate
1275 1640 1399 1708 Gudule

316 1734 535 1800 Bruxeliensis
551 1731 793 1800 Cameracensis
811 1734 965 1810 diocesis,
983 1737 1119 1818 qualiter
1131 1737 1203 1819 jpse
1217 1749 1250 1804 vt
1264 1757 1397 1806 conser-

315 1844 406 1901 uator
436 1832 677 1916 priuilegiorum
707 1833 802 1898 buius
832 1835 1051 1902 uniuersitatis
1082 1837 1172 1918 plura
1202 1849 1233 1903 et
1268 1839 1397 1906 diuersa

314 1935 411 2001 babet
432 1933 542 1999 subire
563 1951 662 1999 onera
684 1943 716 2000 et
739 1934 879 2014 pericula
901 1935 1072 2000 occasione
1087 1937 1230 2018 exerciti]
1242 1937 1397 2015 jurisdic-

314 2035 411 2100 tionis
423 2033 566 2100 eiusdem
580 2033 834 2108 conseruatorie,
848 2033 961 2115 quoad
974 2034 1105 2116 longum
1117 2035 1238 2117 jbidem
1250 2037 1398 2105 recitauit

314 2145 347 2200 et
359 2133 511 2208 narrauit,
524 2141 555 2198 et
568 2131 653 2215 inter
666 2132 727 2195 alia
739 2132 875 2214 qualiter
887 2131 994 2213 indies
1009 2133 1130 2199 diuersi
1146 2145 1396 2204 conseruatores

314 2234 517 2300 diuersorum
533 2231 741 2312 collegiorum
758 2240 789 2296 et
804 2231 950 2296 locorum
970 2231 1031 2314 sibj
1055 2231 1217 2299 minantur
1238 2251 1395 2302 censuras

314 2330 621 2398 ecclesiasticasnisi
636 2330 791 2394 mandatis
801 2346 912 2396 eorum
922 2341 1046 2412 pareat,
1056 2331 1393 2416 subiungensvtterius

312 2432 398 2514 quod
422 2429 647 2512 paritormiter,
666 2427 727 2492 nisi
750 2428 906 2494 mandatis
930 2429 1162 2496 seculariorum
1186 2431 1391 2498 tribunalium

313 2537 449 2612 pareret,
466 2529 549 2593 bona
565 2544 622 2592 sua
638 2527 825 2608 temporalia
843 2545 951 2594 mense
964 2528 1061 2610 Regis
1077 2529 1178 2594 nostri
1192 2531 1393 2612 applicaren-

310 2640 372 2704 tur,
401 2636 495 2710 prout
522 2627 622 2692 semel
652 2627 692 2692 de
720 2627 802 2690 lucto
832 2627 990 2708 applicate
1020 2629 1169 2705 luissent,
1197 2630 1257 2694 nisi
1286 2631 1392 2696 medio

310 2731 490 2812 aliquorum
520 2726 696 2791 amicorum
733 2743 877 2800 suorum,
909 2727 1004 2793 ctiam
1043 2729 1201 2794 mediante
1231 2729 1393 2796 solutione

309 2837 468 2893 certarum
505 2841 716 2905 expensarum
750 2825 962 2905 judicialium,
992 2843 1073 2908 quas
1109 2827 1238 2893 soluere
1268 2830 1389 2905 babuit,

305 2927 494 3013 jmpeditum
518 2923 642 2988 luisset,
660 2923 781 2999 Quibus
803 2925 952 2989 omnibus
973 2925 1184 2991 consideratis
1207 2936 1239 2992 et
1260 2928 1390 2994 attentis

309 3045 372 3094 non
387 3025 519 3091 deberet
535 3023 647 3088 merito
665 3021 725 3104 sibj
750 3033 782 3087 vt
805 3023 944 3088 asseruit
968 3024 1101 3106 prestari
1122 3025 1388 3106 impedimentum

306 3126 383 3209 quin
403 3125 476 3206 ipse
494 3121 582 3204 juxta
605 3121 845 3186 conclusionem
868 3122 1087 3188 uniuersitatis
1110 3123 1187 3188 alias
1208 3134 1331 3206 captam
1347 3125 1389 3190 de

305 3227 416 3290 sauore
438 3231 470 3288 et
492 3222 615 3286 bonore
638 3219 698 3302 sibi¹
722 3228 754 3285 vt
776 3221 997 3304 conseruatori
1024 3222 1262 3305 priuilegiorum
1292 3224 1388 3290 buius
1414 3259 1417 3270 ·

305 3320 523 3392 uniuersitatis
535 3319 772 3401 impendendis,
792 3330 886 3401 prout
902 3320 996 3402 ijdem
1014 3323 1083 3387 suis
1101 3323 1387 3404 predecessoribus

304 3433 338 3490 ut
358 3417 643 3488 conseruatoribus
662 3417 801 3499 jmpensi
825 3419 963 3493 luerunt,
981 3422 1112 3486 eosdem
1137 3421 1254 3487 babere
1277 3433 1389 3502 posset

304 3531 335 3590 et
357 3521 553 3594 deberetur
575 3515 625 3597 suj
651 3517 899 3597 predecessores
921 3529 1170 3584 conseruatoros
1193 3520 1385 3587 babuerunt.

303 3624 408 3700 Quare
422 3615 616 3698 supplicauit
632 3623 663 3678 vt
686 3615 878 3681 uniuersitas
901 3634 1046 3698 pronunc
1062 3617 1198 3688 finaliter
1213 3619 1387 3685 concludat

301 3721 427 3804 qualem
444 3717 548 3780 locum
565 3722 596 3779 et
614 3713 794 3780 sessionem
814 3715 887 3796 ipse
909 3725 942 3780 vt
963 3725 1176 3782 conseruntur
1194 3717 1385 3799 priuilegio-

300 3837 371 3886 runr
385 3813 705 3881 buiusvniuersitatis
716 3813 892 3895 jurluturum
906 3815 1172 3890 baberedebebit,
1182 3816 1385 3898 subiungens

301 3918 385 4002 quod
409 3931 484 3980 casu
508 3929 572 3994 quo
595 3911 654 3993 sibj
677 3913 846 3992 deputetur
867 3914 1024 3980 decliuior
1045 3915 1115 3980 siue
1131 3915 1268 3996 jnlerior
1291 3916 1385 3980 locus

300 4033 394 4101 quam
424 4012 674 4095 predecessores
703 4012 751 4093 sui
786 4021 1034 4078 conseruatores
1071 4014 1264 4089 babuerunt,
1295 4016 1382 4096 quod

299 4117 389 4201 jllum
415 4129 477 4176 non
500 4109 688 4190 acceptabit,
705 4110 781 4191 quin
805 4127 877 4191 ymo
901 4112 1007 4192 potius
1027 4111 1218 4194 intentionis
1240 4121 1328 4177 esset
1348 4123 1382 4178 vt
