3236 4944
727 447 769 459 --
792 410 853 476 388
874 445 913 460 -·

319 592 500 660 »vicesima
509 601 622 660 octaua
636 593 687 660 dle
699 592 843 659 eiusdem
853 592 975 659 mensis
988 591 1069 657 lacta
1079 589 1135 656 luit
1147 585 1360 670 congregacio

275 711 333 778 per
344 693 559 774 juramentum
575 707 674 772 super
688 691 834 757 articulis
849 690 1064 772 infrascriptis
1082 711 1090 753 ε

320 815 333 854 ι
349 791 476 856 Primus
487 799 555 857 erat
567 790 605 854 ad
619 790 813 856 audiendum
827 806 1019 871 responsum
1032 787 1153 854 domini
1163 783 1359 854 cancellarii.
1442 857 1447 868 ¹

320 890 507 966 »Quantum
530 888 568 954 ad
587 888 723 968 primum
749 889 806 955 luit
822 905 1015 970 responsum
1039 883 1161 953 domini
1177 880 1359 962 caricellarlj

275 991 307 1056 in
326 989 474 1055 facultate
490 993 585 1070 prout
600 987 748 1069 superius
760 988 944 1053 continetur
960 987 1106 1053 relatum.
1124 983 1213 1059 Quod
1227 997 1360 1063 respon·

276 1106 348 1155 sum
371 1103 569 1169 nequaquam
594 1087 713 1167 placuit
739 1086 892 1152 facultati.
915 1086 1059 1167 ldeolue
1085 1102 1143 1166 pro
1166 1077 1360 1162 expedictori

277 1187 372 1254 modo
384 1185 572 1266 expediendi
584 1185 742 1262 scolares,
755 1185 915 1252 conclusit
926 1183 1061 1250 incultas
1075 1191 1108 1249 ut
1123 1181 1203 1248 certi
1218 1175 1361 1262 deputati

277 1304 360 1370 quos
374 1285 461 1350 dedit
478 1283 632 1350 haberent
646 1285 796 1350 dominos
808 1285 848 1350 de
864 1284 961 1366 opido
973 1285 1129 1350 accedere
1144 1290 1174 1346 el
1190 1295 1299 1346 coram
1315 1277 1363 1342 eis

277 1385 309 1449 in
325 1385 422 1450 domo
444 1383 633 1449 consulatus
651 1399 781 1448 causam
805 1383 964 1449 facultatis
980 1399 1053 1448 cum
1079 1379 1269 1446 narracione
1292 1375 1364 1442 lacti

277 1492 309 1549 el
331 1481 435 1549 tocius
458 1481 655 1548 fundamenti
677 1499 775 1548 cause
797 1499 971 1564 exponere,
989 1482 1192 1564 desuperque
1211 1477 1249 1542 ab
1265 1476 1362 1558 opido

279 1581 420 1647 lauorem
455 1581 626 1646 consilium
665 1582 816 1648 auxilium
857 1592 888 1647 et
923 1581 1146 1648 assistenoiam
1177 1577 1360 1658 implorare.

278 1681 423 1764 Deputati
446 1689 550 1745 autem
574 1689 666 1746 erant
685 1682 820 1746 decanus
837 1681 1052 1748 Geldonieusis
1073 1679 1225 1761 magister
1241 1678 1362 1741 Franco

280 1783 371 1846 Boett
385 1780 535 1862 magister
544 1779 700 1844 totunm
710 1781 873 1862 Flaminpt',
885 1765 1036 1863 magister
1047 1779 1199 1845 llerutcur
1213 1775 1362 1856 Dunpitcrt

279 1879 432 1962 magister
461 1881 658 1944 Hermotimus
688 1882 785 1945 Bront
813 1879 965 1962 magister
982 1879 1148 1962 ¹Joltannes
1176 1879 1213 1942 de
1238 1876 1363 1950 deuon,

280 1979 431 2060 magister
447 1978 619 2044 datdottius
639 1979 677 2043 dc
691 1978 778 2046 Mero
795 1979 945 2062 magister
960 1979 1094 2048 Iacobus
1111 1978 1192 2046 Galli
1214 1975 1366 2057 magistet·

278 2077 437 2144 tonantes
466 2077 599 2155 floscoli,
625 2079 776 2160 magister
796 2079 953 2159 Npculoua
982 2077 1194 2142 Volckrnrtissc
1217 2075 1368 2158 magister

287 2175 465 2242 thlrclmtts
486 2176 584 2241 Weert
601 2177 751 2258 magister
770 2178 923 2246 luitoldus
938 2179 1073 2242 Eldcren
1091 2177 1242 2258 magister
1256 2173 1370 2241 lotan·

280 2293 335 2339 nea
358 2277 438 2340 Herc
463 2275 614 2356 magister
638 2276 747 2339 Daniel
767 2277 804 2340 dc
824 2279 912 2342 Mero
935 2277 1087 2358 magister
1108 2275 1265 2342 totmuea
1288 2274 1368 2353 lttjn

281 2373 434 2456 magister
459 2373 612 2454 Npcolotts
639 2374 758 2438 Calculi
785 2377 937 2456 magister
961 2376 1117 2441 donaturus
1142 2375 1179 2438 dc
1206 2372 1366 2438 Bratacllu.

282 2473 371 2538 Vnde
382 2473 457 2538 dicti
470 2472 611 2555 deputati
626 2473 731 2538 medio
744 2483 889 2555 tempore
900 2484 1069 2557 antequam
1084 2473 1115 2538 in
1127 2472 1224 2554 opido
1237 2485 1366 2536 causam

282 2571 441 2637 lacultatis
456 2572 647 2637 antedictam
664 2583 882 2654 exposuerunt
904 2574 946 2639 ob
963 2585 1106 2655 rogatum
1131 2570 1366 2638 honorabilium

282 2671 422 2737 virorum
449 2670 574 2736 scilicet
599 2671 838 2754 burgimagistri
866 2681 897 2738 et
927 2671 1138 2755 quorumdam
1162 2670 1369 2737 scabinorum
1433 2697 1437 2705 ·

283 2786 381 2852 super
409 2769 568 2834 amicabili
599 2779 732 2835 tractatu
765 2771 852 2851 pacis
879 2781 911 2836 ot
940 2771 1115 2837 concordie
1144 2771 1175 2834 in
1204 2768 1371 2851 presencia

283 2867 513 2936 venerabilium
529 2867 786 2949 subscriptorum
803 2869 1007 2936 dominorum
1022 2880 1054 2936 et
1069 2871 1238 2935 doctorum
1252 2868 1289 2932 ad
1309 2868 1370 2932 lroc

284 2966 469 3048 specialiter
484 2977 669 3048 rogatorum
682 2983 755 3032 cam
770 2970 893 3035 decano
908 2970 1011 3035 sancti
1025 2969 1108 3036 Petri
1126 2977 1159 3034 ut
1175 2967 1369 3034 cancellario

284 3074 519 3140 conuenerunt,
547 3082 619 3132 cum
645 3082 709 3147 quo
736 3067 840 3133 taliter
865 3069 978 3134 saltem
1008 3069 1112 3151 quoad
1139 3068 1226 3133 hunc
1251 3081 1369 3132 annum

286 3164 370 3230 sicut
382 3164 414 3228 in
431 3165 531 3230 lorma
544 3165 689 3247 sequitur
704 3167 955 3242 concordarunt,
969 3169 1147 3235 secundum
1160 3165 1368 3238 concordata.

286 3271 320 3330 et
334 3272 409 3328 sunt
426 3263 497 3328 talia
516 3285 524 3328 z

331 3456 421 3522 »ista
435 3460 661 3528 suntordinata
675 3461 758 3529 inter
769 3465 996 3531 cancellarium
1009 3475 1041 3531 et
1053 3463 1233 3532 facultatem
1248 3465 1371 3532 Artium

289 3555 321 3620 in
334 3558 502 3640 presencia
516 3560 745 3628 uerteraltilium
758 3573 790 3628 et
801 3564 1004 3645 egregiorum
1014 3565 1154 3630 virorum
1167 3564 1371 3632 dominorum

290 3665 322 3724 et
345 3657 569 3739 magistrorum
592 3663 764 3743 depluat-ici
779 3665 816 3727 de
833 3667 945 3747 compo
968 3681 1061 3730 sacre
1078 3666 1250 3748 theologie,
1267 3667 1372 3732 Ludu-

290 3756 353 3820 ttt'ci
374 3756 412 3819 de
434 3756 542 3823 Gorais
566 3760 731 3843 utriusque
750 3761 833 3844 juris
854 3763 1004 3828 rotmanis
1032 3765 1069 3829 de
1084 3764 1249 3831 Graecdrlrc
1271 3765 1376 3845 legum

292 3863 324 3920 et
339 3854 490 3920 lotorum
505 3859 543 3922 dc
556 3859 632 3924 Ναὶ
649 3859 680 3924 in
698 3862 853 3926 medicina
871 3863 1051 3928 doctorum.

338 3976 352 4015 ι
370 3953 476 4022 Primo
492 3959 577 4039 quod
593 3959 807 4026 cancellarius
821 3961 952 4042 recipiet
966 3961 1144 4043 juramenta
1158 3961 1304 4028 ordinata
1322 3977 1378 4042 per

293 4049 472 4120 facultatem
482 4055 513 4119 in
524 4057 623 4122 lorma
636 4075 653 4122 a
665 4057 734 4124 suis
747 4060 1018 4127 examinatoribus
1030 4063 1156 4142 dempta
1172 4063 1221 4126 illa
1235 4061 1377 4126 dictione

295 4152 476 4216 cancellario
492 4155 563 4221 loco
579 4157 671 4221 cuius
688 4168 825 4240 ponatur
843 4159 901 4224 lucc
916 4161 1014 4226 dictio
1029 4161 1134 4224 alicui.
