3246 4944
711 432 893 500 -ette-

258 617 472 697 computabas
494 617 649 691 civitatis;
674 627 717 698 et,
740 636 780 683 ne
802 618 1007 685 civitatenses
1031 617 1106 684 lrinc
1129 618 1340 685 criminentur

258 733 294 779 se
311 716 385 796 poni
402 716 462 781 sub
479 717 688 794 mamburnis,
705 717 847 782 vicissim
863 717 1035 782 ordonnari
1059 717 1177 799 poterit
1195 727 1228 784 ut
1243 719 1340 800 aliqui

259 833 297 879 ex
312 815 439 880 civitate
457 817 595 897 praesint
612 817 827 898 compulimus
842 817 1076 881 Universitatis.

301 914 377 980 item
400 915 472 996 quia
493 915 637 996 publicae
653 913 771 991 scolae,
789 933 870 997 quae
888 915 994 980 ilallae
1009 925 1176 994 vocantur,
1194 925 1340 997 spectant

259 1013 296 1076 ad
312 1013 485 1087 civitatem,
502 1023 534 1080 et
548 1031 632 1080 onus
647 1014 851 1080 inter-timendi
869 1015 913 1078 illi
932 1015 1097 1091 incumbit,
1116 1015 1157 1080 ola
1180 1015 1340 1082 delectum

259 1119 322 1176 tam
345 1111 479 1178 allectus
502 1130 576 1195 erga
599 1114 843 1179 Universitatem
860 1130 954 1196 quam
972 1115 1161 1189 mediorum,
1180 1113 1340 1180 scolarum

258 1211 443 1276 intertentio
460 1213 553 1292 plane
576 1211 747 1294 negligitur
771 1235 777 1275 :
804 1221 885 1278 tecta
910 1213 1027 1294 passim
1055 1213 1245 1294 persultant,
1261 1215 1341 1280 vitra

260 1311 356 1374 lracta
373 1321 404 1376 et
419 1311 518 1391 ejecta
535 1321 621 1389 sunt,
638 1312 776 1377 tabulata
794 1312 918 1393 putrida
934 1320 964 1378 et
982 1313 1104 1392 tuleris,
1120 1331 1159 1380 ne
1175 1324 1339 1390 corruant,

259 1409 387 1486 suffulta
411 1420 485 1475 sunt
507 1428 579 1475 cum
604 1411 747 1492 periculo
770 1429 810 1476 ne
833 1412 931 1476 semel
958 1411 1095 1476 totaliter
1121 1429 1193 1477 eum
1221 1413 1341 1495 ingenti

259 1508 350 1573 ruina
372 1510 555 1587 concidant,
573 1511 614 1574 ita
640 1517 672 1575 ut
690 1511 822 1576 scholae
837 1510 885 1575 sio
902 1511 1040 1576 incultae
1057 1512 1151 1592 plane
1167 1512 1342 1593 opprobrio

260 1609 324 1673 sint
346 1608 565 1675 Universitati.
584 1609 764 1692 Aliquando
787 1610 966 1674 interillos
992 1610 1202 1676 deliberatum
1228 1611 1286 1676 luit
1310 1619 1343 1677 ut

172 1789 174 1794 Α
259 1706 466 1774 civitatenses
494 1708 647 1775 cederent
681 1708 884 1774 Unit'ersitati
922 1709 1148 1790 proprietatem
1186 1709 1342 1776 dictarum

259 1805 459 1883 scholarum;
478 1825 558 1888 quae
574 1809 604 1870 in
621 1825 655 1872 se
671 1807 827 1889 suscipiet
843 1824 924 1873 onos
940 1807 1160 1884 intertinendi‚
1176 1809 1227 1872 ulai
1244 1809 1343 1874 semei

262 1914 459 1971 restauratae
485 1917 606 1974 essent.
628 1908 688 1972 Sed
717 1907 748 1970 in
777 1907 980 1972 multitudine
1001 1907 1248 1972 deliberantium
1274 1909 1345 1974 sine

263 2005 438 2071 mediatore
453 2007 646 2073 concordiae
663 2007 817 2072 hactenus
834 2007 1007 2072 convenire
1023 2024 1087 2072 non
1105 2015 1288 2087 potuerunt.

301 2155 480 2220 iudicarem
505 2149 656 2238 expedire
678 2164 711 2221 ut
733 2173 772 2221 ex
795 2165 885 2236 parte
903 2157 985 2221 Suae
1001 2155 1175 2236 llajestatis
1190 2171 1273 2222 unus
1289 2167 1343 2222 aut

261 2255 370 2335 plures
386 2255 633 2336 deputarentur,·
650 2255 702 2336 qui
719 2273 817 2335 super
833 2255 885 2319 illa
906 2255 1113 2320 translatione
1137 2256 1343 2336 proprietatis

260 2370 333 2418 eum
359 2353 487 2419 civitate
512 2361 543 2418 et
569 2354 779 2420 Universitate
803 2361 975 2418 tractarent
997 2363 1028 2418 et
1051 2353 1084 2417 in
1107 2363 1256 2418 eventum
1279 2372 1343 2436 quo

260 2452 420 2518 civitatem
443 2452 482 2516 ad
510 2453 751 2518 translationem
778 2453 827 2518 vel
854 2453 993 2518 debitam
1020 2451 1286 2518 restaurationem
1312 2463 1344 2518 et

259 2551 407 2617 stabilem
436 2551 694 2617 intertentionem
725 2551 879 2616 inducere
910 2568 972 2616 non
1004 2551 1140 2630 possint,
1172 2551 1211 2615 ad
1248 2551 1343 2616 Suam

260 2649 485 2716 rtxcetlenttam
508 2651 662 2725 deterant,
687 2651 828 2732 desuper
850 2668 907 2716 sua
930 2652 1101 2716 autoritate
1124 2652 1337 2732 provisuram.

299 2797 432 2874 Quando
445 2816 481 2863 ex
495 2807 583 2880 parte
596 2799 691 2881 liegis
705 2809 735 2864 et
747 2799 890 2864 Statuum
905 2799 983 2864 lium
995 2816 1183 2864 communes
1196 2800 1339 2882 quotiea-

258 2898 363 2962 tiones
392 2897 613 2963 liniversitatis
643 2905 673 2962 et
703 2897 851 2973 civitatis,
884 2907 1011 2978 putatur
1040 2899 1212 2964 convenire
1243 2908 1276 2964 ut
1306 2900 1337 2963 in

258 2996 401 3060 iacienda
424 2997 640 3078 quotisatione
662 2997 834 3062 academici
860 2997 1089 3062 intervenirent
1111 3015 1209 3077 super
1223 3013 1337 3078 grava-

258 3095 344 3160 mine
380 3097 621 3177 suppositorum
658 3114 801 3171 suorum,
836 3097 915 3160 alias
953 3113 1009 3176 per
1045 3097 1249 3161 civitatenses
1287 3096 1339 3162 isti

259 3194 517 3274 pessumdantur.
551 3195 589 3258 Et
625 3195 685 3258 troc
724 3195 799 3258 milri
837 3195 959 3274 iustum
996 3195 1132 3269 videtur,
1164 3195 1338 3260 dummodo

257 3291 388 3358 servitio
403 3281 486 3358 Suae
501 3293 674 3375 llajestatis
691 3309 754 3359 non
773 3293 1021 3374 praejudicetur.

785 3467 816 3528 5.

297 3621 375 3688 item
411 3623 444 3687 in
482 3619 669 3688 visitatione
706 3623 872 3688 ordinatur
907 3630 939 3686 ut
974 3623 1082 3688 Rector
1111 3629 1194 3686 curet
1221 3630 1335 3688 statuto

258 3723 469 3788 tlnnereitottr
493 3724 622 3803 sintqulla
647 3725 748 3795 oretria,
772 3726 836 3804 ipae
859 3723 908 3787 dt‘e
931 3725 1031 3786 soracti
1056 3723 1200 3798 Batonis,
1216 3724 1335 3804 plublice

254 3821 322 3902 lepi,
341 3834 417 3898 etc„
440 3831 472 3887 ut
487 3842 574 3887 nemo
589 3841 693 3887 eorum
709 3825 914 3904 tenorentium
932 3823 1133 3904 praetendere
1145 3825 1254 3904 possit,
1272 3831 1335 3888 etc.

296 3985 417 4051 Statuta
442 3988 602 4068 generalia
630 3987 849 4052 Universitatis
871 3987 1044 4068 quotannis
1067 3987 1118 4051 die
1142 3987 1334 4066 praestituto

254 4084 468 4166 publicantur,
497 4104 559 4150 non
590 4097 695 4152 autem
725 4089 853 4151 decreta
890 4085 1099 4150 visitationis.
1133 4086 1212 4150 ilinc
1250 4095 1335 4150 tanta

254 4181 383 4248 illorum
399 4195 448 4250 est
463 4185 652 4266 ignorantia,
670 4196 704 4252 nt
720 4186 828 4267 plures
843 4185 1030 4260 academici,
1047 4185 1099 4266 qui
1118 4184 1225 4249 multis
1241 4183 1336 4248 annis

255 4280 288 4346 in
304 4281 517 4348 Universitate
533 4285 671 4362 luerunt,
689 4285 741 4350 illa
757 4285 917 4368 ignorent.
