3236 4944
717 450 900 518 -tst-

306 641 332 697 A
349 633 505 714 plusieurs
521 611 713 716 reprises'les
728 635 911 696 souverains
927 633 1124 716 brabancons
1141 647 1349 699 reconnurent
1381 653 1384 658 ’

266 733 504 815 publiquement
522 733 679 796 l'autorite'
694 746 723 796 et
740 733 940 814 l'exemption
956 732 999 794 du
1024 732 1162 795 tribunal
1186 723 1351 796 conserva-

265 834 367 896 torial.
389 835 474 896 Dans
498 853 559 894 une
581 834 688 898 charte
710 833 753 895 du
782 834 816 894 18
838 833 915 895 aollt
944 834 1030 914 1460,
1048 833 1125 894 dont
1150 853 1230 895 nous
1252 855 1350 896 avons

265 931 370 994 donne
405 932 434 996 le
469 944 550 994 texte
589 931 755 1003 ci-dessus,
789 951 840 1012 pp.
860 953 919 1014 2¹4
941 951 1018 1002 svv.‚
1050 931 1077 992 le
1113 931 1175 994 duc
1207 933 1350 1014 l'hilippe

265 1031 293 1092 le
319 1031 387 1094 Bon
410 1029 561 1093 confirma
585 1031 628 1094 les
652 1029 816 1114 privildges
842 1031 987 1094 accordes
1013 1051 1074 1092 aur
1102 1031 1348 1095 Conservateurs

264 1149 321 1211 par
344 1131 386 1192 les
410 1131 510 1192 bulles
533 1129 740 1211 pontificales,
757 1144 786 1192 et
810 1130 953 1192 ordonna
977 1129 994 1191 ὲ
1017 1143 1089 1194 tous
1109 1150 1155 1192 ses
1170 1129 1304 1193 officiers
1319 1145 1349 1194 et

263 1229 416 1310 justiciers
432 1229 470 1290 de
493 1229 598 1292 veiller
620 1229 637 1290 ὲ
661 1249 695 1308 ce
717 1229 808 1312 qu’ils
831 1231 931 1290 soient
956 1232 1106 1310 respectes
1128 1249 1185 1312 par
1207 1243 1280 1292 tous
1302 1250 1349 1292 ses

264 1326 371 1406 sujets.
398 1349 410 1385 r
431 1327 645 1390 Concedimus
671 1330 800 1409 insuper
823 1341 928 1391 tenore
949 1330 1153 1408 presentium,
1171 1328 1216 1391 dit
1233 1329 1260 1390 le
1276 1329 1348 1406 duc,

267 1451 279 1488 l
299 1427 585 1490 Conservatoribus
608 1427 845 1508 privilegiorum
869 1427 950 1490 dicte
973 1427 1035 1490 filie
1059 1441 1164 1490 nostre
1189 1429 1350 1490 Universi·

267 1549 280 1586 rr
299 1527 370 1589 tatis
403 1527 608 1588 Lovaniensis
637 1539 824 1606 potestatem
859 1527 923 1588 suis
961 1525 1184 1604 injuriantibus
1219 1511 1349 1608 juridice

268 1625 459 1699 »obviandi
485 1625 657 1688 secundum
684 1627 771 1708 quod
797 1626 969 1708 apostolica
998 1625 1092 1690 Sedes
1115 1627 1158 1688 eis
1182 1629 1345 1688 concessit.

268 1747 281 1784 r
300 1725 417 1788 Dantes
430 1737 593 1808 propterea
609 1727 640 1786 in
657 1725 814 1788 mandatis
830 1738 937 1788 tenore
953 1724 1136 1806 hujusmodi
1154 1727 1345 1806 presentium

268 1824 484 1886 »cancellario
511 1838 619 1888 nostro
647 1825 827 1898 Brabantie‚
850 1824 1018 1906 presidenti
1048 1837 1154 1886 nostro
1187 1825 1346 1897 Flandrie‚

268 1945 280 1982 n
299 1923 427 1984 baillivo
441 1936 550 1985 nostro
567 1925 737 1985 Hannonie
749 1937 778 1986 et
792 1924 1018 1996 locumtenenti
1035 1933 1142 1984 nostro
1162 1922 1345 1997 Hollandie,

269 2020 446 2084 rZelandie
466 2035 495 2085 et
520 2023 544 2085 F
548 2023 630 2096 risie,
647 2011 818 2103 ceterisque
840 2022 987 2102 gentibus
1010 2021 1047 2083 de
1072 2022 1215 2085 Consilio
1240 2033 1347 2084 nostro

268 2144 281 2180 u
299 2140 393 2201 super
408 2123 510 2183 causis
525 2135 555 2184 et
566 2122 697 2202 agendis
708 2123 882 2202 patriarum
895 2136 924 2185 et
936 2121 1150 2184 dominiorum
1164 2133 1345 2182 nostrorum

269 2231 407 2281 inostra
433 2239 469 2280 ex
495 2233 582 2301 parte
607 2222 783 2282 commissis
812 2233 840 2283 et
871 2220 1039 2302 deputatis,
1068 2240 1103 2280 ac
1132 2221 1283 2282 omnibus
1312 2240 1347 2282 ac

257 2341 284 2378 n
300 2317 433 2400 singulis
455 2317 645 2398 justiciariis,
663 2317 821 2381 officiariis
839 2333 868 2382 et
885 2318 1019 2381 subditis
1036 2321 1162 2392 nostris,
1181 2339 1234 2400 per
1249 2317 1348 2382 dictas

268 2441 280 2478 r
299 2401 411 2480 ornnes
428 2430 550 2480 nostras
565 2432 672 2493 terras,
691 2418 760 2479 loca
775 2431 804 2480 et
820 2417 959 2480 dominia
976 2420 1167 2491 constitutis,
1185 2432 1214 2480 et
1237 2437 1347 2480 eorum

267 2515 558 2591 »locatenentibus
588 2519 784 2600 presentibus
812 2531 842 2580 et
871 2518 999 2590 futuris,
1028 2529 1184 2598 quatenus
1211 2516 1348 2596 prefatos

267 2637 280 2674 r
300 2617 458 2689 nectores,
476 2616 629 2693 doctores,
649 2617 827 2697 magistros,
842 2617 1028 2691 licentiatos,
1043 2617 1209 2694 scholares,
1228 2635 1347 2696 suppo-

266 2717 368 2790 usila,
395 2716 571 2788 servitores,
595 2715 756 2778 dictorum
786 2716 940 2778 librorum
971 2729 1000 2780 et
1031 2716 1188 2777 bonorum
1214 2735 1345 2777 suorum

267 2837 279 2874 r
298 2826 434 2876 vectores
457 2814 744 2901 seuconductores,
763 2816 890 2897 prelatis
906 2815 1022 2878 nostris
1038 2815 1213 2896 privilegio,
1231 2816 1343 2896 gratia,

268 2935 280 2972 l
299 2913 452 2987 libertate,
471 2914 673 2976 immunitate
687 2927 717 2992 et
732 2916 929 2996 exemptione
945 2916 992 2977 uti
1011 2927 1040 2977 et
1062 2914 1198 2994 gaudere
1221 2911 1347 2994 pacifice

269 3034 281 3072 r
299 3025 328 3075 et
345 3013 449 3093 quiete
465 3015 622 3094 perpetuis
638 3013 751 3076 futuris
764 3014 959 3096 temporibus
976 3014 1090 3076 faciant
1104 3025 1133 3076 et
1151 3014 1345 3094 permittant,

268 3134 281 3170 n
299 3112 332 3172 in
354 3123 384 3173 et
407 3129 461 3192 per
483 3112 615 3173 modum
639 3124 824 3193 pretactum‚
846 3115 912 3174 sine
934 3115 1103 3191 disturbio‚
1121 3110 1347 3193 impedimento

266 3233 279 3270 r
297 3223 352 3274 aut
370 3211 604 3293 perturbatione
619 3213 874 3294 quibuscumque
889 3225 947 3274 etc.
970 3236 982 3272 r

308 3410 366 3471 Les
396 3410 545 3490 pouvoirs
574 3409 833 3472 extraordinaires
859 3423 889 3474 et
915 3411 959 3472 les
984 3408 1348 3492 exemptionsjaccordes

266 3527 322 3590 par
344 3508 387 3569 les
410 3509 561 3570 autorites
583 3509 688 3570 civiles
710 3522 739 3571 et
762 3509 1009 3590 ecclesiastiques
1032 3529 1072 3570 au
1097 3511 1230 3572 Recteur
1254 3521 1283 3570 et
1306 3528 1346 3570 au

267 3607 497 3670 Conservateur
526 3609 581 3670 des
611 3607 775 3690 privildges
810 3609 849 3670 de
865 3605 871 3618 ”
885 3609 1087 3671 l'Universite
1122 3606 1348 3690 engendrdrent

267 3704 386 3769 bientbt
410 3707 447 3768 de
469 3725 579 3788 graves
601 3708 699 3782 abus;
724 3709 761 3770 ils
783 3707 961 3783 exciterent,
985 3728 1023 3770 en
1045 3719 1147 3779 outre,
1166 3707 1194 3768 la
1217 3706 1348 3786 jalousie

265 3805 319 3866 des
355 3807 526 3868 tribunaux
555 3805 729 3869 ordinaires
758 3807 869 3870 etablis
899 3827 954 3888 par
984 3807 1027 3869 les
1056 3808 1238 3869 souverains
1268 3825 1349 3888 pour

265 3903 541 3968 l’administration
566 3906 604 3968 de
633 3907 661 3968 la
692 3905 801 3985 justice
830 3909 909 3968 dans
937 3907 1021 3969 leurs
1051 3908 1139 3970 etats.
1172 3908 1265 3968 Aussi
1295 3904 1349 3967 des

264 4003 397 4082 plaintes
421 4006 577 4084 surgirent
603 4025 644 4066 au
672 4005 751 4087 sujet
777 4005 832 4068 des
858 4009 1017 4068 exactions
1040 4007 1218 4081 commises,
1244 4017 1272 4067 et
1295 4004 1349 4066 des

263 4099 387 4164 conflits
403 4101 569 4166 dclatdrent
584 4104 622 4166 de
639 4118 710 4167 tous
726 4106 770 4167 les
786 4105 881 4167 cdte's.
902 4108 987 4168 Pour
1001 4105 1149 4168 reme'dier
1162 4104 1179 4166 a
1193 4123 1242 4166 ces
1255 4123 1348 4165 maux

265 4221 307 4262 on
337 4201 395 4264 dut
426 4197 545 4266 bientdt
575 4207 712 4266 recourir
741 4205 758 4266 a
789 4206 816 4267 la
847 4205 1030 4268 conclusion
1057 4203 1216 4267 d'accords
1242 4225 1284 4265 ou
1311 4204 1349 4265 de

266 4299 453 4365 concordate
475 4301 685 4368 determinant
706 4317 898 4368 exactement
919 4305 964 4368 les
985 4304 1100 4368 limites
1121 4304 1176 4368 des
1197 4305 1298 4368 droits
1319 4315 1350 4366 et
