3246 4944
630 479 634 496 ι
711 428 896 494 -633-

705 641 896 707 cxxxtnt.

300 776 359 838 biii
389 785 494 840 antem
526 775 785 840 determinabant
815 777 846 838 in
878 774 990 840 iisdem
1021 772 1144 838 sobolis
1169 771 1344 852 cademque

262 877 375 950 l'orma,
406 875 462 939 sed
495 875 753 957 praesidentibus
782 876 943 940 dumtaxat
975 873 1118 955 eiusdem
1158 869 1343 954 paedagogii

259 975 457 1042 domesticis.

716 1105 881 1170 CXXXIX.

301 1257 365 1322 Sub
390 1257 513 1321 initium
536 1273 612 1321 vero
629 1257 761 1321 secundi
779 1256 851 1319 anni
870 1253 998 1338 prarrio
1015 1253 1159 1318 examine
1177 1266 1343 1334 promove-

258 1355 377 1422 buntur
393 1357 431 1420 ad
447 1358 581 1437 gradum
599 1357 871 1421 baccalaurcatus.

758 1504 846 1570 CXL.

302 1649 340 1705 At
355 1651 497 1707 extremo
518 1639 617 1705 totius
640 1639 758 1704 biennii
784 1638 937 1703 trimestri
960 1637 1094 1718 quilibet
1116 1635 1344 1700 baccalaureus
1420 1647 1421 1650 ’

259 1742 418 1807 licentiam
437 1739 467 1802 in
485 1737 607 1802 artibus
624 1737 795 1802 intendens
812 1737 911 1802 semel
931 1735 1057 1818 publice
1073 1734 1134 1800 sibi
1150 1734 1342 1814 assignatam

177 1895 180 1902 .
259 1839 480 1921 philosophiae
505 1846 625 1918 partem
651 1845 761 1901 contra
785 1835 959 1917 quemlibet
984 1843 1218 1916 oppugnantem
1235 1832 1344 1896 delen-
1400 1846 1407 1889 f

257 1941 327 2014 det;
359 1939 539 2020 deligenter
571 1945 675 2000 lamen
706 1935 873 2016 speciatim
911 1953 929 2000 c
966 1935 1102 2016 singulis
1140 1929 1344 2012 paedagogiis

258 2047 394 2123 quatuor
423 2039 488 2118 qui,
517 2035 700 2116 professore
737 2034 954 2115 praesidente,
982 2043 1078 2098 totam
1110 2029 1343 2113 philosophiam

258 2135 384 2218 duobus
407 2135 532 2212 diebuS,
553 2133 649 2214 priori
674 2133 803 2214 quidem
829 2133 954 2197 duabus
976 2141 1050 2196 ante
1072 2139 1102 2194 et
1124 2129 1249 2194 duabus
1272 2135 1342 2208 post

259 2235 434 2309 meridiem,
468 2232 637 2314 posteriori
668 2249 744 2296 vero
781 2232 906 2295 duabus
942 2240 1015 2295 ante
1052 2229 1215 2294 meridiem
1255 2226 1341 2290 boris

255 2343 367 2400 eontra
383 2333 542 2414 quoslibet
557 2332 748 2396 sustineant.

746 2463 848 2527 ttxtt.

298 2617 333 2680 lit
364 2616 489 2680 tandem
516 2617 553 2680 ad
582 2615 729 2680 licentiae
752 2613 886 2695 gradum
914 2611 1196 2692 promovebuntur,
1216 2609 1344 2690 praevio

259 2717 405 2798 rigoroso
436 2715 606 2780 tentamine
645 2724 676 2778 et
713 2715 871 2786 examine,
905 2710 1100 2793 praesentati
1138 2726 1194 2790 per
1229 2709 1344 2772 dictam

258 2815 438 2878 laenitatem
454 2813 679 2877 Universitatls
697 2821 827 2877 nostrae
841 2799 1055 2884 'Carreellarim
1071 2809 1181 2884 reboo
1198 2807 1342 2884 absente,

259 2915 359 2976 sancti
388 2912 471 2976 Petri
499 2912 631 2987 decano,
650 2921 680 2976 et
707 2911 820 2976 eodem
847 2909 1102 2974 benedictionem
1129 2906 1341 2986 impartiente,

259 3010 355 3090 idque
393 3011 478 3074 circa
519 3011 634 3074 lestum
672 3008 814 3074 Omnium
851 3009 1040 3073 Sanctorum
1079 3004 1208 3070 biennio
1244 3003 1342 3069 studii

256 3109 394 3173 evoluto.

741 3238 858 3302 extit.

298 3388 378 3452 [licti
409 3397 513 3452 autem
544 3386 699 3453 examinis
726 3397 755 3452 el
790 3388 974 3452 tentaminis
1006 3387 1057 3451 bio
1083 3387 1143 3452 erit
1169 3387 1265 3467 rigor,
1296 3393 1340 3460 ul,

255 3487 417 3568 praestitis
435 3487 581 3568 primitus
599 3504 655 3567 per
667 3493 771 3552 octoa
788 3486 973 3567 regentibus
986 3495 1228 3568 praesentantes
1245 3490 1342 3566 lprac-

253 3593 428 3667 sentatosll
452 3601 483 3655 et
505 3607 522 3654 a
545 3590 694 3654 laenitate
717 3589 911 3670 approbatos
939 3590 1143 3669 professores
1170 3587 1340 3670 primarios

250 3689 441 3768 iuramentis
457 3691 494 3752 ad
511 3705 583 3753 eum
599 3688 748 3753 ellectum
767 3705 824 3768 per
839 3689 955 3753 dietam
973 3688 1151 3753 laenitatem
1169 3687 1339 3763 ordinatis,

255 3787 507 3870 uniuscnjusque
548 3788 675 3852 illorum
712 3788 895 3866 duodecim,
931 3805 1014 3869 quos
1054 3790 1175 3869 primos
1215 3787 1340 3850 linialrs

252 3889 373 3962 dieunt,
392 3887 456 3952 aori
484 3888 618 3951 duarum
647 3887 798 3951 borarurn
825 3886 969 3952 examine
994 3898 1025 3952 et
1049 3889 1144 3952 trium
1170 3886 1342 3952 tentamine

252 3985 388 4050 eruditio
407 3985 569 4065 probetur,
588 3986 730 4066 exeeptis
752 3986 908 4050 verbatim
932 3987 1185 4069 uniuscnjusque
1209 4002 1341 4066 respon-

251 4084 308 4158 sis,
327 4093 357 4148 et
372 4102 410 4148 ex
428 4084 465 4147 iis
482 4085 623 4164 (secluso
641 4102 697 4166 per
708 4084 928 4165 iuramentum
945 4085 1105 4150 dictorum
1128 4084 1339 4149 officiatorum

252 4181 379 4263 allecto)
396 4183 566 4263 unicuique
581 4185 662 4249 ordo
679 4185 873 4264 assignetur,
893 4185 990 4248 simili
1008 4185 1038 4248 in
1056 4184 1206 4248 omnibus
1222 4183 1339 4248 ceteris

249 4289 376 4354 servata
393 4281 539 4358 lbrrnula,
559 4283 619 4349 nisi
635 4285 720 4365 quod
739 4293 864 4363 tempus
884 4283 1006 4349 nonsit
1025 4293 1085 4348 tam
1104 4282 1275 4364 prolixum.
