3100 4942
594 492 759 560 ..33-

126 674 288 757 temporis
312 673 398 756 cuod
420 673 505 740 ausit
531 673 600 753 ipsa
626 673 690 742 illie
717 681 826 740 nostra
849 673 914 755 pati
930 682 1052 755 ..posset
1074 671 1220 744 dissulu-

128 773 252 839 tionsm
274 781 308 838 et
328 771 515 846 scissuram.
537 772 623 852 quud
646 771 679 838 iu
702 771 863 840 amicum
881 771 1039 840 honorem
1058 780 1219 848 nostrum,

124 879 164 937 et
186 871 289 952 patrie
310 882 423 938 nostre
441 869 613 938 liralrantie
633 869 841 947 retundunt,
857 869 1078 951 supplicantes
1099 869 1219 936 humil»

127 969 210 1036 lime
230 969 423 1049 utdssuper
443 969 622 1044 attondere,
639 967 812 1049 prouidere
833 975 866 1036 et
880 967 1048 1036 intendere
1062 968 1219 1036 vellemus

125 1078 305 1148 omanus,
327 1067 444 1132 lictum
473 1065 608 1134 lecimus
633 1065 719 1146 cuod
746 1082 808 1133 nos
833 1074 1003 1147 pustouem
1032 1065 1156 1132 litteras
1177 1066 1219 1134 de

125 1166 251 1247 quibus
271 1183 377 1248 ‚supra
407 1182 464 1246 per
492 1165 739 1232 dilectissimum
768 1175 800 1232 et
828 1165 956 1232 ildelem
985 1163 1218 1232 cancellarium

128 1274 280 1330 nostrum
294 1265 471 1331 Jolrsnuem
488 1264 582 1338 liunt,
599 1263 773 1330 inertibus
789 1263 988 1345 magistrum,
1005 1273 1036 1330 ut
1052 1263 1219 1344 altiusque

127 1361 215 1442 iuris
229 1363 409 1440 doctorem,
422 1363 567 1443 aliosque
584 1371 715 1428 nostros
727 1363 933 1429 consiliarius
947 1377 1020 1428 cum
1038 1361 1220 1429 maturitate

129 1459 270 1526 lecimus
305 1461 490 1534 essminari,
520 1461 724 1528 attendentes
752 1461 957 1542 disciplinam
991 1460 1219 1527 elicientium

127 1576 259 1626 summe
281 1561 351 1628 iure
371 1561 568 1642 appetendus
591 1577 632 1626 ne
647 1568 775 1641 egestas
798 1569 831 1626 et
845 1560 1020 1642 ignominia
1043 1577 1105 1626 uos
1127 1559 1220 1627 iuua-

126 1657 221 1735 dant,
247 1667 396 1740 unquam
419 1657 590 1739 discipline
611 1658 914 1740 deprompsimus
936 1659 1015 1724 illud
1038 1658 1121 1726 Osee
1144 1675 1218 1739 pro·

131 1755 230 1834 pluete
245 1758 298 1836 (l),
314 1765 348 1822 tu
368 1756 534 1822 scientiam
550 1765 582 1822 et
596 1757 799 1838 disciplinam
815 1757 974 1838 repulisti,
990 1766 1023 1824 et
1038 1773 1097 1838 ego
1113 1757 1218 1837 repcle

126 1853 254 1930 lamte,
269 1854 398 1937 quodsi
412 1855 483 1936 iege
497 1862 592 1930 teste,
610 1871 672 1920 uon
689 1855 732 1919 sit
743 1871 834 1921 amor
844 1854 898 1936 qui
914 1857 1020 1920 vincat
1036 1865 1217 1935 paternum,

131 1951 165 2016 iu
192 1952 261 2018 illio
286 1964 391 2020 tamen
419 1953 463 2018 nil
488 1953 604 2020 cedere
630 1962 736 2033 putest
758 1954 844 2034 pund
872 1963 962 2036 pater
984 1955 1086 2036 magis
1108 1953 1219 2034 diligat

125 2067 228 2132 ,onam
245 2052 460 2132 disciplinam,
477 2068 549 2116 cum
574 2051 660 2116 lilius
676 2053 807 2133 proprie
828 2068 893 2118 nou
908 2051 1052 2134 diligitur
1073 2051 1134 2116 nisi
1150 2050 1219 2116 dis-

129 2149 318 2230 ciplinetur,
335 2167 409 2232 ymo
429 2165 553 2216 summa
577 2151 680 2232 glorie
705 2151 804 2231 patris
820 2161 871 2216 est
889 2150 976 2216 filius
998 2149 1141 2231 sapiens,
1158 2164 1218 2218 nou

129 2247 205 2314 siue
229 2265 341 2326 csusa,
363 2250 437 2331 ouis
456 2250 545 2331 iuxta
571 2250 763 2332 drepanium
786 2249 818 2316 in
842 2249 1029 2333 muralibus,
1052 2265 1111 2314 cor
1131 2246 1218 2329 pund

131 2347 206 2413 sine
219 2348 390 2430 disciplina
405 2357 467 2424 est,
483 2348 615 2414 exaltari
632 2364 696 2413 nnn
712 2349 806 2424 ualet,
821 2349 958 2414 humana
973 2363 1110 2429 nemque
1126 2363 1217 2412 mens

123 2443 217 2510 -sicut
230 2446 274 2511 ou
288 2446 447 2514 deiectum
463 2447 597 2512 scientie
620 2448 702 2512 mule
717 2448 840 2514 eleuata
864 2449 894 2510 in
911 2446 1029 2517 iullmis
1052 2446 1218 2526 premitur,

128 2543 179 2610 sic
206 2554 322 2624 pressa
347 2544 516 2626 discipline
543 2545 703 2612 mediante
728 2545 762 2610 iu
788 2545 981 2612 sublimibus
1003 2545 1163 2620 eleuatur;
1185 2553 1220 2612 ¹et

129 2633 302 2720 lsidurb,
318 2644 465 2710 doctriua
484 2644 695 2715 excellentior
714 2655 765 2710 est
786 2655 918 2720 nuturu;
933 2645 1125 2710 Aristoteles
1139 2659 1221 2725 uuo-

126 2759 193 2824 que
207 2743 427 2824 interrogatus
443 2743 474 2810 in
490 2759 555 2824 quo
570 2743 766 2825 disciplinati
780 2743 968 2824 discrepant
982 2743 1023 2808 alr
1045 2742 1220 2822 indiscipli-

121 2842 227 2916 natis,
244 2843 302 2916 sit,
323 2842 407 2907 sicut
430 2842 584 2908 differunt
608 2844 753 2909 uiuentes
774 2858 793 2908 t
817 2842 970 2915 mortuis:
995 2851 1026 2908 et
1047 2840 1125 2908 Ceto
1148 2843 1221 2908 siue

122 2940 278 3006 doctrina
294 2941 356 3006 uita
379 2951 430 3006 est
450 2942 543 3023 quasi
567 2943 681 3008 mortis
703 2959 829 3024 ymago.
844 2941 899 3009 cul
924 2941 1055 3022 sapiens
1072 2957 1220 3022 prorum-

122 3041 259 3120 peusin
275 3041 337 3104 nec
352 3041 448 3114 rerba
463 3041 492 3105 si
508 3041 644 3107 selemia
660 3043 766 3106 cointe
785 3051 840 3108 tue
860 3042 1027 3122 placuerit,
1045 3040 1217 3106 concilium

129 3149 162 3203 te
182 3137 347 3204 custodiet
369 3152 400 3204 st
424 3141 593 3222 prudentia
617 3149 648 3206 te
671 3141 827 3217 seruauit,
844 3151 878 3206 ut
896 3140 1022 3206 eruaris
1037 3157 1054 3204 a
1070 3140 1120 3205 siu
1136 3139 1218 3204 mala

124 3247 160 3302 et
184 3237 227 3302 al)
251 3238 457 3320 homiuenui
480 3239 622 3320 loquitur
645 3255 809 3320 peruersa,
834 3239 952 3304 credas
973 3238 1084 3314 dictis,
1106 3237 1164 3303 ssd
1187 3247 1219 3304 et

122 3337 224 3402 iactis
245 3336 422 3418 applausus
443 3343 510 3412 est,
526 3338 664 3418 legimns
684 3353 799 3418 nempe
818 3337 1034 3413 Salomonem,
1052 3351 1116 3401 nou
1135 3335 1219 3401 diui·

128 3434 202 3510 tias,
220 3450 285 3498 nnn
309 3434 405 3516 lunga
428 3445 573 3516 tempora
596 3435 692 3501 huius
717 3436 791 3510 uile,
811 3436 868 3502 sed
891 3434 1091 3517 prudentiam
1115 3449 1133 3498 a
1155 3433 1219 3500 deo

128 3531 304 3613 expetiisse
325 3542 359 3598 et
382 3534 584 3615 impetrasse.
608 3534 750 3600 Audiens
771 3535 858 3600 euim
885 3533 1016 3614 sapiens
1041 3531 1219 3615 sapientior

127 3629 198 3703 erit,
222 3639 258 3696 st
278 3630 464 3712 intelligens
487 3631 693 3698 tabernacula
718 3632 913 3714 possidente
940 3633 1063 3698 iunctus
1088 3647 1217 3714 quoque

162 3859 199 3930 (l)
220 3859 270 3926 lsi,
285 3875 392 3915 comme
410 3877 508 3916 encore
529 3861 590 3933 plus
611 3863 669 3917 loin
688 3867 723 3919 uir
743 3861 763 3917 il
787 3869 829 3918 est
851 3863 978 3936 question
1001 3863 1041 3918 de
1058 3863 1085 3916 is
1108 3862 1217 3919 sciense

126 3947 316 4036 theologiqus,
326 3951 352 4006 le
362 3951 547 4008 ridsctenrdu
559 3953 682 4024 diploma
693 3953 741 4008 luit
752 3953 892 4026 plusieurs
902 3953 1033 4010 situations
1042 3951 1218 4024 empruntt'ses

126 4039 303 4096 allier-iture
315 4041 416 4108 sainte,
430 4059 483 4096 sun
497 4043 584 4098 saints
605 4044 688 4100 Perus
707 4050 735 4099 st
751 4061 807 4098 sux
826 4043 962 4100 durissime
983 4045 1121 4115 proisnes.
1138 4043 1216 4098 Noua

127 4129 323 4200 rsprudnisons
341 4131 499 4188 flddlsmsnl
517 4133 544 4187 ls
561 4139 636 4189 texte
655 4133 689 4189 ds
708 4133 735 4189 ltt
748 4134 853 4190 charis.
869 4133 907 4190 Le
919 4133 1033 4199 leeteur,
1049 4141 1130 4206 sprss
1143 4137 1215 4188 cette

125 4219 310 4288 milon,
325 4221 497 4293 distingusrs
513 4239 578 4278 aens
591 4223 672 4296 psins
684 4241 728 4286 css
740 4223 869 4280 ditatione
883 4223 920 4278 du
933 4229 1008 4282 lente
1020 4225 1054 4279 ds
1068 4222 1147 4280 l'acte
1161 4223 1214 4278 lul·

133 4315 227 4368 ments.
