3240 4946
724 449 909 514 -ttt-

269 627 412 711 quolibet
449 628 585 694 termino
621 635 764 710 protacto
792 629 959 697 blanciam
990 649 1064 698 esse
1094 631 1296 707 soluendam,
1328 639 1360 698 et

268 730 352 811 quod
371 735 478 795 rector
493 737 524 794 et
545 727 686 810 deputat]
712 730 862 797 ordinent
881 730 958 812 jllos
981 731 1033 813 qui
1058 731 1191 798 eandem
1217 731 1359 812 recipere

267 827 430 892 habebunt
446 826 506 892 sub
523 827 648 892 calculo
667 827 832 894 reddendo
850 830 1009 895 mediante
1024 845 1136 894 eorum
1152 829 1295 895 sallario.

309 930 450 1006 insuper
474 926 616 990 narrauit
639 925 789 992 dominus
813 936 921 993 rector
942 928 1080 1010 qualiter
1103 927 1361 994 exordinatione

270 1022 474 1090 dominorum
505 1024 729 1106 deputatorum
760 1026 911 1092 besterna
940 1026 993 1091 die
1028 1025 1118 1091 missi
1157 1027 1284 1092 fuerunt
1319 1027 1358 1091 ad

271 1121 436 1188 dominum
467 1129 728 1190 conseruatorem
759 1124 836 1206 certj
867 1123 1000 1201 domini,
1029 1125 1177 1190 videlicet
1208 1125 1360 1207 magister

271 1233 382 1287 noster
411 1221 584 1296 Adrianus,
613 1221 765 1303 magister
794 1233 905 1289 noster
929 1224 1091 1289 iohannes
1119 1223 1160 1290 de
1185 1222 1357 1298 Montibus,

212 1347 218 1358 ·
271 1319 423 1402 magister
445 1320 605 1386 walterus
628 1320 668 1386 de
691 1321 787 1398 Baka,
813 1323 965 1406 magister
986 1323 1151 1389 lohannes
1174 1322 1306 1388 Calaber
1328 1334 1360 1388 et

256 1415 608 1500 'magisterliicbolaus
621 1419 957 1498 dedmsterdammis3
976 1421 1028 1504 ouj
1046 1429 1167 1487 tantum
1183 1420 1360 1488 effecerunt

270 1517 354 1600 apud
377 1517 514 1584 eundem
532 1517 698 1584 dominum
722 1533 983 1586 conseruatorem
1007 1522 1093 1603 quod
1115 1521 1189 1602 jpse
1212 1522 1359 1602 promisit
1426 1595 1429 1602 ,

271 1633 404 1682 seruare
426 1625 458 1682 et
479 1616 668 1683 continuare
691 1618 829 1684 tribunal
852 1637 959 1696 suum,
981 1619 1072 1686 saluo
1095 1620 1179 1702 quod
1203 1620 1358 1684 reforma·

270 1715 376 1781 tiones
401 1715 491 1781 curie
516 1731 576 1782 sue
602 1732 659 1797 per
687 1732 762 1781 eum
791 1729 960 1799 concepte,
988 1718 1105 1784 additis
1135 1717 1292 1783 addendis
1320 1735 1359 1784 ac

269 1813 476 1880 detrahendis
492 1814 645 1880 detractis
661 1832 718 1896 per
730 1815 983 1894 uniuersitatem,
997 1825 1071 1883 ante
1083 1817 1215 1882 terciam
1229 1817 1359 1882 audien-

271 1913 345 1976 tiam
369 1913 515 1994 proxime
537 1913 674 1977 futuram
697 1913 731 1993 jn
748 1915 836 1979 curia
860 1932 917 1980 sua
942 1916 1159 1997 publicentur,
1182 1925 1276 1996 prout
1297 1915 1360 1979 boo

271 2011 337 2092 fler]
356 2027 529 2092 procurare
546 2029 603 2092 per
618 2014 749 2077 eosdem
767 2014 916 2080 dominos
932 2016 1104 2096 deputatos
1119 2013 1179 2094 sibj
1197 2013 1358 2079 addictum

270 2119 330 2176 est.
369 2109 521 2175 Similiter
557 2121 775 2193 exposuerunt
811 2113 915 2178 eidem
952 2113 1038 2196 quod
1067 2112 1263 2178 uniuersitas
1293 2129 1357 2176 non

270 2209 441 2282 consueuit
456 2197 529 2274 esse
543 2209 668 2291 ingrata
685 2209 747 2291 hijs
762 2211 815 2293 quj
833 2211 892 2294 sibj
909 2213 1110 2284 scrofarunt;
1131 2211 1191 2276 sub
1214 2228 1274 2291 qua
1296 2227 1355 2292 spe

266 2306 353 2388 jdem
369 2307 519 2374 dominus
534 2319 746 2374 conseruntur
762 2310 898 2374 tribunal
917 2327 1011 2376 suum
1028 2327 1193 2376 resumere
1209 2317 1240 2374 et
1254 2309 1355 2374 conti-

269 2423 369 2472 nuere
405 2415 577 2473 contentus
614 2407 683 2473 fuit.
720 2408 847 2474 lunens
877 2408 964 2490 jdem
1002 2409 1153 2474 dominos
1185 2415 1291 2474 rector
1317 2405 1353 2488 jn

268 2503 499 2572 deliberatione
514 2505 715 2572 dominorum
733 2523 772 2572 an
789 2525 829 2574 ne
843 2508 989 2574 videatur
1011 2508 1185 2590 expediens
1208 2507 1292 2590 quod
1316 2523 1355 2572 ex

269 2604 409 2686 qualibet
433 2606 581 2672 facultate
604 2606 721 2672 dentur
742 2608 806 2672 duo
827 2607 968 2690 deputatj
986 2607 1038 2690 cuj
1056 2607 1185 2672 easdem
1202 2608 1355 2672 reforma·

272 2703 378 2768 tiones
404 2721 477 2769 cum
507 2705 647 2787 antiquis
676 2709 873 2774 concordent
902 2716 933 2772 et
961 2707 1132 2787 expediant
1160 2723 1232 2771 cum
1262 2706 1355 2787 plena

273 2810 442 2884 potestate,
452 2802 591 2884 illasque
601 2804 732 2870 domino
745 2806 966 2888 conseruatori
980 2805 1168 2871 deliberent.
1178 2803 1280 2886 Super
1291 2820 1355 2885 quo

272 2899 468 2965 uniuersitas
498 2901 680 2966 deliberans
709 2905 871 2969 conclusit
899 2903 1084 2970 huiusmodi
1110 2903 1355 2968 reformationes

274 2997 489 3077 expediendas
504 3007 623 3062 etcum
638 3000 791 3080 antiquis,
809 3003 836 3065 si
857 3003 1011 3082 possibile
1033 3001 1139 3076 fuerit,
1155 3001 1355 3066 concordan-

270 3095 347 3191 da¹s;
373 3104 404 3160 et
425 3095 464 3158 ad
489 3096 550 3160 boo
573 3096 747 3163 nominauit
762 3099 911 3166 dominos
927 3117 964 3166 ao
980 3101 1151 3182 magistros
1166 3099 1355 3164 Nicbolaum

270 3194 381 3268 liellis,
408 3193 586 3260 iohannem
617 3195 657 3262 de
686 3195 942 3278 wemeldtngen,
970 3199 1146 3265 walterum
1180 3197 1221 3262 de
1257 3197 1352 3272 neta,

267 3293 445 3360 iohannem
469 3293 612 3370 Calaber,
636 3294 823 3360 Niobolaum
847 3296 887 3361 de
910 3298 1042 3362 Bincbio
1065 3307 1096 3362 et
1120 3296 1291 3362 linonicum
1315 3297 1356 3361 dc

271 3391 525 3473 liouterle,et1'n
542 3392 686 3458 absentia
702 3393 846 3460 eiusdem
865 3396 1006 3476 magistri
1023 3395 1148 3476 ilenricj
1166 3393 1353 3476 magistrum

271 3490 412 3556 Leonem
435 3490 551 3557 Ontors
574 3491 614 3557 dc
636 3491 844 3570 Hondiscota,
861 3510 933 3559 cum
957 3494 1049 3576 plena
1073 3501 1241 3576 potestate,
1262 3493 1355 3559 saluo

272 3590 357 3672 quod
388 3608 446 3673 pro
484 3591 606 3674 meliorj
641 3591 869 3674 informatione
905 3594 1073 3660 audiantur
1109 3592 1203 3658 ambo
1240 3593 1353 3675 notarij

270 3688 391 3755 domini
418 3692 659 3758 conseruatoris
687 3709 812 3758 necnon
836 3692 900 3758 duo
923 3709 961 3760 ex
983 3691 1166 3759 senioribus
1189 3691 1354 3758 aduocatis

269 3788 534 3869 procuratoribus
550 3800 580 3856 et
596 3791 835 3857 executoribus.

575 3917 642 3972 Acta
661 3916 866 3986 Universalem,
881 3917 916 3984 V,
931 3917 980 3976 iol.
995 3915 1071 3986 xciiij
1086 3923 1112 3970 r⁰
1125 3921 1152 3971 st
1164 3923 1203 3974 νο.

312 4101 350 4166 30
367 4101 444 4166 corii
459 4103 549 4169 litut.
568 4103 719 4170 ilectorat
735 4105 775 4171 de
788 4105 927 4188 lacones
943 4107 1092 4187 Bogaert.

313 4281 370 4350 ilie
391 4283 512 4368 sabbati
536 4285 643 4352 vltima
666 4286 788 4355 mensis
809 4287 921 4367 aprilis
937 4286 1058 4372 judinta
1073 4287 1132 4354 fuit
1144 4285 1352 4370 congregatio
