3246 4944
731 473 915 542 -bia-

323 682 336 722 n
356 650 475 727 lleclor
490 667 521 726 el
537 659 734 725 Vniuersitas
750 659 847 724 studii
864 658 1073 724 lovaniensis
1089 667 1185 740 agunt
1202 656 1232 722 in
1251 655 1362 740 primis

279 759 501 828 serenissimis
535 758 737 840 Principibus
766 774 898 840 magnas
927 758 1057 839 gratias,
1084 759 1169 839 quod
1201 757 1240 823 de
1271 758 1365 840 lruJus

279 861 411 927 scholae
446 859 599 942 dignitate
636 866 667 922 et
703 857 885 938 disciplina,
917 858 943 920 si
981 874 1041 938 qua
1077 857 1159 922 lorte
1189 865 1278 938 parte
1308 873 1365 939 per

280 975 482 1024 communem
506 966 685 1038 temporum
712 955 923 1021 calamitatem
951 955 1114 1020 imminuta
1141 963 1195 1021 aut
1220 956 1363 1038 collapsa

280 1069 338 1132 esl,
369 1058 565 1124 restituenda
601 1055 850 1122 sollicitudinem
888 1066 999 1136 gerat;
1027 1065 1181 1138 rogatque
1209 1066 1253 1133 vt,
1281 1073 1363 1138 quae

279 1157 435 1239 intelliget
449 1157 487 1221 ad
504 1155 574 1238 ejus
591 1155 825 1220 restitutionem
849 1163 881 1221 et
906 1164 1110 1237 augmentum
1135 1157 1306 1236 pertinere,
1325 1174 1361 1220 ea

279 1255 459 1338 benigniter
482 1255 678 1320 constituere
693 1254 780 1320 velit.
798 1254 884 1319 luter
901 1271 982 1336 quae
999 1254 1171 1336 supplicat,
1190 1257 1233 1320 uti
1252 1273 1363 1321 eorum

279 1371 360 1436 quac
375 1362 555 1435 sequuntur
572 1353 727 1419 rationem
744 1353 863 1418 babere
879 1352 1029 1435 dignetur
1046 1372 1053 1418 :

322 1453 463 1517 «Primo
486 1452 558 1534 quia
582 1452 806 1518 Vniuersilatis
828 1453 998 1518 celebritas
1020 1461 1052 1518 et
1075 1452 1251 1518 iuuentutis
1278 1461 1363 1520 recta

280 1552 437 1617 institutio
461 1551 616 1633 pendete
641 1552 859 1633 professorum
885 1551 1088 1633 praestantia,
1107 1569 1242 1632 quorum
1260 1553 1364 1618 studia

280 1651 366 1716 alere
381 1659 412 1716 et
428 1652 539 1717 iuuere
554 1650 660 1714 solent
682 1651 864 1727 honoraria,
883 1660 973 1732 rogat
995 1650 1079 1715 dicta
1102 1651 1313 1728 Vniuersitas,
1332 1662 1364 1717 ut

281 1749 485 1815 serenissimi
510 1749 674 1830 Principes
696 1748 867 1830 dignentur
889 1749 1028 1830 adjicere
1050 1749 1190 1814 animum
1209 1752 1364 1832 augendis

283 1849 503 1930 professorum
527 1848 707 1929 stipendiis.
725 1849 768 1913 lla
792 1849 874 1915 enim
898 1849 1053 1914 hactenus
1077 1849 1118 1913 ila
1143 1849 1248 1914 tenuia
1277 1860 1361 1927 sunt,

281 1955 315 2012 ut
340 1965 399 2013 nec
420 1948 538 2012 vilibus
561 1948 747 2013 ministeriis
771 1948 960 2014 exhibendis
983 1948 1046 2013 sint
1066 1949 1164 2029 paria.
1182 1951 1250 2024 Quo
1267 1950 1314 2028 ut,
1332 1961 1361 2015 vt

284 2047 379 2112 multa
397 2046 559 2129 praeclara
575 2046 734 2126 ingenius
759 2046 956 2128 prol'essorie
980 2047 1041 2112 hoc
1064 2062 1196 2112 munere
1219 2058 1365 2114 auertan-

283 2156 347 2221 tur,
375 2145 492 2228 quibus
529 2145 643 2211 obuiae
673 2155 705 2210 et
734 2154 899 2226 promptae
929 2155 1004 2211 sunt
1033 2145 1238 2212 conditiones
1267 2148 1367 2213 mullo

283 2244 529 2326 locupletiores;
546 2245 646 2327 etqui
663 2244 734 2308 aliis
751 2245 977 2310 occasionibus
1001 2245 1120 2310 inducti
1145 2244 1220 2310 lruie
1243 2247 1366 2311 annueri

283 2361 319 2409 se
340 2343 572 2425 manciparunt,
591 2361 654 2408 nou
678 2343 757 2408 satis
782 2344 980 2424 prouinciam
1004 2345 1086 2408 hanc
1109 2361 1199 2409 suam
1220 2345 1366 2412 excolere

284 2445 420 2524 possint,
435 2445 491 2509 sed
505 2443 577 2508 aliis
589 2443 676 2508 curis
689 2460 727 2508 ae
738 2443 867 2518 studiis,
877 2459 971 2525 quam
984 2460 1065 2524 quae
1078 2442 1115 2507 ad
1130 2445 1364 2524 professionem

283 2560 372 2607 suam
391 2543 581 2624 pertineant,
600 2541 641 2606 ob
657 2543 701 2607 rei
719 2542 884 2606 familiaris
900 2543 1064 2622 angustias
1081 2542 1296 2622 implicentur.

327 2641 509 2708 «Secundo
534 2641 606 2722 quia
634 2639 838 2705 Vniuersilati
866 2657 1001 2706 necesse
1027 2640 1135 2705 estad
1161 2642 1286 2722 publica
1309 2661 1366 2708 sua

287 2741 413 2821 negotia
444 2739 640 2820 expedienda
670 2738 893 2820 publicamque
923 2739 1124 2818 disciplinam
1161 2749 1200 2806 et.
1228 2742 1367 2822 quietem

287 2839 435 2904 tuendam
465 2838 572 2902 varios
601 2837 756 2919 officiales
787 2839 916 2914 babere,
944 2838 1048 2920 iisque
1077 2856 1181 2905 annua
1211 2842 1368 2922 stipendia

286 2937 473 3013 decernere,
492 2946 522 3001 el
539 2937 643 3017 magni
667 2945 830 3016 praeterea
854 2953 950 3019 saepe
972 2947 1118 3019 sumplus
1137 2940 1271 3005 faciendi
1293 2951 1368 3006 sunt

286 3035 413 3100 tuendis
437 3035 624 3117 privilegiis,
643 3036 857 3116 legationibus
880 3037 1098 3114 instituendis,
1116 3038 1275 3120 variisque
1298 3041 1369 3121 alijs

285 3134 439 3198 oneribus
462 3134 614 3210 ferendis,
633 3135 749 3215 quibus
773 3134 927 3200 haetenus
951 3152 1007 3215 par
1031 3153 1092 3200 uon
1116 3136 1175 3201 luit
1198 3137 1240 3201 ob
1263 3140 1368 3204 tenui-

285 3241 381 3298 tatem
412 3232 530 3314 publici
559 3233 685 3314 aerariJ,
708 3233 792 3314 quod
820 3241 940 3297 tantum
969 3233 1100 3297 incertis
1127 3244 1158 3298 et
1183 3235 1369 3318 aduenlitijs

287 3331 568 3413 pensitationibus,
585 3348 666 3413 quae
681 3333 720 3395 ab
736 3331 775 3412 iis
791 3331 843 3413 qui
870 3331 1054 3396 matriculae
1076 3332 1296 3399 inscribuntur
1317 3346 1371 3400 aul

287 3431 527 3513 priuilegiorum
565 3431 723 3496 beneflcio
760 3439 903 3506 utuntur,
939 3438 1077 3504 eonslal,
1108 3448 1167 3496 nec
1203 3450 1260 3513 per
1293 3435 1370 3500 llaec

289 3539 432 3612 tempora
459 3530 615 3594 ducentos
642 3528 785 3594 florenos
811 3544 936 3594 annuos
963 3529 1063 3594 multo
1084 3530 1218 3606 excedit,
1237 3548 1371 3598 neeesse

288 3637 337 3695 est
373 3628 491 3709 publici
528 3627 642 3693 aerarii
678 3628 814 3709 augendi
844 3628 999 3692 rationem
1030 3627 1166 3709 aliquam
1198 3630 1290 3704 inire,
1317 3641 1372 3696 aul

289 3727 485 3808 benignitate
509 3727 689 3810 Principum
712 3727 860 3808 publicos
884 3726 1010 3807 aliquos
1035 3739 1212 3808 prouentus
1239 3730 1371 3795 Vniuer-

289 3825 375 3892 sitati
390 3826 532 3891 attribui.

334 3925 474 3990 «Tertio
497 3926 569 4006 quia
593 3925 663 4007 piae
686 3925 901 4000 fundationes,
919 3941 1001 4006 quae
1025 3925 1056 3988 in
1080 3926 1139 3991 bae
1161 3927 1373 3996 Vniuersilate

291 4025 432 4090 suntad
465 4043 623 4108 pauperes
652 4025 818 4090 studiosos
849 4025 994 4099 alendos,
1023 4025 1193 4106 pleraeque
1229 4038 1377 4094 constant

291 4124 449 4190 reditibus
465 4141 564 4206 super
579 4124 762 4206 Principum
778 4123 949 4204 domanijs,
967 4123 1109 4189 Slatibus
1126 4126 1375 4206 provinciarum,

293 4223 456 4288 civitatum
480 4223 671 4305 corporibus
693 4223 887 4298 constitutis,
910 4239 991 4305 quae
1015 4223 1168 4290 hactenus
1184 4225 1374 4294 difficilioris
