3260 4944
751 475 787 488 -
814 440 934 504 ³38-

297 635 330 703 et
358 634 469 694 octova
495 625 548 690 die
576 630 650 690 ante
679 623 824 688 eamdem
854 622 1045 700 alentionem
1075 630 1262 714 computum
1288 639 1389 690 suum

294 741 404 792 coram
427 723 566 788 dominis
590 722 727 788 Rectene
749 731 782 791 et
799 721 962 802 deputatis
983 721 1109 797 reddat,
1134 736 1173 786 ac
1196 721 1227 786 in
1250 720 1394 802 singuiis

295 823 365 904 suis
390 821 596 904 computibus
625 829 722 901 ponat
752 821 880 885 nomina
906 828 938 885 et
963 819 1156 902 cognomina
1186 835 1300 884 eorum
1329 819 1384 902 qui

296 937 334 990 er
364 919 600 1002 compositione
629 920 677 984 vei
708 917 978 985 condemnatione
1007 925 1061 983 aut
1090 917 1151 982 alia
1182 934 1387 1002 quacumque

296 1037 406 1098 causa,
424 1029 456 1085 et
478 1019 511 1082 in
526 1035 589 1102 qua
610 1034 735 1084 summa
752 1017 955 1083 Universitati
979 1015 1109 1098 obligati
1125 1025 1231 1090 erunt,
1248 1025 1280 1080 et
1303 1015 1390 1082 inira·

297 1119 430 1187 biduum
444 1117 662 1200 pecnniamex
678 1125 829 1196 computu
853 1115 1004 1198 tiquinam
1025 1125 1056 1180 et
1078 1115 1234 1198 reliquam
1255 1114 1384 1180 realiter

296 1218 400 1283 tradat
415 1216 575 1298 receptori
592 1213 830 1286 Universitatis‚
847 1213 926 1278 etin
944 1213 1006 1279 iine
1029 1213 1079 1278 sui
1095 1209 1266 1293 computus
1288 1212 1390 1278 addat

295 1316 472 1383 clausulam
490 1316 572 1379 nanc
586 1337 593 1377 :
608 1314 693 1396 quod
709 1313 769 1377 sub
780 1313 962 1394 jnramento
978 1329 1038 1377 suo
1051 1311 1255 1377 Universitati
1274 1327 1383 1394 praes·

296 1415 355 1480 tito
377 1414 433 1478 iiic
450 1413 555 1478 medio
578 1427 662 1477 anno
681 1427 742 1476 non
768 1413 840 1491 ptus
856 1411 977 1492 recepit
1001 1425 1059 1491 pro
1074 1409 1309 1490 compositione
1330 1421 1392 1475 aut.

296 1513 336 1578 ad
362 1527 491 1578 causam
517 1510 784 1592 apprehensionis
807 1527 864 1575 seu
889 1525 1064 1591 processus
1087 1508 1263 1575 criminalis
1289 1525 1387 1591 quatri

297 1612 329 1675 in
353 1619 504 1692 computu
522 1626 582 1675 suo
606 1609 786 1685 adduxerit,
804 1619 836 1674 et
859 1610 941 1675 inter
964 1607 1109 1690 exposita
1125 1623 1183 1672 sua
1207 1625 1270 1672 non
1288 1621 1390 1688 ponat.

297 1726 334 1774 ca
350 1725 432 1791 quaa
446 1709 485 1774 ad
501 1708 642 1775 odicium
659 1725 753 1773 suum
771 1723 835 1772 non
853 1707 1023 1789 pertinent.

338 1841 390 1902 27.
416 1841 585 1904 Promotor
600 1847 734 1904 moriem
751 1837 976 1904 decedentium
993 1838 1234 1919 suppositorum
1252 1837 1388 1903 dominu·

295 1939 423 2004 Rectori
447 1938 617 2020 significet.
635 1947 667 2004 et
681 1949 870 2004 executores
894 1936 1076 2003 ultimorum
1099 1938 1297 2002 voluntatum
1322 1938 1378 2003 de-

295 2037 477 2102 functorum
494 2035 735 2119 suppositorum
755 2035 895 2117 juridice
910 2045 1015 2116 cogat,
1036 2043 1201 2100 mannua
1218 2036 1387 2101 testatoris-

298 2143 401 2201 morte
423 2135 568 2202 reuoluto
587 2135 738 2216 (legitimo
762 2135 990 2216 impedimento
1012 2139 1172 2212 cessante)
1195 2141 1386 2214 computum

298 2249 376 2299 suae
398 2234 687 2299 administrationis
709 2249 819 2300 coram
845 2233 986 2299 dominis
1005 2233 1142 2298 Rectore
1163 2242 1195 2299 et
1220 2233 1386 2313 deputatis

299 2331 446 2396 reddant.

338 2462 390 2526 28.
413 2463 445 2525 Si
462 2463 590 2546 quando
609 2465 775 2546 coruinget
792 2472 1009 2543 promotorem
1030 2462 1176 2544 deputari
1198 2471 1386 2530 curatorem-

295 2562 454 2628 bonorum
477 2561 616 2626 defuncti
643 2561 737 2643 (quod
761 2571 838 2628 tunc
861 2561 931 2628 fieri
954 2561 1083 2644 poterit,
1103 2579 1201 2644 quum
1224 2579 1318 2628 nemo
1341 2579 1380 2628 ex

296 2659 421 2734 amicis,
440 2659 649 2724 familiaribus
672 2661 720 2725 vei
737 2659 958 2726 conterraneis
978 2659 1154 2742 apparebit,
1171 2661 1226 2743 qui
1248 2661 1384 2726 domurn-

296 2758 501 2822 mortuariam
525 2759 609 2822 volet
624 2758 873 2838 administraret,
890 2757 1028 2841 primum
1049 2759 1263 2827 inventarium
1279 2759 1385 2826 bono--

296 2873 365 2922 rum
389 2857 420 2919 in
444 2857 623 2937 praesentia
642 2857 757 2922 notarii
773 2856 997 2924 Universitatis
1019 2866 1051 2924 et
1068 2858 1197 2924 testium
1213 2857 1375 2934 conficiat,

295 2964 327 3021 et
353 2955 434 3020 intra
463 2971 582 3020 annum
610 2972 707 3020 unum
736 2955 952 3038 adimplenda,
980 2957 1121 3039 tegitimo
1147 2957 1383 3039 impedimento·

293 3061 454 3128 cessante,
485 3055 668 3136 adimpleat.
701 3071 739 3119 uo
765 3065 951 3137 computum
981 3072 1059 3122 suae
1087 3055 1383 3122 administrationis

294 3168 403 3216 coram
425 3153 566 3217 dominis
589 3153 726 3219 Rectore
747 3165 778 3218 et
801 3153 962 3236 deputatis
985 3155 1108 3230 reddat,
1126 3155 1314 3237 reliquaque
1337 3157 1376 3218 ad

294 3267 408 3316 marrus
424 3250 539 3316 notarii
556 3250 781 3318 Universitatis
796 3253 977 3336 consignet.

334 3381 384 3446 tu.
412 3381 624 3448 Promotorin
638 3382 1181 3451 bonisdesunctorumautaiiorum
1194 3387 1385 3452 exdecreto·

292 3480 469 3546 verrdendis
492 3497 556 3546 non
572 3491 714 3547 assumat
729 3481 883 3548 clericum
906 3500 965 3549 scu
980 3483 1132 3557 scribam.
1151 3491 1207 3549 aut
1226 3483 1377 3549 aestima-

291 3589 405 3658 torem,
425 3593 483 3644 neo
505 3579 575 3660 ipse
596 3579 709 3645 eodem
732 3581 839 3646 officio
863 3581 1023 3663 iungatur,
1043 3581 1101 3648 sed
1117 3597 1191 3648 eum
1214 3581 1381 3656 adhibeat

290 3693 385 3758 quem
401 3677 552 3742 dominns
568 3677 686 3744 Rector
709 3679 746 3743 ad
765 3679 826 3744 noc
841 3679 1014 3760 deputabit,
1034 3696 1093 3746 neo
1109 3681 1192 3746 nitra
1216 3695 1381 3745 summam

287 3775 385 3840 debiti
409 3787 441 3840 et
462 3775 659 3842 executionis
682 3777 850 3852 distrahat,
877 3795 937 3844 nec
962 3778 1179 3844 creditoribus
1203 3778 1284 3859 ipsis
1312 3778 1373 3842 nisi

287 3873 319 3938 in
336 3875 517 3954 praeseutia
534 3875 648 3941 notarii
666 3875 891 3942 universitatis
906 3877 1025 3944 solvat.

328 4005 378 4068 3⁰.
406 4005 573 4072 Promotou·
588 4021 647 4087 pro
661 4005 940 4073 administratione
955 4009 1072 4074 domus
1087 4008 1284 4076 mortuariae
1300 4024 1375 4086 sup-

284 4104 464 4185 positorum
489 4105 531 4168 sit
547 4111 720 4172 contentus
743 4105 861 4171 salario
886 4106 947 4172 sibi
964 4123 1021 4188 per
1036 4106 1186 4173 dominos
1204 4107 1380 4173 Rectorem

282 4216 314 4269 et
336 4203 507 4284 deputatos
530 4213 675 4282 tempore
699 4203 749 4270 sui
772 4213 944 4285 computus
970 4203 1184 4286 designando,
1210 4213 1242 4272 et
1263 4205 1373 4287 quoad
