3246 4944
681 436 865 500 -ets-

228 617 348 683 domini
365 617 478 682 Nuncii
494 615 662 697 apostolici
680 615 717 679 nd
736 614 937 696 magnillcnm
954 613 1117 678 dominnm
1134 621 1165 678 et
1185 623 1312 678 ceteros

229 717 378 783 dominos
400 718 441 782 de
466 715 603 781 consilio
631 715 856 780 llniversitatis
882 714 1056 782 existentes
1081 713 1223 778 directae
1250 728 1311 776 una

229 834 301 882 cnm
340 816 429 880 Brevi
468 815 646 896 apostolico
683 814 744 878 sub
784 813 902 877 annulo
941 812 1114 877 ris-catoris
1149 811 1309 892 expedito,

229 914 425 997 approbante
452 923 484 980 ot
512 913 723 978 conllrmante
749 912 953 978 visitationes
983 911 1035 976 dic
1064 912 1096 974 5·
1118 910 1312 992 septembris

230 1013 451 1094 praecedentis
480 1013 593 1078 anni...
622 1012 799 1093 publicatas
830 1011 943 1075 iisdem
974 1011 1089 1076 litteris
1119 1009 1331 1075 introclusu-

231 1117 287 1177 t‘er·
309 1127 389 1193 quas
412 1111 535 1175 litteras
558 1110 757 1191 significabat
780 1109 884 1176 dictus
908 1109 1146 1174 illustrissimus
1162 1108 1311 1172 dominns

229 1209 372 1275 Nunnius
388 1229 424 1275 se
440 1211 565 1275 mittere
580 1210 663 1273 istud
684 1210 802 1282 Brot'e3
822 1209 1053 1288 mandabatque
1075 1208 1178 1272 dictas
1196 1207 1310 1271 Visite-

229 1311 334 1374 tiones
360 1325 455 1390 qnam
481 1309 687 1374 strictissime
710 1308 748 1371 ab
772 1307 987 1372 Universitate
1010 1307 1187 1373 observari.
1208 1306 1313 1371 Terror

231 1407 325 1490 bajus
343 1408 452 1472 Brevis
468 1417 516 1472 est
533 1425 540 1466 t

282 1623 361 1698 Bres
371 1622 412 1686 tiu
426 1639 504 1702 pape
520 1619 601 1684 Porri
623 1621 645 1683 V
658 1622 838 1699 corrfirmont
854 1620 886 1683 lo
906 1621 996 1684 Visite
1011 1621 1048 1684 de
1063 1619 1263 1684 l’lluioersitd.

638 1775 671 1832 21
693 1777 803 1832 octobre
826 1777 906 1834 ldlt.

274 1902 426 1966 «Pontus
452 1901 533 1981 l’apa
559 1901 593 1963 V.
617 1937 657 1948 -
681 1900 792 1965 llilecti
818 1900 872 1962 lilii
896 1901 1034 1965 Salutem
1051 1910 1084 1965 et
1100 1901 1313 1980 apostoticam

233 2000 505 2066 Bertedictionem.
534 1999 624 2073 Gnrn,
654 1999 737 2064 sicut
763 2017 800 2063 ex
831 1999 946 2064 litteris
977 1999 1167 2064 venerabilis
1198 1999 1317 2064 Fratris

234 2099 320 2162 Lucii
339 2098 581 2180 montepiscopi
600 2098 768 2173 ldruntini,
788 2098 888 2162 nostri
905 2109 937 2162 et
953 2099 1262 2177 apostolicaesedis
1286 2100 1316 2162 in

236 2197 373 2278 Belgicis
396 2195 572 2260 ditionibus
595 2197 721 2270 Nuncii,
747 2197 941 2277 accepimns,
967 2197 1166 2261 Universitas
1192 2197 1252 2262 ista
1279 2198 1320 2262 dc

236 2295 349 2360 ordine
374 2305 406 2359 et
436 2294 582 2360 mandato
607 2295 737 2372 nostris,
766 2313 822 2375 per
849 2312 1004 2375 personas
1033 2295 1270 2359 ecclesiasticas
1300 2313 1316 2358 a

236 2394 354 2458 dilecto
367 2393 446 2458 mtto
461 2393 558 2458 nobili
571 2393 639 2458 viro
653 2395 793 2469 biberto,
808 2395 987 2459 llrclriduce
999 2394 1155 2468 lustriae,
1171 2395 1318 2476 Principe

238 2492 351 2574 Belgii,
368 2492 548 2574 deputatas,
563 2493 751 2558 auctoritate
764 2503 872 2557 nostra
885 2493 1061 2573 apostolica
1074 2494 1198 2558 visitata
1212 2496 1319 2571 lnnrit;

236 2591 313 2664 Nos,
355 2601 388 2656 nt
418 2591 560 2656 visitatio
591 2592 752 2672 praedicta
789 2609 881 2656 suum
920 2593 1137 2674 qnarrtocitius
1169 2595 1323 2658 sortiatur

237 2691 400 2763 ellectum,
426 2708 483 2771 pro
507 2691 652 2772 injuncto
676 2691 769 2756 nobis
790 2691 987 2772 apostolicae
1013 2691 1179 2757 servitutis
1204 2693 1322 2767 ollrcio,

237 2799 390 2872 quantum
408 2807 480 2856 cum
499 2790 634 2856 llomiuo
658 2807 842 2871 possumus,
871 2792 1037 2870 providere
1053 2791 1209 2864 volentes,
1228 2792 1325 2856 Vobis

240 2907 295 2970 per
314 2905 500 2969 praesentes
520 2889 762 2964 committimus,
786 2901 816 2954 et
840 2889 900 2954 sub
922 2889 1071 2954 censuris
1093 2890 1324 2954 ecclesiasticis

239 3005 276 3051 ac
299 2987 528 3068 indignationis
553 2999 681 3053 nostrae
705 2989 818 3068 poenis
841 2989 1041 3061 mandamus,
1060 2999 1093 3052 nt
1108 2989 1322 3054 visitationem

240 3104 278 3150 ac
293 3086 422 3150 decreta
439 3096 469 3148 et
492 3085 712 3150 ordinationes
736 3085 766 3148 in
790 3085 844 3150 illa
867 3086 1057 3152 anctoritate
1079 3088 1265 3167 apostolica,
1292 3098 1325 3152 nt

242 3184 432 3264 praefertur,
450 3183 544 3256 lacta,
561 3181 735 3250 dnmmodo
759 3185 844 3250 licita
866 3185 930 3248 sint
952 3195 984 3249 et
1005 3186 1153 3258 bonesta,
1170 3203 1207 3249 ac
1223 3187 1325 3251 sacris

240 3283 430 3357 canonibus,
448 3283 586 3348 concilio
603 3284 803 3362 Tridentino,
822 3286 1107 3350 constitutionibus
1124 3287 1324 3366 apostolicis,

241 3401 278 3447 ac
295 3383 398 3448 dictae
415 3382 638 3448 Universitatis
654 3383 807 3448 erectioni
832 3393 863 3449 et
884 3384 1058 3464 privilegiis
1080 3385 1119 3447 ab
1142 3384 1325 3464 apostolica

241 3481 324 3546 Sede
345 3481 389 3544 illi
412 3483 592 3559 concessis,
618 3499 679 3546 non
703 3483 925 3560 adversentur,
950 3493 981 3546 ct
1004 3499 1066 3546 non
1089 3483 1180 3557 alias,
1204 3501 1240 3546 ca
1263 3501 1324 3564 ona

242 3581 334 3645 decet
356 3581 533 3645 reverentia
556 3581 732 3662 recipiatis,
755 3581 872 3662 illaque
894 3581 1064 3661 diligenter
1079 3581 1169 3646 obser
1179 3583 1271 3656 petie,
1288 3599 1326 3646 ac

242 3681 281 3743 ab
297 3678 381 3756 aliis,
399 3679 437 3742 ad
454 3695 536 3760 quos
551 3689 675 3760 spectat
690 3689 722 3745 et
738 3697 796 3760 pro
813 3691 955 3760 tempore
974 3680 1142 3761 spectabit,
1160 3681 1325 3744 observari
1401 3727 1404 3736 .

243 3778 364 3842 curetis
381 3778 508 3844 realiter
525 3789 557 3844 et
571 3795 643 3842 cnm
660 3778 787 3844 ellectu.
805 3779 871 3843 Nos
887 3779 970 3842 enim
987 3779 1111 3842 irritum
1124 3779 1329 3844 decernimus

242 3887 274 3941 ct
312 3877 405 3940 inane
443 3877 595 3958 quidquid
634 3895 730 3942 secus
767 3895 865 3958 super
901 3877 951 3941 bis
981 3895 997 3940 a
1027 3893 1185 3958 quoquam
1216 3878 1329 3958 quavis

243 3975 445 4051 auctoritate,
463 3977 606 4042 scienter
633 3977 682 4040 vel
708 3977 905 4057 ignoranter,
926 3976 1096 4057 contigerit
1121 3977 1281 4053 attentari,
1299 3978 1330 4040 in

245 4075 442 4139 contrarium
484 4075 674 4140 iacientibus
715 4093 778 4140 nun
819 4075 1020 4140 obstantibus
1060 4076 1329 4157 quibuscumque.

247 4171 359 4242 batum
387 4173 507 4242 Romae
532 4175 615 4262 apud
632 4183 775 4240 sanctam
801 4174 929 4242 liariam
954 4174 1104 4260 llajorem
1127 4176 1186 4238 sub
1209 4175 1328 4244 annulo
