<?xml version="1.0" encoding="UTF-8"?>
<!DOCTYPE html PUBLIC "-//W3C//DTD XHTML 1.0 Transitional//EN"
    "http://www.w3.org/TR/xhtml1/DTD/xhtml1-transitional.dtd">
<html xmlns="http://www.w3.org/1999/xhtml" xml:lang="en" lang="en">
 <head>
  <title>
</title>
<meta http-equiv="Content-Type" content="text/html;charset=utf-8" />
  <meta name='ocr-system' content='tesseract 3.04.00' />
  <meta name='ocr-capabilities' content='ocr_page ocr_carea ocr_par ocr_line ocrx_word'/>
</head>
<body>
  <div class='ocr_page' id='page_1' title='image "./documentsrelati00reusgoog_0261.png"; bbox 0 0 3194 4940; ppageno 0'>
   <div class='ocr_carea' id='block_1_1' title="bbox 708 474 891 573">
    <p class='ocr_par' dir='ltr' id='par_1_1' title="bbox 708 474 891 573">
     <span class='ocr_line' id='line_1_1' title="bbox 708 474 891 573; baseline -0.016 0"><span class='ocrx_word' id='word_1_1' title='bbox 708 474 891 573; x_wconf 71' lang='lat' dir='ltr'>..llu-</span> 
     </span>
    </p>
   </div>
   <div class='ocr_carea' id='block_1_2' title="bbox 255 651 1343 771">
    <p class='ocr_par' dir='ltr' id='par_1_2' title="bbox 255 651 1343 771">
     <span class='ocr_line' id='line_1_2' title="bbox 255 651 1343 771; baseline -0.01 -13"><span class='ocrx_word' id='word_1_2' title='bbox 255 680 350 770; x_wconf 71' lang='lat' dir='ltr'>lati,</span> <span class='ocrx_word' id='word_1_3' title='bbox 367 692 423 759; x_wconf 86' lang='lat' dir='ltr'>ult.</span> <span class='ocrx_word' id='word_1_4' title='bbox 441 680 536 759; x_wconf 62' lang='lat' dir='ltr'>noli:</span> <span class='ocrx_word' id='word_1_5' title='bbox 546 693 680 760; x_wconf 81' lang='lat' dir='ltr'>ioannis</span> <span class='ocrx_word' id='word_1_6' title='bbox 696 711 715 757; x_wconf 85' lang='lat' dir='ltr'>a</span> <span class='ocrx_word' id='word_1_7' title='bbox 732 661 928 766; x_wconf 69' lang='lat' dir='ltr'>craesbeeck,</span> <span class='ocrx_word' id='word_1_8' title='bbox 947 657 1051 771; x_wconf 76' lang='lat' dir='ltr'>legurc</span> <span class='ocrx_word' id='word_1_9' title='bbox 1072 671 1152 751; x_wconf 62' lang='lat' dir='ltr'>bss&#39;e‘t</span> <span class='ocrx_word' id='word_1_10' title='bbox 1169 651 1253 748; x_wconf 36' lang='lat' dir='ltr'>Pm—</span> <span class='ocrx_word' id='word_1_11' title='bbox 1266 681 1291 748; x_wconf 91' lang='grc'><strong>1</strong></span> <span class='ocrx_word' id='word_1_12' title='bbox 1301 717 1343 731; x_wconf 92' lang='grc'>-</span> 
     </span>
    </p>
   </div>
   <div class='ocr_carea' id='block_1_3' title="bbox 374 791 1341 975">
    <p class='ocr_par' dir='ltr' id='par_1_3' title="bbox 374 791 1341 975">
     <span class='ocr_line' id='line_1_3' title="bbox 413 791 837 875; baseline -0.012 -16"><span class='ocrx_word' id='word_1_13' title='bbox 413 794 437 858; x_wconf 80' lang='grc' dir='ltr'>Ε</span> <span class='ocrx_word' id='word_1_14' title='bbox 459 793 631 859; x_wconf 83' lang='lat' dir='ltr'>laenitate</span> <span class='ocrx_word' id='word_1_15' title='bbox 619 793 703 875; x_wconf 79' lang='lat' dir='ltr'>Jurie</span> <span class='ocrx_word' id='word_1_16' title='bbox 720 791 837 858; x_wconf 85' lang='lat' dir='ltr'>civilis.</span> 
     </span>
     <span class='ocr_line' id='line_1_4' title="bbox 374 851 1341 975; baseline -0.01 -17"><span class='ocrx_word' id='word_1_17' title='bbox 374 893 433 958; x_wconf 85' lang='lat' dir='ltr'>llll.</span> <span class='ocrx_word' id='word_1_18' title='bbox 451 911 522 975; x_wconf 80' lang='lat' dir='ltr'>nup.</span> <span class='ocrx_word' id='word_1_19' title='bbox 539 893 680 958; x_wconf 87' lang='lat' dir='ltr'>loannes</span> <span class='ocrx_word' id='word_1_20' title='bbox 696 891 852 967; x_wconf 62' lang='lat' dir='ltr'>delicet,</span> <span class='ocrx_word' id='word_1_21' title='bbox 868 887 1045 960; x_wconf 83' lang='lat' dir='ltr'>Bradanus.</span> <span class='ocrx_word' id='word_1_22' title='bbox 1062 851 1298 952; x_wconf 77' lang='lat' dir='ltr'>medicinaeli.</span> <span class='ocrx_word' id='word_1_23' title='bbox 1310 889 1341 948; x_wconf 89' lang='lat' dir='ltr'>et</span> 
     </span>
    </p>
   </div>
   <div class='ocr_carea' id='block_1_4' title="bbox 240 989 1380 1584">
    <p class='ocr_par' dir='ltr' id='par_1_4' title="bbox 240 989 1380 1571">
     <span class='ocr_line' id='line_1_5' title="bbox 311 989 1380 1070; baseline -0.006 -14"><span class='ocrx_word' id='word_1_24' title='bbox 311 1065 325 1070; x_wconf 73' lang='lat'>‚.</span> <span class='ocrx_word' id='word_1_25' title='bbox 414 991 505 1055; x_wconf 93' lang='grc' dir='ltr'>Ρ.-</span> <span class='ocrx_word' id='word_1_26' title='bbox 520 992 600 1057; x_wconf 91' lang='grc'>1.-</span> <span class='ocrx_word' id='word_1_27' title='bbox 615 989 960 1058; x_wconf 81' lang='lat' dir='ltr'>lltacultatemedlca.</span> <span class='ocrx_word' id='word_1_28' title='bbox 1377 1055 1380 1060; x_wconf 13' lang='grc' dir='ltr'><strong>Α</strong></span> 
     </span>
     <span class='ocr_line' id='line_1_6' title="bbox 293 1083 1342 1172; baseline -0.011 -13"><span class='ocrx_word' id='word_1_29' title='bbox 293 1083 295 1086; x_wconf 68' lang='grc'><strong>’</strong></span> <span class='ocrx_word' id='word_1_30' title='bbox 373 1091 435 1158; x_wconf 78' lang='lat' dir='ltr'>ute.</span> <span class='ocrx_word' id='word_1_31' title='bbox 450 1111 517 1157; x_wconf 86' lang='lat' dir='ltr'>nou.</span> <span class='ocrx_word' id='word_1_32' title='bbox 532 1091 695 1158; x_wconf 83' lang='lat' dir='ltr'>Gerardus</span> <span class='ocrx_word' id='word_1_33' title='bbox 710 1093 754 1156; x_wconf 85' lang='lat' dir='ltr'>lle</span> <span class='ocrx_word' id='word_1_34' title='bbox 766 1093 884 1172; x_wconf 79' lang='lat' dir='ltr'>Bruyrr,</span> <span class='ocrx_word' id='word_1_35' title='bbox 900 1085 1177 1162; x_wconf 65' lang='lat' dir='ltr'>[lieetbemiensie</span> <span class='ocrx_word' id='word_1_36' title='bbox 1189 1083 1342 1166; x_wconf 77' lang='lat' dir='ltr'>magister</span> 
     </span>
     <span class='ocr_line' id='line_1_7' title="bbox 265 1181 1342 1264; baseline -0.006 -7"><span class='ocrx_word' id='word_1_37' title='bbox 265 1181 268 1184; x_wconf 70' lang='grc'><strong>’</strong></span> <span class='ocrx_word' id='word_1_38' title='bbox 412 1193 538 1264; x_wconf 88' lang='lat' dir='ltr'>artium.</span> <span class='ocrx_word' id='word_1_39' title='bbox 552 1191 756 1257; x_wconf 87' lang='lat' dir='ltr'>decretorum</span> <span class='ocrx_word' id='word_1_40' title='bbox 773 1190 1014 1262; x_wconf 78' lang='lat' dir='ltr'>baccalaureus</span> <span class='ocrx_word' id='word_1_41' title='bbox 1028 1187 1170 1252; x_wconf 88' lang='lat' dir='ltr'>decanus</span> <span class='ocrx_word' id='word_1_42' title='bbox 1186 1183 1342 1252; x_wconf 81' lang='lat' dir='ltr'>ecclesiae</span> 
     </span>
     <span class='ocr_line' id='line_1_8' title="bbox 413 1285 1191 1356; baseline -0.01 0"><span class='ocrx_word' id='word_1_43' title='bbox 413 1291 445 1356; x_wconf 90' lang='lat' dir='ltr'>S.</span> <span class='ocrx_word' id='word_1_44' title='bbox 463 1290 549 1355; x_wconf 83' lang='lat' dir='ltr'>Petri</span> <span class='ocrx_word' id='word_1_45' title='bbox 566 1289 843 1356; x_wconf 73' lang='lat' dir='ltr'>lovaniensia-</span> <span class='ocrx_word' id='word_1_46' title='bbox 858 1287 883 1352; x_wconf 84' lang='lat' dir='ltr'>u</span> <span class='ocrx_word' id='word_1_47' title='bbox 899 1288 1048 1354; x_wconf 77' lang='lat' dir='ltr'>facultate</span> <span class='ocrx_word' id='word_1_48' title='bbox 1063 1285 1191 1350; x_wconf 88' lang='lat' dir='ltr'>artium.</span> 
     </span>
     <span class='ocr_line' id='line_1_9' title="bbox 240 1361 1341 1482; baseline -0.007 -28"><span class='ocrx_word' id='word_1_49' title='bbox 240 1361 346 1482; x_wconf 70' lang='lat' dir='ltr'>¹litt</span> <span class='ocrx_word' id='word_1_50' title='bbox 368 1389 423 1454; x_wconf 85' lang='lat' dir='ltr'>ult.</span> <span class='ocrx_word' id='word_1_51' title='bbox 440 1390 516 1472; x_wconf 76' lang='lat' dir='ltr'>[cta.</span> <span class='ocrx_word' id='word_1_52' title='bbox 534 1389 724 1472; x_wconf 84' lang='lat' dir='ltr'>iladulpbua</span> <span class='ocrx_word' id='word_1_53' title='bbox 747 1390 784 1453; x_wconf 85' lang='lat' dir='ltr'>de</span> <span class='ocrx_word' id='word_1_54' title='bbox 805 1389 986 1470; x_wconf 67' lang='lat' dir='ltr'>barbayon,</span> <span class='ocrx_word' id='word_1_55' title='bbox 1013 1372 1216 1451; x_wconf 82' lang='lat' dir='ltr'>decretoruui</span> <span class='ocrx_word' id='word_1_56' title='bbox 1240 1383 1341 1448; x_wconf 91' lang='lat' dir='ltr'>liceu-</span> 
     </span>
     <span class='ocr_line' id='line_1_10' title="bbox 413 1483 1342 1584; baseline -0.006 -30"><span class='ocrx_word' id='word_1_57' title='bbox 413 1490 524 1565; x_wconf 85' lang='lat' dir='ltr'>tiatua‚</span> <span class='ocrx_word' id='word_1_58' title='bbox 543 1499 655 1571; x_wconf 86' lang='lat' dir='ltr'>postea</span> <span class='ocrx_word' id='word_1_59' title='bbox 678 1489 804 1565; x_wconf 86' lang='lat' dir='ltr'>doctor,</span> <span class='ocrx_word' id='word_1_60' title='bbox 822 1495 854 1584; x_wconf 88' lang='lat' dir='ltr'>et</span> <span class='ocrx_word' id='word_1_61' title='bbox 875 1487 1117 1569; x_wconf 48' lang='lat' dir='ltr'>proleseoroe-</span> <span class='ocrx_word' id='word_1_62' title='bbox 1077 1483 1167 1548; x_wconf 83' lang='grc' dir='ltr'>Ε</span> <span class='ocrx_word' id='word_1_63' title='bbox 1194 1483 1342 1549; x_wconf 76' lang='lat' dir='ltr'>facultate</span> 
     </span>
    </p>
   </div>
   <div class='ocr_carea' id='block_1_5' title="bbox 337 1587 1342 1769">
    <p class='ocr_par' dir='ltr' id='par_1_5' title="bbox 337 1587 1342 1769">
     <span class='ocr_line' id='line_1_11' title="bbox 337 1587 671 1683; baseline -0.006 -28"><span class='ocrx_word' id='word_1_64' title='bbox 337 1676 341 1683; x_wconf 17' lang='grc' dir='ltr'>ι</span> <span class='ocrx_word' id='word_1_65' title='bbox 409 1589 493 1670; x_wconf 80' lang='lat' dir='ltr'>iuris</span> <span class='ocrx_word' id='word_1_66' title='bbox 508 1587 671 1656; x_wconf 88' lang='lat' dir='ltr'>canonici.</span> 
     </span>
     <span class='ocr_line' id='line_1_12' title="bbox 375 1683 1342 1769; baseline -0.007 -16"><span class='ocrx_word' id='word_1_67' title='bbox 375 1689 436 1753; x_wconf 83' lang='lat' dir='ltr'>llll.</span> <span class='ocrx_word' id='word_1_68' title='bbox 454 1691 539 1753; x_wconf 86' lang='lat' dir='ltr'>moli.</span> <span class='ocrx_word' id='word_1_69' title='bbox 558 1688 667 1756; x_wconf 83' lang='lat' dir='ltr'>Daniel</span> <span class='ocrx_word' id='word_1_70' title='bbox 689 1687 1031 1769; x_wconf 57' lang='lat' dir='ltr'>debacchabatur</span> <span class='ocrx_word' id='word_1_71' title='bbox 1056 1683 1286 1750; x_wconf 77' lang='lat' dir='ltr'>baccalaureus</span> <span class='ocrx_word' id='word_1_72' title='bbox 1310 1689 1342 1748; x_wconf 92' lang='lat' dir='ltr'>et</span> 
     </span>
    </p>
   </div>
   <div class='ocr_carea' id='block_1_6' title="bbox 412 1781 1340 1870">
    <p class='ocr_par' dir='ltr' id='par_1_6' title="bbox 412 1781 1340 1870">
     <span class='ocr_line' id='line_1_13' title="bbox 412 1781 1340 1870; baseline -0.009 -18"><span class='ocrx_word' id='word_1_73' title='bbox 412 1789 591 1868; x_wconf 79' lang='lat' dir='ltr'>professor,</span> <span class='ocrx_word' id='word_1_74' title='bbox 598 1786 984 1870; x_wconf 83' lang='lat' dir='ltr'>creatusqueliceutiatus</span> <span class='ocrx_word' id='word_1_75' title='bbox 995 1783 1036 1849; x_wconf 79' lang='lat'>29</span> <span class='ocrx_word' id='word_1_76' title='bbox 1045 1783 1182 1867; x_wconf 78' lang='lat' dir='ltr'>ianuarii</span> <span class='ocrx_word' id='word_1_77' title='bbox 1198 1782 1278 1846; x_wconf 78' lang='lat' dir='ltr'>ttae</span> <span class='ocrx_word' id='word_1_78' title='bbox 1290 1781 1340 1861; x_wconf 82' lang='lat' dir='ltr'>(l).</span> 
     </span>
    </p>
   </div>
   <div class='ocr_carea' id='block_1_7' title="bbox 371 1886 1340 2167">
    <p class='ocr_par' dir='ltr' id='par_1_7' title="bbox 371 1886 1327 2167">
     <span class='ocr_line' id='line_1_14' title="bbox 411 1886 886 1969; baseline 0 -17"><span class='ocrx_word' id='word_1_79' title='bbox 411 1923 451 1934; x_wconf 88' lang='lat'><em>-</em></span> <span class='ocrx_word' id='word_1_80' title='bbox 470 1887 494 1952; x_wconf 85' lang='lat' dir='ltr'>u</span> <span class='ocrx_word' id='word_1_81' title='bbox 510 1888 681 1954; x_wconf 78' lang='lat' dir='ltr'>facultate</span> <span class='ocrx_word' id='word_1_82' title='bbox 671 1887 753 1969; x_wconf 68' lang='lat' dir='ltr'>luris</span> <span class='ocrx_word' id='word_1_83' title='bbox 768 1886 886 1952; x_wconf 88' lang='lat' dir='ltr'>civilis.</span> 
     </span>
     <span class='ocr_line' id='line_1_15' title="bbox 371 1983 1340 2069; baseline -0.004 -18"><span class='ocrx_word' id='word_1_84' title='bbox 371 1987 431 2051; x_wconf 84' lang='lat' dir='ltr'>uo.</span> <span class='ocrx_word' id='word_1_85' title='bbox 446 2005 518 2069; x_wconf 81' lang='lat' dir='ltr'>cup.</span> <span class='ocrx_word' id='word_1_86' title='bbox 533 1987 691 2053; x_wconf 86' lang='lat' dir='ltr'>lleuricus</span> <span class='ocrx_word' id='word_1_87' title='bbox 704 1987 845 2053; x_wconf 79' lang='lat' dir='ltr'>Gurwdr&#39;a</span> <span class='ocrx_word' id='word_1_88' title='bbox 850 1985 958 2067; x_wconf 80' lang='lat' dir='ltr'>‚vulgo</span> <span class='ocrx_word' id='word_1_89' title='bbox 976 1985 1018 2049; x_wconf 84' lang='lat' dir='ltr'>lle</span> <span class='ocrx_word' id='word_1_90' title='bbox 1034 1985 1152 2060; x_wconf 80' lang='lat' dir='ltr'>certer,</span> <span class='ocrx_word' id='word_1_91' title='bbox 1160 1999 1198 2048; x_wconf 84' lang='lat' dir='ltr'>ex</span> <span class='ocrx_word' id='word_1_92' title='bbox 1214 1983 1340 2047; x_wconf 80' lang='lat' dir='ltr'>beater-</span> 
     </span>
     <span class='ocr_line' id='line_1_16' title="bbox 385 2080 1338 2167; baseline -0.004 -16.891"><span class='ocrx_word' id='word_1_93' title='bbox 385 2085 515 2167; x_wconf 80' lang='lat' dir='ltr'>wyol</span> <span class='ocrx_word' id='word_1_94' title='bbox 530 2085 758 2152; x_wconf 89' lang='lat' dir='ltr'>medicinaelt.</span> <span class='ocrx_word' id='word_1_95' title='bbox 772 2084 853 2152; x_wconf 62' lang='lat' dir='ltr'>etl).</span> <span class='ocrx_word' id='word_1_96' title='bbox 862 2084 988 2148; x_wconf 93' lang='lat' dir='ltr'>-.-l</span> <span class='ocrx_word' id='word_1_97' title='bbox 1001 2080 1338 2148; x_wconf 85' lang='lat' dir='ltr'>ltlaoultatennedica.</span> 
     </span>
    </p>
   </div>
   <div class='ocr_carea' id='block_1_8' title="bbox 240 2264 1395 4435">
    <p class='ocr_par' dir='ltr' id='par_1_8' title="bbox 244 2264 1395 3614">
     <span class='ocr_line' id='line_1_17' title="bbox 253 2264 1340 2341; baseline -0.006 -18"><span class='ocrx_word' id='word_1_98' title='bbox 253 2277 267 2317; x_wconf 85' lang='grc' dir='ltr'>ἰ</span> <span class='ocrx_word' id='word_1_99' title='bbox 283 2275 390 2324; x_wconf 65' lang='lat' dir='ltr'>mitum</span> <span class='ocrx_word' id='word_1_100' title='bbox 409 2273 519 2340; x_wconf 78' lang='lat' dir='ltr'>tempus</span> <span class='ocrx_word' id='word_1_101' title='bbox 536 2287 584 2341; x_wconf 90' lang='lat' dir='ltr'>per</span> <span class='ocrx_word' id='word_1_102' title='bbox 598 2269 812 2326; x_wconf 82' lang='lat' dir='ltr'>Univeraitetern</span> <span class='ocrx_word' id='word_1_103' title='bbox 830 2285 880 2340; x_wconf 84' lang='lat' dir='ltr'>pro</span> <span class='ocrx_word' id='word_1_104' title='bbox 894 2267 982 2340; x_wconf 77' lang='lat' dir='ltr'>ipsius</span> <span class='ocrx_word' id='word_1_105' title='bbox 995 2265 1079 2324; x_wconf 81' lang='lat' dir='ltr'>officii</span> <span class='ocrx_word' id='word_1_106' title='bbox 1092 2270 1246 2322; x_wconf 72' lang='lat' dir='ltr'>rectoratus</span> <span class='ocrx_word' id='word_1_107' title='bbox 1259 2264 1340 2318; x_wconf 88' lang='lat' dir='ltr'>dura-</span> 
     </span>
     <span class='ocr_line' id='line_1_18' title="bbox 253 2357 1340 2433; baseline -0.003 -19"><span class='ocrx_word' id='word_1_108' title='bbox 253 2385 266 2405; x_wconf 89' lang='grc' dir='ltr'>ιι</span> <span class='ocrx_word' id='word_1_109' title='bbox 282 2360 357 2416; x_wconf 81' lang='lat' dir='ltr'>tionc</span> <span class='ocrx_word' id='word_1_110' title='bbox 371 2361 399 2415; x_wconf 92' lang='lat' dir='ltr'>in</span> <span class='ocrx_word' id='word_1_111' title='bbox 412 2361 524 2416; x_wconf 80' lang='lat' dir='ltr'>etctutiu</span> <span class='ocrx_word' id='word_1_112' title='bbox 537 2361 595 2415; x_wconf 84' lang='lat' dir='ltr'>anie</span> <span class='ocrx_word' id='word_1_113' title='bbox 613 2361 777 2425; x_wconf 74' lang='lat' dir='ltr'>etatuendie¹</span> <span class='ocrx_word' id='word_1_114' title='bbox 792 2377 847 2433; x_wconf 90' lang='lat' dir='ltr'>quo</span> <span class='ocrx_word' id='word_1_115' title='bbox 861 2360 921 2415; x_wconf 83' lang='lat' dir='ltr'>eine</span> <span class='ocrx_word' id='word_1_116' title='bbox 934 2357 1113 2432; x_wconf 77' lang='lat' dir='ltr'>requisitione</span> <span class='ocrx_word' id='word_1_117' title='bbox 1131 2357 1236 2412; x_wconf 86' lang='lat' dir='ltr'>dictum</span> <span class='ocrx_word' id='word_1_118' title='bbox 1254 2359 1340 2412; x_wconf 82' lang='lat' dir='ltr'>re&#39;cto·</span> 
     </span>
     <span class='ocr_line' id='line_1_19' title="bbox 252 2440 1340 2524; baseline -0.003 -19"><span class='ocrx_word' id='word_1_119' title='bbox 252 2475 265 2498; x_wconf 90' lang='grc' dir='ltr'>ι</span> <span class='ocrx_word' id='word_1_120' title='bbox 281 2456 373 2506; x_wconf 85' lang='lat' dir='ltr'>ratum</span> <span class='ocrx_word' id='word_1_121' title='bbox 385 2457 493 2523; x_wconf 79' lang='lat' dir='ltr'>sponte,</span> <span class='ocrx_word' id='word_1_122' title='bbox 508 2469 587 2524; x_wconf 86' lang='lat' dir='ltr'>pure,</span> <span class='ocrx_word' id='word_1_123' title='bbox 603 2452 689 2508; x_wconf 88' lang='lat' dir='ltr'>libere</span> <span class='ocrx_word' id='word_1_124' title='bbox 701 2457 727 2508; x_wconf 89' lang='lat' dir='ltr'>et</span> <span class='ocrx_word' id='word_1_125' title='bbox 741 2451 914 2523; x_wconf 77' lang='lat' dir='ltr'>simpliciter,</span> <span class='ocrx_word' id='word_1_126' title='bbox 923 2451 1026 2523; x_wconf 85' lang='lat' dir='ltr'>absque</span> <span class='ocrx_word' id='word_1_127' title='bbox 1039 2449 1099 2504; x_wconf 89' lang='lat' dir='ltr'>ulla</span> <span class='ocrx_word' id='word_1_128' title='bbox 1112 2440 1340 2518; x_wconf 61' lang='lat' dir='ltr'>tergiversatione</span> 
     </span>
     <span class='ocr_line' id='line_1_20' title="bbox 250 2537 1343 2612; baseline -0.002 -17"><span class='ocrx_word' id='word_1_129' title='bbox 250 2567 263 2589; x_wconf 91' lang='grc' dir='ltr'>ι</span> <span class='ocrx_word' id='word_1_130' title='bbox 279 2541 336 2596; x_wconf 83' lang='lat' dir='ltr'>aire</span> <span class='ocrx_word' id='word_1_131' title='bbox 348 2542 567 2599; x_wconf 81' lang='lat' dir='ltr'>contradictione</span> <span class='ocrx_word' id='word_1_132' title='bbox 578 2549 644 2598; x_wconf 89' lang='lat' dir='ltr'>tunc</span> <span class='ocrx_word' id='word_1_133' title='bbox 656 2543 770 2600; x_wconf 90' lang='lat' dir='ltr'>haberet</span> <span class='ocrx_word' id='word_1_134' title='bbox 782 2549 811 2598; x_wconf 88' lang='lat' dir='ltr'>et</span> <span class='ocrx_word' id='word_1_135' title='bbox 824 2543 934 2598; x_wconf 72' lang='lat' dir='ltr'>deteret</span> <span class='ocrx_word' id='word_1_136' title='bbox 947 2541 1097 2612; x_wconf 78' lang='lat' dir='ltr'>resignare.</span> <span class='ocrx_word' id='word_1_137' title='bbox 1112 2537 1224 2612; x_wconf 84' lang='lat' dir='ltr'>ld-quod</span> <span class='ocrx_word' id='word_1_138' title='bbox 1236 2537 1343 2610; x_wconf 81' lang='lat' dir='ltr'>placuit</span> 
     </span>
     <span class='ocr_line' id='line_1_21' title="bbox 250 2627 1339 2704; baseline -0.006 -17"><span class='ocrx_word' id='word_1_139' title='bbox 250 2657 263 2679; x_wconf 85' lang='lat'><strong>·</strong></span> <span class='ocrx_word' id='word_1_140' title='bbox 278 2633 407 2688; x_wconf 76' lang='lat' dir='ltr'>omnibus</span> <span class='ocrx_word' id='word_1_141' title='bbox 424 2633 582 2690; x_wconf 86' lang='lat' dir='ltr'>doctoribue</span> <span class='ocrx_word' id='word_1_142' title='bbox 601 2639 630 2689; x_wconf 87' lang='lat' dir='ltr'>et</span> <span class='ocrx_word' id='word_1_143' title='bbox 649 2634 799 2704; x_wconf 76' lang='lat' dir='ltr'>magistris.</span> <span class='ocrx_word' id='word_1_144' title='bbox 822 2635 857 2688; x_wconf 83' lang='lat' dir='ltr'>Et</span> <span class='ocrx_word' id='word_1_145' title='bbox 879 2633 908 2688; x_wconf 89' lang='lat' dir='ltr'>in</span> <span class='ocrx_word' id='word_1_146' title='bbox 928 2633 1041 2688; x_wconf 85' lang='lat' dir='ltr'>evidene</span> <span class='ocrx_word' id='word_1_147' title='bbox 1061 2631 1171 2702; x_wconf 76' lang='lat' dir='ltr'>signum</span> <span class='ocrx_word' id='word_1_148' title='bbox 1194 2627 1339 2686; x_wconf 82' lang='lat' dir='ltr'>electionis</span> 
     </span>
     <span class='ocr_line' id='line_1_22' title="bbox 249 2714 1395 2796; baseline -0.003 -19"><span class='ocrx_word' id='word_1_149' title='bbox 249 2748 261 2768; x_wconf 87' lang='lat'><strong>·</strong></span> <span class='ocrx_word' id='word_1_150' title='bbox 278 2723 401 2793; x_wconf 75' lang='lat' dir='ltr'>ejusdem</span> <span class='ocrx_word' id='word_1_151' title='bbox 415 2723 520 2779; x_wconf 88' lang='lat' dir='ltr'>domini</span> <span class='ocrx_word' id='word_1_152' title='bbox 535 2725 649 2796; x_wconf 78' lang='lat' dir='ltr'>Nepotis</span> <span class='ocrx_word' id='word_1_153' title='bbox 663 2725 691 2779; x_wconf 90' lang='lat' dir='ltr'>in</span> <span class='ocrx_word' id='word_1_154' title='bbox 705 2725 860 2787; x_wconf 81' lang='lat' dir='ltr'>Rectorem.</span> <span class='ocrx_word' id='word_1_155' title='bbox 875 2723 1009 2780; x_wconf 86' lang='lat' dir='ltr'>traditum</span> <span class='ocrx_word' id='word_1_156' title='bbox 1022 2727 1050 2778; x_wconf 90' lang='lat' dir='ltr'>et</span> <span class='ocrx_word' id='word_1_157' title='bbox 1064 2721 1270 2794; x_wconf 75' lang='lat' dir='ltr'>suprapositum</span> <span class='ocrx_word' id='word_1_158' title='bbox 1284 2714 1339 2774; x_wconf 83' lang='lat' dir='ltr'>luit</span> <span class='ocrx_word' id='word_1_159' title='bbox 1392 2737 1395 2742; x_wconf 93' lang='lat'>·</span> 
     </span>
     <span class='ocr_line' id='line_1_23' title="bbox 248 2811 1337 2887; baseline -0.002 -19"><span class='ocrx_word' id='word_1_160' title='bbox 248 2839 260 2860; x_wconf 88' lang='grc' dir='ltr'>ι</span> <span class='ocrx_word' id='word_1_161' title='bbox 276 2813 360 2884; x_wconf 84' lang='lat' dir='ltr'>capiti</span> <span class='ocrx_word' id='word_1_162' title='bbox 374 2815 435 2884; x_wconf 87' lang='lat' dir='ltr'>ejue</span> <span class='ocrx_word' id='word_1_163' title='bbox 447 2816 490 2882; x_wconf 88' lang='lat' dir='ltr'>(ut</span> <span class='ocrx_word' id='word_1_164' title='bbox 503 2815 555 2870; x_wconf 86' lang='lat' dir='ltr'>lert</span> <span class='ocrx_word' id='word_1_165' title='bbox 564 2823 655 2870; x_wconf 84' lang='lat' dir='ltr'>textue</span> <span class='ocrx_word' id='word_1_166' title='bbox 667 2815 843 2872; x_wconf 81' lang='lat' dir='ltr'>instrumenti</span> <span class='ocrx_word' id='word_1_167' title='bbox 854 2817 973 2887; x_wconf 85' lang='lat' dir='ltr'>desuper</span> <span class='ocrx_word' id='word_1_168' title='bbox 982 2813 1109 2884; x_wconf 88' lang='lat' dir='ltr'>coniecti)</span> <span class='ocrx_word' id='word_1_169' title='bbox 1119 2811 1261 2884; x_wconf 86' lang='lat' dir='ltr'>caputium</span> <span class='ocrx_word' id='word_1_170' title='bbox 1273 2826 1337 2866; x_wconf 88' lang='lat' dir='ltr'>cum</span> 
     </span>
     <span class='ocr_line' id='line_1_24' title="bbox 247 2904 1337 2979; baseline -0.001 -21"><span class='ocrx_word' id='word_1_171' title='bbox 247 2929 260 2951; x_wconf 86' lang='lat'><strong>·</strong></span> <span class='ocrx_word' id='word_1_172' title='bbox 277 2905 374 2976; x_wconf 86' lang='lat' dir='ltr'>pennia</span> <span class='ocrx_word' id='word_1_173' title='bbox 386 2905 421 2959; x_wconf 88' lang='lat' dir='ltr'>de</span> <span class='ocrx_word' id='word_1_174' title='bbox 435 2904 511 2960; x_wconf 85' lang='lat' dir='ltr'>vario</span> <span class='ocrx_word' id='word_1_175' title='bbox 524 2907 688 2962; x_wconf 80' lang='lat' dir='ltr'>foderatam.</span> <span class='ocrx_word' id='word_1_176' title='bbox 705 2907 739 2961; x_wconf 78' lang='lat' dir='ltr'>ut</span> <span class='ocrx_word' id='word_1_177' title='bbox 750 2907 888 2979; x_wconf 78' lang='lat' dir='ltr'>praestitit</span> <span class='ocrx_word' id='word_1_178' title='bbox 898 2909 1098 2978; x_wconf 85' lang='lat' dir='ltr'>jurameutum.</span> <span class='ocrx_word' id='word_1_179' title='bbox 1108 2929 1121 2950; x_wconf 89' lang='grc' dir='ltr'>ιι</span> <span class='ocrx_word' id='word_1_180' title='bbox 1138 2905 1161 2958; x_wconf 80' lang='grc' dir='ltr'>Α</span> <span class='ocrx_word' id='word_1_181' title='bbox 1175 2907 1247 2958; x_wconf 87' lang='lat' dir='ltr'>cette</span> <span class='ocrx_word' id='word_1_182' title='bbox 1261 2917 1337 2957; x_wconf 82' lang='lat' dir='ltr'>occe·</span> 
     </span>
     <span class='ocr_line' id='line_1_25' title="bbox 245 2987 1335 3069; baseline -0.001 -20"><span class='ocrx_word' id='word_1_183' title='bbox 245 2994 307 3050; x_wconf 83' lang='lat' dir='ltr'>aion</span> <span class='ocrx_word' id='word_1_184' title='bbox 320 2996 347 3050; x_wconf 86' lang='lat' dir='ltr'>le</span> <span class='ocrx_word' id='word_1_185' title='bbox 361 2996 426 3052; x_wconf 90' lang='lat' dir='ltr'>rille</span> <span class='ocrx_word' id='word_1_186' title='bbox 439 2997 473 3052; x_wconf 85' lang='lat' dir='ltr'>de</span> <span class='ocrx_word' id='word_1_187' title='bbox 487 2998 611 3052; x_wconf 85' lang='lat' dir='ltr'>Lourain</span> <span class='ocrx_word' id='word_1_188' title='bbox 621 2999 739 3056; x_wconf 85' lang='lat' dir='ltr'>accorda</span> <span class='ocrx_word' id='word_1_189' title='bbox 749 3015 804 3054; x_wconf 92' lang='lat' dir='ltr'>une</span> <span class='ocrx_word' id='word_1_190' title='bbox 814 2997 1000 3069; x_wconf 77' lang='lat' dir='ltr'>gratification</span> <span class='ocrx_word' id='word_1_191' title='bbox 1012 3005 1028 3051; x_wconf 78' lang='lat' dir='ltr'>a</span> <span class='ocrx_word' id='word_1_192' title='bbox 1041 2996 1200 3053; x_wconf 85' lang='lat' dir='ltr'>Guilleunre</span> <span class='ocrx_word' id='word_1_193' title='bbox 1210 2987 1335 3065; x_wconf 68' lang='lat' dir='ltr'>Nepotis]</span> 
     </span>
     <span class='ocr_line' id='line_1_26' title="bbox 246 3085 1337 3160; baseline -0.003 -19"><span class='ocrx_word' id='word_1_194' title='bbox 246 3087 285 3142; x_wconf 86' lang='lat' dir='ltr'>Le</span> <span class='ocrx_word' id='word_1_195' title='bbox 305 3093 414 3158; x_wconf 89' lang='lat' dir='ltr'>comple</span> <span class='ocrx_word' id='word_1_196' title='bbox 435 3090 593 3143; x_wconf 86' lang='lat' dir='ltr'>communal</span> <span class='ocrx_word' id='word_1_197' title='bbox 616 3089 755 3160; x_wconf 78' lang='lat' dir='ltr'>(Regietro</span> <span class='ocrx_word' id='word_1_198' title='bbox 778 3089 812 3144; x_wconf 88' lang='lat' dir='ltr'>de</span> <span class='ocrx_word' id='word_1_199' title='bbox 838 3089 919 3152; x_wconf 69' lang='lat'>14²8,</span> <span class='ocrx_word' id='word_1_200' title='bbox 945 3089 994 3145; x_wconf 86' lang='lat' dir='ltr'>iol.</span> <span class='ocrx_word' id='word_1_201' title='bbox 1016 3088 1052 3143; x_wconf 88' lang='grc'>60</span> <span class='ocrx_word' id='word_1_202' title='bbox 1073 3086 1107 3159; x_wconf 68' lang='grc' dir='ltr'>ι’)</span> <span class='ocrx_word' id='word_1_203' title='bbox 1127 3085 1286 3142; x_wconf 85' lang='lat' dir='ltr'>mentionne</span> <span class='ocrx_word' id='word_1_204' title='bbox 1309 3085 1337 3138; x_wconf 89' lang='lat' dir='ltr'>la</span> 
     </span>
     <span class='ocr_line' id='line_1_27' title="bbox 244 3175 1336 3250; baseline -0.002 -20"><span class='ocrx_word' id='word_1_205' title='bbox 244 3175 364 3249; x_wconf 78' lang='lat' dir='ltr'>depensa</span> <span class='ocrx_word' id='word_1_206' title='bbox 377 3179 527 3234; x_wconf 84' lang='lat' dir='ltr'>euiraote:</span> <span class='ocrx_word' id='word_1_207' title='bbox 545 3180 637 3234; x_wconf 83' lang='lat' dir='ltr'>·1tern</span> <span class='ocrx_word' id='word_1_208' title='bbox 653 3179 798 3250; x_wconf 71' lang='lat' dir='ltr'>phegeuen</span> <span class='ocrx_word' id='word_1_209' title='bbox 813 3185 931 3236; x_wconf 82' lang='lat' dir='ltr'>meoeter</span> <span class='ocrx_word' id='word_1_210' title='bbox 945 3179 1061 3235; x_wconf 87' lang='lat' dir='ltr'>Willem</span> <span class='ocrx_word' id='word_1_211' title='bbox 1077 3177 1129 3233; x_wconf 91' lang='lat' dir='ltr'>den</span> <span class='ocrx_word' id='word_1_212' title='bbox 1144 3177 1282 3232; x_wconf 82' lang='lat' dir='ltr'>Scoleelor</span> <span class='ocrx_word' id='word_1_213' title='bbox 1295 3179 1336 3230; x_wconf 88' lang='lat' dir='ltr'>tot</span> 
     </span>
     <span class='ocr_line' id='line_1_28' title="bbox 246 3266 1336 3341; baseline -0.001 -20"><span class='ocrx_word' id='word_1_214' title='bbox 246 3293 259 3314; x_wconf 94' lang='grc' dir='ltr'>ιι</span> <span class='ocrx_word' id='word_1_215' title='bbox 276 3269 355 3324; x_wconf 86' lang='lat' dir='ltr'>einen</span> <span class='ocrx_word' id='word_1_216' title='bbox 370 3270 486 3324; x_wconf 85' lang='lat' dir='ltr'>loendet</span> <span class='ocrx_word' id='word_1_217' title='bbox 500 3269 605 3326; x_wconf 79' lang='lat' dir='ltr'>beanda</span> <span class='ocrx_word' id='word_1_218' title='bbox 617 3272 804 3341; x_wconf 74' lang='lat' dir='ltr'>aletrerlengt</span> <span class='ocrx_word' id='word_1_219' title='bbox 816 3271 890 3326; x_wconf 87' lang='lat' dir='ltr'>heelt</span> <span class='ocrx_word' id='word_1_220' title='bbox 903 3287 993 3326; x_wconf 89' lang='lat' dir='ltr'>omme</span> <span class='ocrx_word' id='word_1_221' title='bbox 1005 3271 1052 3324; x_wconf 84' lang='lat' dir='ltr'>dcl</span> <span class='ocrx_word' id='word_1_222' title='bbox 1066 3269 1094 3324; x_wconf 93' lang='lat' dir='ltr'>hi</span> <span class='ocrx_word' id='word_1_223' title='bbox 1107 3266 1336 3338; x_wconf 76' lang='lat' dir='ltr'>gheneaiugneert</span> 
     </span>
     <span class='ocr_line' id='line_1_29' title="bbox 246 3357 1334 3434; baseline -0.003 -21"><span class='ocrx_word' id='word_1_224' title='bbox 246 3383 259 3406; x_wconf 90' lang='grc' dir='ltr'>ιι</span> <span class='ocrx_word' id='word_1_225' title='bbox 275 3357 349 3414; x_wconf 87' lang='lat' dir='ltr'>heelt</span> <span class='ocrx_word' id='word_1_226' title='bbox 367 3361 401 3415; x_wconf 90' lang='lat' dir='ltr'>de</span> <span class='ocrx_word' id='word_1_227' title='bbox 422 3365 544 3433; x_wconf 79' lang='lat' dir='ltr'>rectorye</span> <span class='ocrx_word' id='word_1_228' title='bbox 564 3362 665 3416; x_wconf 85' lang='lat' dir='ltr'>rander</span> <span class='ocrx_word' id='word_1_229' title='bbox 679 3361 866 3434; x_wconf 75' lang='lat' dir='ltr'>Vniueraiteyt</span> <span class='ocrx_word' id='word_1_230' title='bbox 886 3379 940 3416; x_wconf 86' lang='lat' dir='ltr'>rau</span> <span class='ocrx_word' id='word_1_231' title='bbox 963 3363 1056 3418; x_wconf 86' lang='lat' dir='ltr'>Louen</span> <span class='ocrx_word' id='word_1_232' title='bbox 1080 3360 1114 3415; x_wconf 93' lang='lat' dir='ltr'>de</span> <span class='ocrx_word' id='word_1_233' title='bbox 1137 3357 1166 3412; x_wconf 93' lang='lat' dir='ltr'>hi</span> <span class='ocrx_word' id='word_1_234' title='bbox 1187 3371 1334 3426; x_wconf 76' lang='lat' dir='ltr'>rercregeu</span> 
     </span>
     <span class='ocr_line' id='line_1_30' title="bbox 245 3449 1335 3524; baseline 0 -22"><span class='ocrx_word' id='word_1_235' title='bbox 245 3473 257 3496; x_wconf 93' lang='grc' dir='ltr'>ιι</span> <span class='ocrx_word' id='word_1_236' title='bbox 274 3449 364 3504; x_wconf 85' lang='lat' dir='ltr'>hadde</span> <span class='ocrx_word' id='word_1_237' title='bbox 385 3467 438 3506; x_wconf 89' lang='lat' dir='ltr'>ane</span> <span class='ocrx_word' id='word_1_238' title='bbox 460 3451 513 3506; x_wconf 90' lang='lat' dir='ltr'>den</span> <span class='ocrx_word' id='word_1_239' title='bbox 537 3469 632 3523; x_wconf 75' lang='lat' dir='ltr'>pauwe</span> <span class='ocrx_word' id='word_1_240' title='bbox 655 3470 681 3509; x_wconf 87' lang='lat' dir='ltr'>r.</span> <span class='ocrx_word' id='word_1_241' title='bbox 703 3456 765 3524; x_wconf 86' lang='lat' dir='ltr'>jaer</span> <span class='ocrx_word' id='word_1_242' title='bbox 787 3453 880 3518; x_wconf 73' lang='lat' dir='ltr'>lancia,</span> <span class='ocrx_word' id='word_1_243' title='bbox 897 3453 962 3524; x_wconf 85' lang='lat' dir='ltr'>xviij</span> <span class='ocrx_word' id='word_1_244' title='bbox 988 3451 1092 3523; x_wconf 82' lang='lat' dir='ltr'>gulden</span> <span class='ocrx_word' id='word_1_245' title='bbox 1115 3467 1195 3523; x_wconf 71' lang='lat' dir='ltr'>cyrre3</span> <span class='ocrx_word' id='word_1_246' title='bbox 1220 3453 1281 3503; x_wconf 87' lang='lat' dir='ltr'>etuc</span> <span class='ocrx_word' id='word_1_247' title='bbox 1306 3453 1335 3502; x_wconf 87' lang='lat' dir='ltr'>te</span> 
     </span>
     <span class='ocr_line' id='line_1_31' title="bbox 245 3539 755 3614; baseline 0.004 -18"><span class='ocrx_word' id='word_1_248' title='bbox 245 3563 258 3586; x_wconf 80' lang='grc' dir='ltr'>ι</span> <span class='ocrx_word' id='word_1_249' title='bbox 274 3539 284 3592; x_wconf 92' lang='lat' dir='ltr'>l</span> <span class='ocrx_word' id='word_1_250' title='bbox 298 3539 426 3610; x_wconf 74' lang='lat' dir='ltr'>plecken,</span> <span class='ocrx_word' id='word_1_251' title='bbox 438 3543 531 3598; x_wconf 88' lang='lat' dir='ltr'>raleul</span> <span class='ocrx_word' id='word_1_252' title='bbox 544 3542 586 3597; x_wconf 81' lang='lat' dir='ltr'>ix⁰</span> <span class='ocrx_word' id='word_1_253' title='bbox 600 3542 727 3614; x_wconf 81' lang='lat' dir='ltr'>pleckeu.</span> <span class='ocrx_word' id='word_1_254' title='bbox 742 3569 755 3591; x_wconf 94' lang='grc' dir='ltr'>ιι</span> 
     </span>
    </p>

    <p class='ocr_par' dir='ltr' id='par_1_9' title="bbox 240 3628 1338 4435">
     <span class='ocr_line' id='line_1_32' title="bbox 280 3628 1338 3705; baseline -0.001 -21"><span class='ocrx_word' id='word_1_255' title='bbox 280 3628 318 3700; x_wconf 77' lang='lat' dir='ltr'>(l)</span> <span class='ocrx_word' id='word_1_256' title='bbox 338 3630 526 3688; x_wconf 66' lang='lat' dir='ltr'>Immatricule?</span> <span class='ocrx_word' id='word_1_257' title='bbox 548 3643 565 3688; x_wconf 82' lang='lat' dir='ltr'>a</span> <span class='ocrx_word' id='word_1_258' title='bbox 589 3633 764 3690; x_wconf 72' lang='lat' dir='ltr'>l&#39;Unireraitd</span> <span class='ocrx_word' id='word_1_259' title='bbox 787 3635 822 3690; x_wconf 92' lang='lat' dir='ltr'>de</span> <span class='ocrx_word' id='word_1_260' title='bbox 841 3635 963 3705; x_wconf 73' lang='lat' dir='ltr'>Oologne</span> <span class='ocrx_word' id='word_1_261' title='bbox 984 3651 1019 3690; x_wconf 92' lang='lat' dir='ltr'>en</span> <span class='ocrx_word' id='word_1_262' title='bbox 1045 3631 1115 3688; x_wconf 82' lang='lat' dir='ltr'>ltle</span> <span class='ocrx_word' id='word_1_263' title='bbox 1140 3651 1146 3686; x_wconf 92' lang='lat'><strong>:</strong></span> <span class='ocrx_word' id='word_1_264' title='bbox 1173 3632 1274 3685; x_wconf 79' lang='lat' dir='ltr'>Daniel</span> <span class='ocrx_word' id='word_1_265' title='bbox 1299 3635 1338 3684; x_wconf 77' lang='lat' dir='ltr'>dc</span> 
     </span>
     <span class='ocr_line' id='line_1_33' title="bbox 245 3719 1338 3796; baseline -0.001 -19"><span class='ocrx_word' id='word_1_266' title='bbox 245 3719 384 3777; x_wconf 84' lang='lat' dir='ltr'>Blolrbom</span> <span class='ocrx_word' id='word_1_267' title='bbox 397 3723 569 3794; x_wconf 79' lang='lat' dir='ltr'>Leodlerrrla,·</span> <span class='ocrx_word' id='word_1_268' title='bbox 583 3731 614 3778; x_wconf 83' lang='lat' dir='ltr'>tn</span> <span class='ocrx_word' id='word_1_269' title='bbox 626 3731 745 3782; x_wconf 76' lang='lat' dir='ltr'>artibus.</span> <span class='ocrx_word' id='word_1_270' title='bbox 760 3726 904 3790; x_wconf 72' lang='lat' dir='ltr'>Karesene.</span> <span class='ocrx_word' id='word_1_271' title='bbox 920 3743 981 3781; x_wconf 88' lang='lat' dir='ltr'>our.</span> <span class='ocrx_word' id='word_1_272' title='bbox 997 3726 1061 3788; x_wconf 79' lang='lat' dir='ltr'>cite,</span> <span class='ocrx_word' id='word_1_273' title='bbox 1078 3726 1099 3789; x_wconf 88' lang='lat' dir='ltr'>l,</span> <span class='ocrx_word' id='word_1_274' title='bbox 1116 3741 1142 3796; x_wconf 92' lang='lat' dir='ltr'>p.</span> <span class='ocrx_word' id='word_1_275' title='bbox 1163 3721 1224 3786; x_wconf 81' lang='grc'><strong>163,</strong></span> <span class='ocrx_word' id='word_1_276' title='bbox 1239 3738 1267 3776; x_wconf 93' lang='lat' dir='ltr'>n.</span> <span class='ocrx_word' id='word_1_277' title='bbox 1282 3721 1338 3778; x_wconf 77' lang='lat' dir='ltr'>tu.-</span> 
     </span>
     <span class='ocr_line' id='line_1_34' title="bbox 244 3813 1330 3886; baseline 0 -20"><span class='ocrx_word' id='word_1_278' title='bbox 244 3813 265 3866; x_wconf 90' lang='lat' dir='ltr'>ll</span> <span class='ocrx_word' id='word_1_279' title='bbox 292 3813 386 3868; x_wconf 85' lang='lat' dir='ltr'>devint</span> <span class='ocrx_word' id='word_1_280' title='bbox 411 3817 567 3886; x_wconf 80' lang='lat' dir='ltr'>proleaeeur</span> <span class='ocrx_word' id='word_1_281' title='bbox 592 3817 626 3872; x_wconf 89' lang='lat' dir='ltr'>de</span> <span class='ocrx_word' id='word_1_282' title='bbox 652 3817 726 3872; x_wconf 88' lang='lat' dir='ltr'>droit</span> <span class='ocrx_word' id='word_1_283' title='bbox 751 3817 816 3872; x_wconf 91' lang='lat' dir='ltr'>ciril</span> <span class='ocrx_word' id='word_1_284' title='bbox 837 3825 853 3871; x_wconf 80' lang='lat' dir='ltr'>a</span> <span class='ocrx_word' id='word_1_285' title='bbox 877 3815 1054 3873; x_wconf 76' lang='lat' dir='ltr'>l&#39;Unirereite</span> <span class='ocrx_word' id='word_1_286' title='bbox 1083 3817 1117 3871; x_wconf 89' lang='lat' dir='ltr'>de</span> <span class='ocrx_word' id='word_1_287' title='bbox 1146 3813 1269 3870; x_wconf 83' lang='lat' dir='ltr'>Loureio</span> <span class='ocrx_word' id='word_1_288' title='bbox 1296 3829 1330 3866; x_wconf 91' lang='lat' dir='ltr'>eu</span> 
     </span>
     <span class='ocr_line' id='line_1_35' title="bbox 241 3901 1334 3975; baseline 0.001 -18"><span class='ocrx_word' id='word_1_289' title='bbox 241 3901 386 3960; x_wconf 76' lang='lat' dir='ltr'>decembre</span> <span class='ocrx_word' id='word_1_290' title='bbox 403 3905 483 3971; x_wconf 78' lang='lat' dir='ltr'>tlte,</span> <span class='ocrx_word' id='word_1_291' title='bbox 497 3923 603 3962; x_wconf 89' lang='lat' dir='ltr'>conrme</span> <span class='ocrx_word' id='word_1_292' title='bbox 616 3907 637 3962; x_wconf 90' lang='lat' dir='ltr'>il</span> <span class='ocrx_word' id='word_1_293' title='bbox 651 3908 756 3964; x_wconf 80' lang='lat' dir='ltr'>renuite</span> <span class='ocrx_word' id='word_1_294' title='bbox 768 3909 802 3963; x_wconf 89' lang='lat' dir='ltr'>de</span> <span class='ocrx_word' id='word_1_295' title='bbox 816 3909 1055 3964; x_wconf 84' lang='lat' dir='ltr'>l&#39;erticleeuirant</span> <span class='ocrx_word' id='word_1_296' title='bbox 1064 3907 1165 3963; x_wconf 85' lang='lat' dir='ltr'>extrait</span> <span class='ocrx_word' id='word_1_297' title='bbox 1176 3906 1212 3960; x_wconf 91' lang='lat' dir='ltr'>du</span> <span class='ocrx_word' id='word_1_298' title='bbox 1222 3909 1334 3975; x_wconf 86' lang='lat' dir='ltr'>compte·</span> 
     </span>
     <span class='ocr_line' id='line_1_36' title="bbox 240 3997 1331 4073; baseline 0.002 -23"><span class='ocrx_word' id='word_1_299' title='bbox 240 3997 398 4050; x_wconf 79' lang='lat' dir='ltr'>commune!</span> <span class='ocrx_word' id='word_1_300' title='bbox 413 3997 447 4052; x_wconf 89' lang='lat' dir='ltr'>de</span> <span class='ocrx_word' id='word_1_301' title='bbox 461 3997 585 4053; x_wconf 86' lang='lat' dir='ltr'>Lourain</span> <span class='ocrx_word' id='word_1_302' title='bbox 604 3999 639 4054; x_wconf 89' lang='lat' dir='ltr'>de</span> <span class='ocrx_word' id='word_1_303' title='bbox 662 3998 731 4056; x_wconf 72' lang='lat' dir='ltr'>lter</span> <span class='ocrx_word' id='word_1_304' title='bbox 744 4001 803 4071; x_wconf 86' lang='lat' dir='ltr'>(iol.</span> <span class='ocrx_word' id='word_1_305' title='bbox 819 4000 856 4056; x_wconf 79' lang='lat'>25</span> <span class='ocrx_word' id='word_1_306' title='bbox 870 4003 928 4073; x_wconf 85' lang='lat' dir='ltr'>r⁰):</span> <span class='ocrx_word' id='word_1_307' title='bbox 947 4025 960 4048; x_wconf 82' lang='grc' dir='ltr'>ι</span> <span class='ocrx_word' id='word_1_308' title='bbox 974 3999 1041 4056; x_wconf 87' lang='lat' dir='ltr'>item</span> <span class='ocrx_word' id='word_1_309' title='bbox 1054 3999 1199 4071; x_wconf 52' lang='lat' dir='ltr'>waganon</span> <span class='ocrx_word' id='word_1_310' title='bbox 1214 3999 1331 4052; x_wconf 65' lang='lat' dir='ltr'>mooun</span> 
     </span>
     <span class='ocr_line' id='line_1_37' title="bbox 243 4086 1330 4163; baseline 0 -23"><span class='ocrx_word' id='word_1_311' title='bbox 243 4111 255 4132; x_wconf 89' lang='grc' dir='ltr'>ι</span> <span class='ocrx_word' id='word_1_312' title='bbox 272 4086 375 4143; x_wconf 85' lang='lat' dir='ltr'>Deueel</span> <span class='ocrx_word' id='word_1_313' title='bbox 395 4106 448 4144; x_wconf 87' lang='lat' dir='ltr'>rau</span> <span class='ocrx_word' id='word_1_314' title='bbox 469 4089 601 4146; x_wconf 83' lang='lat' dir='ltr'>Bloclrem</span> <span class='ocrx_word' id='word_1_315' title='bbox 611 4091 657 4162; x_wconf 75' lang='lat' dir='ltr'>rii]</span> <span class='ocrx_word' id='word_1_316' title='bbox 678 4092 708 4147; x_wconf 90' lang='lat' dir='ltr'>in</span> <span class='ocrx_word' id='word_1_317' title='bbox 728 4093 876 4162; x_wconf 78' lang='lat' dir='ltr'>septembri</span> <span class='ocrx_word' id='word_1_318' title='bbox 891 4109 943 4148; x_wconf 83' lang='lat' dir='ltr'>vau</span> <span class='ocrx_word' id='word_1_319' title='bbox 956 4093 1004 4148; x_wconf 89' lang='lat' dir='ltr'>dat</span> <span class='ocrx_word' id='word_1_320' title='bbox 1013 4091 1042 4146; x_wconf 91' lang='lat' dir='ltr'>hi</span> <span class='ocrx_word' id='word_1_321' title='bbox 1053 4093 1164 4163; x_wconf 76' lang='lat' dir='ltr'>geleeen</span> <span class='ocrx_word' id='word_1_322' title='bbox 1178 4091 1252 4145; x_wconf 81' lang='lat' dir='ltr'>been</span> <span class='ocrx_word' id='word_1_323' title='bbox 1261 4087 1330 4159; x_wconf 77' lang='lat' dir='ltr'>jode</span> 
     </span>
     <span class='ocr_line' id='line_1_38' title="bbox 243 4175 1335 4258; baseline 0.003 -28"><span class='ocrx_word' id='word_1_324' title='bbox 243 4200 256 4222; x_wconf 91' lang='grc' dir='ltr'>ιι</span> <span class='ocrx_word' id='word_1_325' title='bbox 271 4175 445 4235; x_wconf 86' lang='lat' dir='ltr'>rniueraiteit</span> <span class='ocrx_word' id='word_1_326' title='bbox 457 4197 509 4234; x_wconf 90' lang='lat' dir='ltr'>ran</span> <span class='ocrx_word' id='word_1_327' title='bbox 524 4181 618 4237; x_wconf 86' lang='lat' dir='ltr'>Louen</span> <span class='ocrx_word' id='word_1_328' title='bbox 629 4182 692 4258; x_wconf 71' lang='lat' dir='ltr'>iura</span> <span class='ocrx_word' id='word_1_329' title='bbox 702 4183 784 4254; x_wconf 84' lang='lat' dir='ltr'>vanij</span> <span class='ocrx_word' id='word_1_330' title='bbox 797 4183 914 4238; x_wconf 86' lang='lat' dir='ltr'>termine</span> <span class='ocrx_word' id='word_1_331' title='bbox 923 4199 975 4238; x_wconf 88' lang='lat' dir='ltr'>van</span> <span class='ocrx_word' id='word_1_332' title='bbox 985 4183 1049 4238; x_wconf 83' lang='lat' dir='ltr'>hall</span> <span class='ocrx_word' id='word_1_333' title='bbox 1055 4185 1117 4256; x_wconf 85' lang='lat' dir='ltr'>jaer</span> <span class='ocrx_word' id='word_1_334' title='bbox 1126 4183 1174 4238; x_wconf 89' lang='lat' dir='ltr'>dat</span> <span class='ocrx_word' id='word_1_335' title='bbox 1183 4178 1286 4250; x_wconf 65' lang='lat' dir='ltr'>mulne</span> <span class='ocrx_word' id='word_1_336' title='bbox 1295 4179 1335 4250; x_wconf 79' lang='lat' dir='ltr'>jn</span> 
     </span>
     <span class='ocr_line' id='line_1_39' title="bbox 243 4266 1330 4348; baseline 0.003 -25"><span class='ocrx_word' id='word_1_337' title='bbox 243 4291 256 4315; x_wconf 87' lang='grc' dir='ltr'>ι</span> <span class='ocrx_word' id='word_1_338' title='bbox 267 4266 350 4338; x_wconf 84' lang='lat' dir='ltr'>junio</span> <span class='ocrx_word' id='word_1_339' title='bbox 365 4271 411 4340; x_wconf 87' lang='lat' dir='ltr'>jut</span> <span class='ocrx_word' id='word_1_340' title='bbox 427 4272 490 4341; x_wconf 86' lang='lat' dir='ltr'>jaer</span> <span class='ocrx_word' id='word_1_341' title='bbox 502 4287 553 4328; x_wconf 84' lang='lat' dir='ltr'>ona</span> <span class='ocrx_word' id='word_1_342' title='bbox 565 4271 651 4328; x_wconf 88' lang='lat' dir='ltr'>heren</span> <span class='ocrx_word' id='word_1_343' title='bbox 670 4285 697 4329; x_wconf 81' lang='lat' dir='ltr'>nn</span> <span class='ocrx_word' id='word_1_344' title='bbox 711 4273 765 4345; x_wconf 68' lang='lat' dir='ltr'>iiije</span> <span class='ocrx_word' id='word_1_345' title='bbox 779 4275 862 4345; x_wconf 69' lang='lat' dir='ltr'>xxvij,</span> <span class='ocrx_word' id='word_1_346' title='bbox 878 4275 933 4342; x_wconf 74' lang='lat' dir='ltr'>alja</span> <span class='ocrx_word' id='word_1_347' title='bbox 948 4275 1059 4346; x_wconf 80' lang='lat' dir='ltr'>gulden·</span> <span class='ocrx_word' id='word_1_348' title='bbox 1074 4287 1153 4348; x_wconf 73' lang='lat' dir='ltr'>ryne3</span> <span class='ocrx_word' id='word_1_349' title='bbox 1176 4277 1237 4329; x_wconf 85' lang='lat' dir='ltr'>etue</span> <span class='ocrx_word' id='word_1_350' title='bbox 1255 4267 1330 4340; x_wconf 67' lang='lat' dir='ltr'>tedii</span> 
     </span>
     <span class='ocr_line' id='line_1_40' title="bbox 245 4357 730 4435; baseline 0.012 -22"><span class='ocrx_word' id='word_1_351' title='bbox 245 4382 257 4404; x_wconf 87' lang='lat'><strong>·</strong></span> <span class='ocrx_word' id='word_1_352' title='bbox 276 4357 400 4430; x_wconf 82' lang='lat' dir='ltr'>plecken‚</span> <span class='ocrx_word' id='word_1_353' title='bbox 415 4362 509 4418; x_wconf 89' lang='lat' dir='ltr'>velent</span> <span class='ocrx_word' id='word_1_354' title='bbox 523 4365 562 4434; x_wconf 71' lang='lat' dir='ltr'>rj⁶</span> <span class='ocrx_word' id='word_1_355' title='bbox 575 4362 701 4435; x_wconf 80' lang='lat' dir='ltr'>pleoken.</span> <span class='ocrx_word' id='word_1_356' title='bbox 718 4389 730 4411; x_wconf 94' lang='grc' dir='ltr'>ιι</span> 
     </span>
    </p>
   </div>
   <div class='ocr_carea' id='block_1_9' title="bbox 0 0 1602 4940">
    <p class='ocr_par' dir='ltr' id='par_1_10' title="bbox 0 0 1602 4940">
     <span class='ocr_line' id='line_1_41' title="bbox 0 0 1602 4940; baseline 0 11"><span class='ocrx_word' id='word_1_357' title='bbox 0 0 1602 4940; x_wconf 95' lang='lat' dir='ltr'> </span> 
     </span>
    </p>
   </div>
  </div>
 </body>
</html>
