3112 4942
627 447 806 546 .-'t3-

177 673 244 740 que
274 656 481 738 presentibus
511 671 574 722 nou
606 673 762 736 expressa
792 655 843 721 vel
873 657 1013 722 totaliter
1050 653 1114 722 non
1153 657 1274 722 inserta

179 757 318 832 vallectus
334 773 445 821 earum
468 755 616 836 impediri
633 755 736 820 valeat
758 755 999 836 quomodolibet
1017 757 1067 822 vel
1083 755 1223 835 'dillerri
1242 765 1274 821 et

182 856 364 937 dequibus
385 872 587 937 quorumque
608 855 773 920 tenoribus
798 855 944 920 habenda
965 855 1006 920 sit
1025 855 1057 919 in
1080 856 1201 921 nostris
1222 857 1274 922 tlt-

182 955 265 1020 teris
282 955 404 1020 mentio
420 955 585 1036 specialis.
654 1043 659 1050 ι
872 947 873 951 ’
1062 979 1064 984 ·

248 1107 396 1161 Coadltt'ott
416 1112 434 1158 d
454 1110 568 1172 rempttr
584 1121 640 1172 par
658 1111 734 1180 celui*
747 1111 796 1172 pul
807 1108 904 1180 ¹de'sirc
916 1111 996 1172 jouir·
1015 1111 1053 1159 du
1069 1111 1211 1175 privilege.

183 1257 187 1262 ·
228 1230 365 1294 Prouiso
386 1229 473 1310 quod
491 1227 648 1293 beneflcio
666 1229 742 1309 <ipsa
757 1229 875 1293 debitis
893 1246 956 1294 non
980 1228 1167 1294 fraudentur
1182 1231 1279 1297 obse-

185 1328 283 1411 quiis,
300 1336 333 1392 ct
347 1327 524 1392 animarum
540 1343 618 1392 cura
631 1327 662 1390 in
676 1327 725 1391 eis
740 1326 858 1407 quibus
871 1326 923 1390 illa
935 1326 1079 1392 imminet
1096 1328 1279 1394 nullatenus

188 1428 380 1508 negligatur,
396 1427 455 1490 sed
480 1442 536 1505 per
551 1426 656 1490 bonos
671 1433 703 1490 et
720 1424 919 1490 sufficientes
943 1425 1082 1489 vicarios
1097 1441 1113 1488 a
1131 1428 1279 1506 personis

188 1525 344 1590 beneficia
380 1524 564 1589 huiusmodi
597 1523 818 1590 obtinentibus
848 1524 1062 1603 deputandos,
1094 1525 1210 1605 quibos
1239 1527 1280 1591 de

188 1624 419 1690 beneficiorum
439 1624 643 1688 obtentorum
660 1622 841 1689 uniusmodi
864 1623 1076 1702 prouentibus
1093 1626 1278 1690 necessaria

184 1739 331 1804 congrue
356 1722 591 1796 ministrentur,
618 1722 789 1804 diligenter
813 1731 1002 1788 exerceatur
1023 1729 1055 1788 ct
1077 1723 1279 1789 deseruiatur

183 1823 263 1886 inibi
280 1821 484 1888 laudabiliter
499 1821 531 1884 in
548 1821 682 1886 diuinis.

590 1971 742 2024 Attalbdmc
761 1979 785 2024 ct
804 1975 874 2024 dale.
921 1969 924 1974 '

231 2092 315 2158 Nulli
338 2107 416 2171 ergo
439 2091 570 2155 omnino
593 2091 758 2155 bominum
781 2091 876 2156 liceat
898 2092 981 2155 banc
998 2092 1143 2172 paginam
1170 2102 1280 2158 nostre

188 2179 427 2259 concessionis.
455 2191 696 2256 constitutionis
719 2199 749 2254 ct
779 2191 999 2256 ordinacionis
1027 2191 1202 2271 infringere
1229 2193 1278 2257 vel

189 2291 218 2356 ei
242 2307 322 2354 auso
348 2291 519 2354 temerario
542 2291 715 2354 contraire.
733 2290 764 2352 Si
788 2290 860 2370 quis
876 2299 981 2366 autem
1006 2291 1068 2354 ltoc
1090 2299 1280 2370 attemptare

189 2389 435 2469 presumpserit,
454 2389 706 2469 indignationem
731 2389 959 2469 omnipotentis
983 2388 1042 2464 Dei
1060 2399 1092 2453 et
1110 2390 1276 2454 beatorum

190 2488 276 2552 Petri
291 2498 325 2552 et
342 2488 429 2552 l'auli
447 2488 666 2568 apostolorum
684 2489 755 2552 eius
771 2505 807 2552 se
824 2489 948 2552 noverit
963 2487 1180 2560 incursurum.

234 2588 302 2650 liat.
330 2586 431 2652 Rome
458 2587 549 2666 apud
570 2596 701 2652 sanctos
727 2587 893 2668 apostolos
922 2604 964 2650 .v.
993 2588 1068 2651 ldus
1093 2587 1277 2652 decembris

190 2685 401 2751 Pontilicatus
417 2687 519 2752 nostri
536 2703 621 2750 anno
638 2703 735 2750 nouo.
764 2751 766 2756 ,

942 2768 1122 2849 Registmta
1138 2769 1237 2850 gnatis

976 2867 1022 2930 lo.
1039 2867 1203 2932 statuunt.

711 3049 766 3112 ltl.

193 3213 238 3276 ¹Le
251 3229 330 3294 pope
344 3213 461 3277 dlorliu
482 3212 621 3276 Ve'lnlrlit
636 3214 679 3276 les
695 3212 786 3304 ubbds
806 3213 843 3276 de
857 3213 1105 3277 Salat-Lourcnt
1120 3215 1158 3276 de
1177 3215 1276 3295 Lidpe,

234 3314 321 3374 etde
345 3311 512 3392 Tonprrloo
542 3314 622 3376 ainsi
648 3331 704 3394 pac
725 3312 754 3375 le
773 3311 876 3392 prerdt
903 3312 940 3374 de
964 3312 1237 3378 Salute-Gerlaudc
1262 3315 1281 3375 ὰ

193 3427 197 3432 ·
235 3412 387 3486 Loauuin,
418 3429 533 3475 comate
558 3419 784 3476 consuuuleurs
812 3417 840 3474 et
866 3411 1042 3490 defensetis
1067 3413 1109 3474 du
1136 3411 1281 3493 prinildpe

192 3531 195 3540 ⁴
233 3509 394 3590 precedent
416 3511 466 3587 (ll.

602 3625 773 3682 9decombre
791 3627 869 3682 1425.

234 3748 392 3813 llanrmus
420 3749 584 3814 Errscnnus
614 3770 723 3815 senous
760 3743 917 3816 sanuonun
948 3769 1007 3816 uer.
1041 3745 1172 3817 [illectis
1204 3751 1279 3834 liliis

195 3849 297 3911 sancti
321 3848 472 3929 laurencip¹
496 3859 585 3914 extra
610 3867 719 3916 muros
743 3851 926 3938 leodienses
950 3861 982 3916 et
1004 3851 1097 3918 beate
1119 3853 1221 3918 marie
1243 3853 1283 3918 de

194 3945 399 4028 Tonglterloe
419 3942 607 4024 dbbatibus,
624 3965 662 4012 ac
685 3940 850 4030 preposito
872 3959 983 4014 sancte
1007 3951 1169 4031 gertrudis
1193 3952 1283 4016 lona·

231 4119 270 4200 (ll
285 4129 322 4182 Co
335 4129 480 4184 document
494 4135 535 4184 est
549 4130 661 4184 inlituld
678 4131 746 4186 dans
762 4133 787 4187 lo
801 4132 952 4187 manuscrit
968 4151 974 4185 :
992 4133 1206 4187 conseruata-ta
1218 4151 1283 4200 per·

191 4227 277 4286 petua
290 4235 373 4284 super
382 4226 532 4288 priuilepio
546 4228 744 4288 suprascripto.
