3222 4944
750 430 871 500 -690
896 465 934 482 -

298 618 380 684 laum
404 620 443 684 de
467 619 603 684 Grutere
626 617 834 684 secretarium
859 615 1004 682 eiusdem
1028 616 1146 698 durnin]
1173 617 1274 682 nostri
1291 617 1383 684 ducis

296 721 378 784 lecte
405 728 436 783 et
463 718 622 798 publicare
650 716 788 781 luerunt.
816 715 939 792 Quibus
968 716 1138 794 publicatis
1166 716 1229 797 ipsi
1260 717 1381 797 dominj

295 817 508 897 commissuri]
545 834 584 881 ex
614 831 735 896 orgarm
765 815 885 896 dominj
918 815 1098 896 cancellarii
1131 816 1296 896 pecierunt
1327 833 1383 897 per

296 917 536 982 uniuersitatem
554 931 608 978 eas
625 914 723 996 recipi
741 913 862 996 admittj
879 922 911 978 et
934 915 1098 994 perpetuis
1122 915 1237 980 suturis
1260 923 1382 997 tempo·

296 1016 385 1080 ribus
422 1013 603 1096 obseruari.
637 1013 679 1078 lle
715 1013 833 1095 unibus
870 1013 998 1095 quidem
1031 1014 1318 1079 reformaciouibus
1349 1023 1380 1078 et

296 1114 562 1180 ordinacionibus
578 1113 728 1178 dominus
745 1123 852 1178 rector
869 1113 997 1178 nomine
1016 1113 1233 1178 vnlnersitntis
1256 1115 1379 1194 copiam

296 1214 480 1278 eurumdem
507 1213 545 1276 nd
572 1229 654 1293 opos
676 1213 821 1278 eiusdem
845 1212 1062 1277 uniuersitatis
1085 1213 1144 1291 sili
1170 1213 1248 1294 tradj
1274 1214 1378 1294 peciit.

297 1312 396 1388 Quam
427 1313 550 1391 copiam
579 1310 643 1390 jpsi
667 1310 786 1390 dominj
814 1310 1025 1391 commissarii
1052 1311 1135 1392 inira
1165 1329 1284 1392 paucos
1310 1312 1380 1376 dies

297 1411 421 1476 mittere
437 1420 467 1474 et
484 1409 663 1474 deliberare
679 1408 881 1474 addixerunt.
1114 1405 1116 1414 ’

629 1559 697 1613 Acta
715 1559 917 1628 Universum,
935 1559 980 1624 IV,
996 1560 1044 1618 iol.
1064 1559 1095 1614 14
1110 1568 1136 1614 r⁰
1149 1566 1176 1614 el
1189 1568 1228 1615 νο.

297 1797 422 1862 Glrurler
438 1797 465 1860 le
483 1797 656 1863 remei-atre
669 1796 851 1881 promulpue
866 1816 908 1860 uu
922 1795 1085 1879 r·dplement
1100 1815 1179 1878 pour
1189 1795 1381 1878 l'llpinersitr‘

736 1897 773 1960 de
788 1897 938 1961 Louuuin.

514 2079 515 2082 ’
583 2063 601 2117 3
617 2061 736 2132 janvier‘
749 2062 818 2116 1477
837 2061 974 2130 (nouvoau
994 2063 1085 2133 style).

337 2203 485 2276 lienosos,
497 2201 551 2266 liei
568 2200 667 2282 gratia
684 2200 747 2264 dux
766 2199 1374 2281 Burgundie,Lotharingie‚Brabautie,
1396 2207 1402 2220 “

295 2301 487 2381 limburgie,
503 2300 726 2381 Luxembnrgii
745 2309 776 2364 ct
791 2299 951 2374 Goeldrie,
966 2317 1075 2364 comes
1091 2299 1248 2374 Flandria
1263 2299 1377 2364 Arthe-

293 2401 345 2474 sii,
379 2400 574 2480 Burgundie,
607 2399 765 2479 palatinus
802 2399 979 2473 llannonie,
1010 2399 1186 2473 llollandie‚
1214 2399 1374 2472 Zelaudir,

292 2499 441 2562 Numurci
458 2508 488 2562 et
503 2499 692 2579 Zutplranie,
703 2498 851 2578 sacrique
866 2497 994 2576 imperii
1013 2498 1166 2571 marchio.
1177 2515 1213 2564 ac
1225 2497 1375 2562 dominus

294 2597 405 2671 Frisie
436 2597 614 2661 Salinarum
645 2607 676 2661 et
706 2596 887 2661 Mechlinie.
917 2596 1081 2660 Universis
1110 2606 1142 2660 et
1170 2597 1305 2677 singulis
1335 2597 1373 2660 ad

292 2713 427 2777 unorum
455 2697 604 2760 noticiam
632 2706 799 2775 presentes
830 2696 1034 2775 pervenerint
1063 2695 1211 2758 salutem.
1237 2695 1313 2760 Cum
1342 2695 1373 2758 in

294 2795 435 2873 preclara
470 2804 579 2859 nostra
616 2794 829 2858 Universitate
867 2793 1054 2858 lovaniensi
1094 2793 1244 2875 pleraque
1281 2803 1373 2858 autea

291 2893 463 2957 salubriter
488 2893 631 2958 instituta
658 2910 696 2957 er
723 2891 999 2958 nonobservancia
1027 2891 1143 2956 nedum
1166 2893 1198 2956 in
1221 2894 1373 2958 desuetu-

290 2993 397 3056 dinem
434 2992 614 3073 quamdam,
647 3008 719 3072 ymo
756 3000 787 3055 et
817 2991 848 3054 iu
884 2991 1077 3055 contrarium
1107 2992 1372 3056 consuetudinem

292 3091 459 3156 devenisse
487 3091 753 3170 compererimus,
785 3090 857 3155 ideo
889 3091 1058 3170 presertim
1087 3089 1171 3170 quod
1206 3091 1255 3153 vel
1293 3107 1374 3171 pene

291 3189 413 3270 adjecto
430 3189 626 3270 contemptui
643 3189 755 3269 pocius
772 3188 899 3252 luerunt
915 3204 1008 3268 onam
1025 3187 1143 3264 timori,
1158 3188 1206 3252 vel
1220 3188 1293 3269 quia
1311 3205 1375 3252 non

290 3288 419 3354 luerunt
448 3289 501 3370 oui
531 3289 570 3352 ad
601 3288 727 3353 illorum
762 3287 1004 3352 observanciam
1042 3295 1281 3368 contemptores
1321 3297 1376 3351 aut

292 3387 429 3452 rebelles
466 3387 671 3462 cohiberent;
711 3387 831 3451 idcirco
862 3403 933 3463 uos,
963 3395 1095 3467 paterno
1125 3386 1211 3450 ducti
1241 3385 1373 3460 allecto,

291 3487 328 3550 ad
358 3487 477 3569 presule
508 3487 572 3550 filie
603 3493 712 3550 nostre
740 3487 839 3550 decus
869 3494 900 3549 et
930 3485 1174 3560 incrementum,
1205 3486 1373 3565 cupientes

291 3586 436 3652 deiectus
452 3603 490 3650 ex
508 3584 781 3668 nonobserrancie
798 3583 1015 3664 predictorum
1039 3583 1256 3648 institutorum
1280 3601 1373 3648 exor-

292 3695 342 3750 tos
364 3685 539 3766 corrigere,
557 3693 589 3750 et
611 3701 672 3765 que
695 3684 733 3748 ad
756 3683 883 3746 illorum
908 3683 1123 3747 consimilium
1141 3692 1194 3746 aut
1218 3683 1371 3765 majorum

291 3784 500 3848 avitacionem
537 3782 843 3863 amplitudinemque
872 3781 1045 3845 lectionum
1076 3797 1113 3846 ac
1143 3781 1373 3846 exerciciorum

291 3881 536 3946 scolasticorum
552 3881 725 3945 accomoda
742 3895 815 3946 esse
833 3880 979 3944 videntur
996 3881 1036 3943 de
1054 3897 1136 3944 novo
1158 3879 1374 3952 introducere,

292 3981 528 4061 subsequentes
557 3980 784 4044 ordinaciones
814 3987 843 4042 ot
874 3978 1129 4043 constituciones
1161 3996 1216 4059 por
1245 3978 1376 4043 carissi-

294 4094 378 4141 mum
395 4087 426 4143 ct
443 4079 567 4143 irdelem
586 4078 715 4144 militem
737 4088 768 4142 et
791 4077 1016 4142 cancellarium
1041 4089 1185 4142 nostrum
1209 4078 1373 4142 dominum

292 4175 443 4242 Scillante
465 4187 495 4241 et
521 4177 718 4258 llcspoissio
743 4193 779 4242 ac
801 4177 951 4241 dilectum
975 4185 1007 4241 et
1030 4177 1156 4242 lidelem
1182 4177 1314 4250 ¹militem
1342 4185 1376 4240 et
