3246 4944
739 427 922 504 -666-

331 617 410 687 flino
438 620 683 688 ordonnundum
717 629 792 702 puto
823 627 957 685 uicum
987 617 1115 684 statutis
1147 616 1373 684 Universitatis

288 722 383 788 ctiam
400 719 602 803 publicentur
617 721 745 787 decreta
762 719 971 786 Visitationis.

330 870 468 951 Insuper
490 868 562 952 quia
585 869 732 952 singulae
755 867 921 934 facultates
944 866 1075 932 strictae
1092 864 1293 946 particularia
1308 864 1371 930 sibi

290 969 508 1035 formaverunt
535 975 663 1044 statuta,
680 983 762 1049 quae
787 966 847 1032 sibi
875 973 1004 1030 servant
1030 972 1168 1038 secreta,
1186 972 1216 1028 et
1243 963 1371 1029 flectori

289 1067 445 1134 incumbit
459 1066 659 1149 singulorum
675 1065 813 1132 debitam
829 1063 1066 1130 observantiam
1085 1080 1208 1146 urgere.
1227 1063 1372 1128 nonnulli

289 1165 408 1232 vellent
437 1165 579 1230 omnium
615 1165 773 1230 dictorum
811 1172 1004 1240 statutorum
1042 1161 1212 1244 registrum
1251 1161 1320 1228 fleri
1354 1179 1372 1226 a

290 1266 426 1331 flectcre
456 1281 513 1347 pro
544 1273 687 1344 tempore
715 1262 979 1336 custodiendum
1010 1279 1067 1343 per
1092 1278 1199 1344 quem,
1227 1261 1373 1342 exigente

288 1363 471 1440 occasione,
503 1363 571 1429 dari
609 1371 720 1445 posset
756 1363 914 1445 inspectio
952 1361 1015 1426 illis
1049 1361 1102 1443 qui
1137 1369 1213 1426 sunt
1241 1360 1281 1426 de
1310 1360 1373 1424 lata

289 1464 448 1528 facultate.
478 1462 538 1528 Sed
577 1471 719 1543 putarem
757 1478 829 1542 ego,
858 1461 948 1526 salvo
985 1459 1122 1536 meliori,
1154 1465 1272 1525 statuta
1310 1458 1372 1523 ista

289 1559 491 1644 particularia
509 1561 690 1642 promiscue
708 1577 769 1626 non
786 1577 860 1626 esse
871 1559 1075 1641 divulganda
1094 1557 1198 1636 sed,si
1214 1556 1372 1641 quispiam

289 1670 377 1726 extra
414 1660 559 1726 strictum
596 1659 767 1741 collegium
804 1659 837 1722 in
873 1659 980 1741 aliquo
1018 1666 1137 1740 puncto
1174 1675 1210 1723 se
1245 1656 1370 1739 gravari

289 1759 497 1835 existimaret,
516 1759 631 1841 poterit
646 1758 880 1840 inspectionem
897 1757 1100 1840 particularis
1119 1757 1227 1822 statuti
1248 1764 1369 1838 petere,

289 1867 321 1924 et
335 1859 367 1923 in
389 1865 537 1926 eventum
552 1875 616 1940 quo
633 1865 775 1940 negetur,
794 1875 851 1940 per
866 1857 1034 1924 Rectorem
1052 1856 1194 1922 mandari
1213 1862 1246 1922 ut
1262 1855 1368 1922 detur.

817 2057 847 2121 6.

646 2243 648 2248 ,
699 2207 743 2270 Dc
766 2203 966 2272 cancellario.
1004 2279 1010 2288 ,

334 2353 488 2420 Statuitur
507 2353 590 2419 inter
605 2353 666 2418 alia
684 2375 691 2416 :
710 2354 787 2418 Cum
803 2371 864 2417 non
879 2353 1024 2418 resederit
1038 2352 1083 2416 uei
1099 2370 1117 2416 u
1133 2353 1253 2416 civitate
1267 2351 1379 2416 alceir

292 2456 384 2534 scuit
397 2451 645 2536 [concellarius]
655 2453 887 2533 decarminata
899 2454 1044 2516 usitatum
1057 2452 1202 2516 ductarius
1214 2457 1377 2515 consuetu-

295 2551 1378 2634 attiumlucunCurrretturitirruentisobtineat,cdprupriumrecusatus

292 2653 413 2734 quondo
437 2651 663 2717 cancellarium
679 2653 712 2715 in
728 2652 845 2716 multata
857 2659 1047 2735 promentem
1062 2671 1127 2716 esce
1141 2653 1306 2716 recurarit.

340 2816 548 2882 Reverendus
584 2815 726 2882 decanus
761 2816 970 2896 conqueritur
1005 2815 1169 2882 decretum
1206 2815 1284 2882 illud
1313 2831 1379 2880 non

184 2991 185 2994 Ἴ
299 2914 477 2992 observari,
499 2923 530 2980 et
551 2931 635 2980 anno
658 2913 750 2990 1669,
771 2914 980 3000 fijanuarii,
1001 2931 1074 2980 cum
1098 2931 1156 2997 pro
1178 2913 1381 2980 observantia

296 3015 442 3090 instaret,
467 3023 665 3096 proponente
691 3015 829 3080 Rectore
854 3013 930 3078 dicit
956 3015 1132 3079 resolutum
1149 3005 1261 3079 ‘fuisse
1288 3029 1380 3096 prae·

295 3113 473 3180 tensionem
490 3113 610 3178 domini
630 3113 742 3178 decani
767 3129 830 3178 non
854 3113 954 3177 videri
979 3113 1155 3178 fundatam.
1172 3113 1250 3188 Quia
1275 3119 1380 3178 autern

293 3212 411 3278 nullam
434 3213 575 3292 desuper
596 3211 754 3278 dederuut
776 3211 944 3283 rationem.
963 3211 1052 3291 petiit
1068 3211 1154 3276 illam
1172 3227 1256 3275 nuuc
1272 3210 1379 3292 rogari

293 3321 325 3377 et
350 3312 429 3386 dari,
451 3319 483 3377 et
508 3311 648 3392 desuper
678 3311 877 3391 interpellavi
907 3309 1166 3376 Universitatem.
1191 3310 1278 3385 Quae
1307 3320 1382 3390 post

295 3410 423 3490 iungam
446 3408 630 3475 dilationem
654 3409 817 3488 deputavit
838 3408 990 3474 eximium
1005 3409 1169 3473 dominum
1188 3409 1319 3474 vincent
1335 3408 1380 3489 (1)

297 3516 328 3571 et
365 3507 578 3573 clarissimum
611 3507 775 3572 dominum
813 3507 938 3588 boyens
973 3507 1019 3590 (6)
1057 3517 1089 3571 ut
1126 3507 1267 3572 rationes
1303 3506 1381 3570 mibi

297 3605 510 3672 declararent.
527 3600 617 3682 Quod
641 3615 672 3672 ct
695 3607 840 3672 fecerunt
864 3607 894 3670 in
920 3605 982 3671 fine
1007 3605 1200 3686 septembris
1223 3605 1381 3687 preteriti.

333 3818 369 3890 (l)
391 3820 520 3875 Lambert
544 3820 670 3885 Vincunt,
692 3821 726 3876 de
753 3821 852 3888 Grave,
875 3821 988 3876 docleur
1015 3838 1049 3876 sn
1076 3821 1215 3892 theologie
1240 3838 1274 3876 en
1304 3821 1386 3888 1668,

297 3909 437 3980 president
451 3911 488 3965 du
502 3912 609 3980 college
622 3912 657 3966 de
672 3911 791 3982 Vigliua.

333 4000 373 4070 (2)
395 3999 482 4055 Henri
498 4001 613 4072 Loyens‚
629 4003 663 4056 de
677 4003 849 4071 Maestriobl,
865 4004 980 4058 dortour
993 4011 1022 4056 es
1036 4003 1124 4060 droits
1138 4009 1165 4060 et
1184 4005 1338 4076 professeur
1351 4004 1387 4058 de

299 4089 372 4145 droit
389 4089 463 4147 civil.
480 4091 501 4144 ll
521 4093 562 4145 fut
582 4091 627 4146 diu
649 4098 766 4147 dictator
783 4093 817 4148 do
832 4093 1010 4149 l'Univorsild
1023 4110 1058 4149 en
1076 4094 1155 4159 1617,
1172 4100 1199 4150 st
1213 4095 1246 4150 de
1259 4111 1385 4150 notrvsau

300 4195 335 4234 en
353 4178 432 4240 1666.
450 4180 538 4254 Vopaz
551 4179 691 4249 aidoneus,
706 4201 734 4254 p.
750 4183 814 4239 548.
