3194 4940
656 433 842 498 -tld-

472 650 635 706 Concoesion
653 657 687 707 da
706 656 733 706 lc
752 657 851 717 [auur
869 655 1029 708 amanda.

244 771 311 836 Nos
336 771 434 854 igitur
457 771 641 838 huiusmodi
664 773 957 854 supplicationibus
980 775 1136 852 inclinati,
1164 793 1292 843 necnon

201 870 369 951 predictos
399 871 521 936 fructus
551 871 697 937 redditus
726 880 758 938 et
784 882 960 953 prouentus
988 873 1091 956 ipsius
1117 873 1293 958 collegiata

201 968 342 1035 ecclesie
372 970 577 1049 presentibus
610 987 668 1050 pro
696 969 895 1038 sufficienter
924 973 1090 1051 expressis
1121 973 1293 1050 babentes,

200 1069 316 1133 eadem
332 1069 522 1133 auctoritaie
538 1069 715 1149 apostoliea
738 1069 944 1136 decernimus
959 1071 1086 1136 litteras
1111 1089 1235 1137 necnon
1252 1073 1293 1138 de

200 1167 300 1231 dictis
319 1165 325 1250 1
345 1167 599 1247 parrochialibus
614 1168 762 1249 ecclesiis·
779 1178 812 1232 ut
829 1170 1023 1248 premittitur
1039 1171 1139 1235 iactas
1155 1171 1295 1238 uniones

202 1266 403 1330 annexiones
425 1277 456 1331 ut
472 1267 751 1347 incorporationes
774 1267 925 1348 prelatas,
944 1284 1068 1333 necnon
1091 1286 1294 1352 quecumque

202 1364 281 1428 inde
303 1375 413 1428 secuta
437 1365 577 1429 ualuisse
603 1374 635 1432 et
654 1365 761 1430 ualere
784 1365 976 1448 plenamque
998 1366 1125 1432 roboris
1148 1367 1295 1435 obtinere

202 1463 387 1527 tirmitatem
412 1463 545 1544 perinde
568 1463 600 1528 in
615 1464 767 1530 omnibus
790 1477 822 1530 et
838 1481 894 1546 per
917 1464 1025 1531 omnia
1049 1482 1086 1531 ao
1103 1467 1130 1530 si
1155 1467 1186 1529 in
1211 1468 1293 1548 ipsis

200 1561 321 1626 litteris
344 1561 467 1626 tructus
486 1562 631 1627 redditus
654 1572 686 1628 et
702 1573 881 1644 prouentus
896 1563 999 1630 Colle·
1019 1565 1025 1644 Ι
1044 1564 1128 1646 giate
1152 1565 1294 1632 ecclesie

200 1659 388 1725 huiusmodi
416 1675 473 1742 pro
496 1661 661 1742 expressis
684 1661 782 1726 babiti
808 1663 955 1738 luissent,
973 1671 1005 1728 et
1024 1663 1125 1728 eciam
1142 1661 1291 1730 ellectum

200 1775 269 1839 ouo
283 1757 322 1824 ad
339 1759 506 1825 ecclesiam
523 1760 564 1825 de
579 1759 696 1826 Brecbt
712 1761 783 1826 siue
800 1761 949 1826 vicariam
968 1761 1143 1842 predictam
1161 1763 1294 1843 perinde

200 1857 313 1922 sortiri
338 1874 436 1938 posse
458 1875 496 1923 ac
519 1861 547 1924 si
563 1859 595 1923 in
612 1859 733 1925 eisdem
759 1861 876 1924 litteris
901 1861 982 1926 iacta
1007 1861 1128 1926 mentio
1151 1861 1292 1927 dedicta

201 1957 323 2020 vicaria
347 1955 472 2032 luisset,
501 1967 532 2022 et
558 1959 782 2024 reuocationes
808 1959 1008 2024 cassationes
1035 1975 1073 2023 ac
1093 1958 1292 2025 irritationes

203 2054 390 2119 buiusmodi
410 2054 416 2138 Ι
435 2056 618 2121 nullatenus
630 2069 845 2134 emanassent,
855 2057 1043 2138 adiicientes
1058 2073 1096 2122 ac
1111 2065 1292 2124 statuentes

202 2165 236 2218 et
255 2153 444 2218 ordinantes
465 2157 550 2234 quod
574 2155 612 2218 ad
637 2165 702 2220 tres
724 2155 938 2221 canonicatus
961 2166 993 2221 et
1016 2155 1197 2236 prebendas
1220 2173 1292 2237 pre·

202 2252 312 2316 dictos
332 2253 434 2317 eciam
457 2253 508 2333 alij
533 2255 678 2335 legentes
698 2263 730 2320 ot
752 2265 901 2337 regentes
917 2256 970 2336 qui
988 2255 1020 2318 in
1036 2255 1209 2336 Tbeoingia
1227 2255 1292 2320 bla-

201 2351 296 2432 gistri
316 2351 365 2416 uel
382 2352 547 2433 Bacallarii
570 2353 755 2419 huiusmodi
779 2371 842 2420 non
866 2354 983 2419 inerint
1004 2354 1181 2436 presentari
1206 2363 1237 2419 et
1259 2354 1291 2418 in

201 2453 253 2516 eis
274 2450 398 2516 institui
422 2451 559 2532 possint,
576 2452 656 2532 ipsis
677 2453 793 2518 littaris
812 2455 817 2535 Ι
836 2455 915 2518 allas
937 2456 969 2517 in
985 2469 1046 2518 suo
1063 2453 1181 2518 robore
1195 2453 1291 2518 dura·

203 2549 300 2614 turis.

201 2684 377 2737 Annumion
391 2688 437 2737 des
455 2686 563 2739 clauses
581 2687 615 2737 dc
633 2689 707 2738 droit
725 2700 863 2738 commum
879 2689 1034 2738 contraires
1052 2689 1070 2737 d
1089 2687 1117 2737 lo
1136 2689 1291 2738 conwoion

649 2779 688 2828 du
703 2774 847 2842 panope.

244 2895 317 2962 Non
332 2895 536 2961 obstantibus
557 2897 737 2977 premissis,
755 2915 793 2962 ao
808 2895 1096 2963 constitutionibus
1112 2907 1143 2962 et
1159 2897 1289 2962 ordina-

200 2996 344 3061 tionibus
367 2995 568 3077 apostolicis,
587 3012 712 3062 necnon
738 2997 889 3062 omnibus
913 2996 977 3061 iliis
1001 3013 1064 3078 pue
1088 2996 1194 3061 dictus
1218 3011 1292 3076 pre·

201 3096 360 3160 decessor
385 3095 415 3156 in
442 3094 566 3159 eisdem
594 3093 710 3158 litteris
734 3111 798 3159 non
824 3095 954 3158 obstare
982 3093 1084 3158 uoluit
1105 3093 1293 3174 ceterisque

200 3191 374 3272 contrariis
389 3192 649 3274 quibuscunque.

604 3341 758 3396 Anctbems
776 3351 803 3396 st
821 3347 892 3398 dote.

244 3463 328 3528 Nulli
345 3480 422 3545 ergo
438 3463 570 3530 omnino
586 3465 750 3530 bominum
773 3465 868 3530 liceat
886 3469 892 3546 Ι
911 3465 994 3528 banc
1010 3461 1157 3544 paginam
1180 3470 1294 3526 nostre

203 3561 446 3628 constitutionis
476 3563 639 3645 adijtionis
668 3563 882 3628 ordinationis
911 3573 944 3628 et
973 3559 1149 3627 uoluntatis
1179 3559 1292 3624 inirin-

203 3677 282 3742 gere
313 3661 364 3725 uei
390 3661 419 3726 ei
444 3678 524 3726 ausu
549 3663 719 3727 temerario
742 3661 916 3726 contraire.
943 3660 975 3724 Si
999 3660 1073 3742 quis
1102 3667 1208 3724 autem
1232 3657 1296 3722 boc

203 3768 393 3840 attemptare
415 3761 648 3842 presumpserit
671 3761 923 3843 indignationem
945 3757 1177 3839 omnipotentis
1193 3755 1244 3820 dei
1262 3766 1295 3820 et

204 3859 371 3924 beatorum
386 3859 469 3924 Petri
486 3869 518 3924 et
534 3859 621 3924 Pauli
634 3861 862 3940 Apostolorum
879 3859 949 3923 eius
966 3874 1002 3922 se
1017 3855 1144 3922 nouerit
1161 3856 1169 3938 Ι
1188 3853 1293 3918 incur·

203 3973 328 4021 surum.
346 3957 418 4022 ilat.
435 3957 536 4024 llome
556 3959 639 4039 apud
656 3961 935 4038 Sanctumpotrum
957 3972 1042 4022 annu
1059 3950 1294 4018 incarnationis

204 4056 368 4122 dominice
380 4057 881 4138 millesimoquadringentesimo
894 4054 1142 4136 quadragesimo
1155 4050 1293 4132 septimo

204 4153 353 4220 kalendis
368 4153 462 4236 lunij,
480 4155 690 4220 pontificatus
706 4155 808 4220 nostri
825 4171 910 4220 anno
928 4155 1043 4235 primo.
