3100 4942
739 483 903 548 -iss-

277 665 384 732 Primo
399 673 538 732 maester
553 665 670 730 ianne
684 665 759 728 vau
775 663 996 744 Gruysbeiro
1062 679 1092 728 o.
1136 663 1253 744 guidon
1271 679 1359 744 rym.

275 765 355 831 item
374 773 510 830 meoster
526 763 680 829 heinric
695 763 740 828 de
755 761 852 828 hiera
1065 763 1085 825 Ι.
1190 785 1203 821 i
1303 785 1317 820 ι

274 863 354 928 item
370 862 487 928 launo
501 861 574 926 Van
590 862 661 926 den
678 859 765 926 Eeie
1060 859 1082 922 i.
1192 883 1205 918 ι

274 960 483 1027 rtemPoter
889 999 891 1002 -
1063 955 1130 1040 viic.
1190 981 1204 1019 i

272 1059 355 1126 Jtem
377 1057 785 1137 GordevanGomoeie
1063 1055 1131 1138 vijt.
1190 1079 1203 1116 i

273 1157 716 1224 Jtemileinrioweiieus
1061 1155 1129 1236 vijt.
1188 1177 1202 1215 i

273 1255 672 1324 itemianueviemino
857 1265 858 1270 ’
1063 1255 1131 1336 viii..
1189 1277 1203 1314 ι

272 1353 727 1435 itemiannostookolpoi
1061 1353 1129 1436 vijt.
1189 1378 1203 1414 i

273 1456 354 1520 item
370 1456 505 1536 symon
522 1454 562 1518 de
579 1453 705 1518 bodeiie
1064 1472 1094 1517 v.
1189 1477 1202 1512 i
1302 1477 1317 1512 a

316 1620 383 1686 Diis
405 1621 466 1685 dou
489 1620 562 1686 ioan
634 1637 694 1684 van
714 1620 738 1701 j.
762 1620 882 1686 viordei
904 1619 992 1700 jaare
1014 1620 1067 1684 dio
1088 1620 1151 1686 heu
1167 1620 1271 1688 vieiau
1288 1620 1358 1702 viij.

273 1722 305 1784 iu
323 1729 443 1784 merten
461 1719 582 1796 (4427)ss
599 1724 665 1784 ian
680 1720 752 1784 Van
769 1719 1006 1791 croesoekm
1026 1719 1165 1786 dorric
1179 1720 1225 1786 de
1243 1720 1357 1796 Mora,

273 1819 389 1883 ianne
404 1819 478 1882 Van
495 1819 565 1882 deu
581 1819 711 1895 Neeie,
730 1819 907 1892 Peterem
924 1817 1049 1884 Gorde
1067 1819 1139 1882 Van
1160 1819 1354 1899 Gomoeie.

275 1917 427 1980 heinric
443 1917 627 1988 Weiieus.
644 1917 961 1993 ianooviemino‚
977 1917 1096 1983 ianne
1117 1918 1355 2000 Stookoioot,

274 2031 314 2080 en
331 2014 456 2080 Simon
473 2014 513 2080 de
530 2015 666 2080 bodeiio.
1152 2041 1159 2056 ·

317 2179 341 2241 ii
358 2178 473 2242 resuite
486 2178 526 2242 de
541 2199 590 2242 ces
605 2181 732 2246 extruits
747 2199 810 2262 que
824 2181 839 2242 J
844 2199 901 2242 ean
918 2181 957 2244 de
973 2181 1163 2256 Groesbeeic,
1179 2180 1355 2260 professeur

272 2275 311 2338 de
333 2277 419 2342 droit
441 2278 524 2353 civil,
550 2277 694 2357 jouissait
716 2279 792 2340 d'un
815 2277 997 2343 traitemeut
1019 2280 1059 2342 de
1084 2299 1147 2359 400
1174 2278 1285 2341 florius
1311 2280 1353 2340 du

275 2375 370 2446 Rhin.
385 2377 490 2440 randis
506 2397 568 2459 que
585 2378 715 2440 Nicoias
730 2377 770 2440 de
789 2379 885 2440 Prum
902 2390 932 2440 et
952 2377 1052 2440 Hem-i
1069 2377 1107 2440 de
1126 2379 1213 2440 Mera
1230 2397 1270 2439 ne
1285 2392 1355 2442 tou·

271 2473 398 2537 chaient
419 2495 480 2556 que
503 2476 531 2537 ia
555 2478 675 2546 moitie,
693 2475 881 2540 cesta-dire
901 2496 962 2538 200
978 2475 1099 2550 florius,
1116 2477 1156 2537 de
1172 2478 1276 2538 meme
1291 2497 1352 2560 que

271 2573 349 2635 Jean
368 2574 437 2635 Van
463 2575 571 2646 Neeie,
596 2575 773 2654 professeur
794 2577 833 2637 de
856 2575 1029 2638 medecine.
1050 2575 1092 2636 Le
1116 2589 1243 2658 compte
1265 2595 1352 2638 com·

273 2671 383 2732 muual
396 2671 525 2753 qualifie
537 2673 576 2734 de
588 2685 741 2748 recroers,
752 2693 794 2736 ou
808 2677 942 2756 regems,
955 2675 999 2736 les
1012 2673 1205 2756 professeurs
1216 2675 1256 2736 de
1268 2674 1352 2738 droit

271 2789 301 2833 er
328 2770 367 2832 de
392 2772 564 2842 mddecine.
589 2792 628 2834 eu
654 2773 838 2854 opposition
865 2793 937 2835 avec
961 2773 1007 2835 les
1032 2773 1225 2856 professeurs
1254 2773 1293 2836 de
1323 2773 1352 2836 la

273 2869 387 2932 faculte'
409 2872 463 2932 des
485 2886 548 2935 arts
567 2871 643 2954 qu'il
665 2891 794 2934 nomme
810 2873 957 2934 arrisren.
975 2873 1109 2936 Ceux-ci
1126 2891 1164 2934 ne
1180 2872 1352 2936 recevaient

271 2987 334 3049 que
349 2981 450 3032 trente
466 2969 576 3032 florius
592 2991 647 3052 par
662 2991 714 3043 an,
732 2991 774 3032 ou
791 2983 859 3052 sept
879 2984 909 3034 et
930 2967 1014 3031 demi
1038 2988 1093 3050 pur
1109 2969 1277 3033 trimestre.
1296 2969 1353 3030 Les

270 3067 467 3130 traitemeuts
491 3070 545 3130 des
568 3067 760 3150 professeurs
783 3066 931 3131 resterent
954 3067 971 3129 i
993 3065 1023 3128 la
1044 3065 1158 3147 charge
1179 3067 1263 3129 dela
1279 3067 1352 3129 viiie

270 3163 416 3247 jusqu'en
439 3187 526 3246 1444,
544 3167 672 3250 lorsque
687 3166 715 3230 le
731 3187 809 3248 pape
832 3164 963 3248 Eugene
981 3165 1024 3228 iV
1045 3165 1168 3228 attacha
1192 3166 1209 3228 ὲ
1232 3167 1353 3249 chaque

269 3265 374 3327 chaire
387 3286 448 3328 une
462 3266 619 3348 prebende
631 3267 796 3328 canoniale
808 3263 847 3328 de
860 3267 888 3328 la
900 3263 1063 3346 corlegiale
1075 3265 1114 3326 de
1126 3263 1349 3336 saint-pierre,

269 3363 286 3423 ὲ
313 3365 470 3427 Louvain.
494 3366 584 3426 Nous
606 3365 789 3427 donnerons
811 3364 883 3446 plus
906 3365 974 3426 rard
1000 3365 1028 3425 le
1050 3377 1132 3426 texte
1152 3363 1191 3424 de
1213 3363 1243 3425 ia
1267 3363 1351 3425 bulie

267 3461 432 3544 d'Eugdne
451 3463 504 3527 IV.
522 3463 627 3544 Voyez
642 3464 829 3526 VALERIUS
845 3469 1031 3535 ANDREAS,
1049 3461 1142 3523 Fasti
1160 3462 1348 3536 academici,

269 3572 301 3619 2e
316 3562 380 3637 ed,
399 3580 452 3642 pp.
470 3562 586 3644 76·77;
602 3576 632 3626 et
649 3562 913 3638 VERNULAEUS,
931 3561 1108 3622 Academia
1126 3559 1348 3632 Lovanieusis‚

269 3669 301 3718 2⁸
315 3659 380 3734 ed,
399 3677 430 3740 p.
447 3677 500 3738 42·

307 3822 446 3886 icontie
472 3823 649 3892 Groesbeeic,
676 3824 809 3888 dooteur
834 3822 869 3888 ds
893 3823 965 3898 lois,
989 3824 1089 3902 ieram
1111 3821 1225 3899 doctor,
1253 3820 1299 3886 fut
1323 3823 1352 3887 ie

269 3920 407 3998 premier
424 3922 610 3998 professam
624 3924 664 3985 de
686 3923 770 3986 droit
792 3921 876 3986 oivii.
894 3945 911 3980 (ι
926 3921 968 3984 Ex
985 3921 1102 3984 iiiusrri
1119 3919 1352 3985 Groesbeekio-

271 4043 285 4072 n
301 4035 371 4081 rum
400 4021 515 4082 i'amiiia
543 4027 624 4100 apud
651 4019 861 4093 Eburones.»
883 4021 963 4083 derit
988 4019 1118 4099 inquot,
1143 4020 1350 4083 «canonicus

269 4140 285 4173 »
301 4117 401 4180 sonori
419 4117 552 4182 servatii
569 4117 702 4199 Traiecti
720 4119 758 4181 ad
776 4117 906 4190 Mosam,
927 4117 1031 4198 legum
1048 4117 1163 4181 doctor
1177 4125 1206 4180 et
1225 4117 1349 4196 proies-

268 4239 284 4272 ιι
302 4232 356 4279 sor
383 4217 471 4280 horis
499 4218 672 4292 matutinis,
697 4217 819 4280 accitus
845 4215 991 4296 Treiecto
1018 4215 1176 4296 superiori
1204 4215 1350 4278 iiterisa
