3112 4942
639 423 806 491 -i'l-
896 441 901 444 ·

170 605 326 683 tionibus,
348 588 486 674 ¹necnon
516 608 646 674 statutis
671 617 703 674 et
732 593 1031 674 consuetudinibus¹
1054 599 1265 676 ecelesiarum

171 713 204 774 et
229 707 389 783 lucorum,
417 708 450 772 in
480 708 597 790 quibus
626 725 683 773 seu
714 725 850 790 quorum
878 707 1063 789 dignitates,
1093 709 1266 789 prioratus,

171 807 390 887 prepositure,
422 819 627 888 personatus,
658 805 965 882 administrationes,
997 805 1102 871 oillnia
1138 823 1176 872 ac
1206 807 1267 872 alia

172 905 330 970 bettebcia
353 905 537 970 huiusmodi
562 906 672 970 lursan
695 904 825 979 luerint,
844 905 946 970 eciam
970 905 1161 980 iuramento,
1189 921 1268 974 con·

171 1003 355 1068 firmatione
381 1005 559 1085 apostoliea
589 1002 638 1069 vel
665 1004 1045 1086 quacumquc'llrmitate
1079 1004 1139 1068 alia
1167 1005 1265 1072 robo·
1320 1032 1322 1038 ·

171 1103 264 1175 ratis,
282 1101 465 1186 ceterisque
487 1103 659 1185 contrariis
683 1119 746 1168 non
768 1103 973 1169 obstantibus
995 1103 1265 1186 quibuscumque.

237 1267 383 1324 condition
396 1275 428 1330 'd
442 1273 559 1334 rempllr
574 1273 721 1338 percolui
739 1275 788 1342 pue·
807 1274 896 1324 desino
910 1274 990 1336 joulr
1008 1274 1046 1323 det
1062 1275 1204 1338 privilegio.

217 1388 354 1454 Prouiso
370 1389 455 1470 quod
471 1390 683 1455 canonicatus
699 1400 731 1456 et
749 1391 922 1470 prebende,
940 1391 1125 1472 dignitates,
1144 1391 1269 1473 priora·

173 1497 241 1566 tus,
256 1488 475 1570 prepositure.
490 1499 696 1570 personatus,
712 1489 1023 1566 administrationes,
1038 1489 1144 1556 officia
1160 1506 1198 1556 ac
1210 1491 1271 1556 aliu

173 1587 333 1656 bonefisio
356 1587 541 1667 supradicta
563 1588 680 1654 debitis
704 1599 873 1672 propterea
891 1607 953 1654 non
971 1589 1158 1656 fraudentur
1173 1590 1269 1657 obse-

176 1686 265 1769 quijr
287 1694 319 1752 et
341 1687 517 1751 animarum
544 1704 621 1752 cura
648 1687 679 1752 in
706 1687 753 1754 eis
781 1689 1010 1770 quibusillam
1037 1707 1098 1771 pro
1125 1699 1269 1771 tempore

174 1786 348 1850 imminere
363 1773 527 1867 continget
544 1779 727 1852 nullatenus
744 1787 937 1870 negligatur.
1271 1773 1274 1788 '

580 1949 734 2006 Anatlrdme
752 1961 779 2006 et
798 1958 871 2009 dote.

219 2071 304 2139 Nulli
327 2089 406 2154 orgo
428 2071 560 2137 omnino
579 2065 744 2137 bominum
768 2073 862 2140 liceat
883 2073 966 2140 banc
989 2065 1135 2158 paginam
1158 2075 1270 2142 nostro

172 2169 433 2254 dispensationis
455 2179 485 2236 et
502 2171 727 2238 concessionis
751 2171 927 2255 intringere
950 2173 999 2238 vel
1016 2174 1045 2238 ui
1068 2190 1152 2258 ausu
1171 2182 1270 2240 teme·

173 2272 265 2337 rariu
281 2270 454 2336 contraire.
471 2269 503 2332 Si
520 2270 593 2352 quis
609 2280 714 2336 autem
734 2271 796 2335 lroc
812 2280 1001 2354 attemptare
1022 2273 1270 2354 presumpserit,
1297 2277 1299 2282 “

174 2367 430 2452 indignationem
447 2369 677 2448 omnipotentis
701 2367 752 2433 dei
775 2380 807 2435 et
829 2371 995 2436 beatorum
1014 2371 1097 2437 Petri
1123 2381 1154 2436 et
1179 2370 1270 2435 Pauli

175 2460 401 2549 apostolorum
418 2467 488 2532 eius
504 2484 541 2533 se
557 2467 683 2546 nouerit
699 2468 919 2534 incursurum.

221 2566 292 2632 liat.
320 2566 421 2632 Rome
449 2566 533 2648 apud
563 2577 694 2631 sanctos
724 2568 890 2650 apostolos
921 2587 963 2633 v
980 2569 1056 2634 ldus
1084 2567 1268 2634 decembris

180 2659 395 2731 Pontificatu's
413 2664 514 2730 nostri
530 2681 615 2728 anno
633 2681 730 2731 nouo.

222 2861 409 2928 Guillaume
432 2859 538 2933 Neeis,
553 2861 689 2924 ecolitre
704 2860 743 2923 de
760 2861 864 2926 Saint-
869 2863 996 2940 Pierre,
1003 2861 1096 2927 remit
1111 2862 1156 2925 les
1168 2861 1271 2926 bulles

176 2965 362 3047 rapportees
383 2960 423 3023 de
446 2961 550 3022 Rome
571 2979 612 3022 au
636 2961 800 3042 magistrat
822 2961 861 3024 de
888 2962 1045 3050 Louvairt.
1063 2962 1199 3047 Celui·
1173 2983 1201 3025 cr
1225 2963 1271 3026 lui

177 3061 380 3133 remboursa,
405 3059 435 3121 le
457 3061 494 3120 25
518 3057 595 3120 avril
623 3059 713 3138 1426,
728 3072 802 3123 tous
826 3059 870 3122 les
893 3059 966 3122 frais
989 3039 1072 3152 qu'ii
1090 3061 1172 3140 avait
1192 3081 1231 3124 eu
1255 3059 1273 3123 i

174 3171 350 3242 supportet
372 3171 440 3221 tant
462 3176 545 3239 pour
566 3177 625 3218 son
648 3177 769 3240 voyage
793 3178 856 3241 que
879 3177 962 3241 pour
987 3153 1189 3248 l'expedition
1216 3158 1272 3221 des

183 3255 285 3320 bulles
300 3276 356 3340 par
371 3255 400 3318 la
416 3253 624 3318 characellerie
649 3255 841 3366 pontificale.
860 3255 934 3318 On
936 3268 1048 3319 trouve
1069 3255 1273 3348 l'indicettiop¹

175 3355 221 3418 de
234 3375 285 3419 ces
300 3355 452 3438 depenses
467 3354 547 3417 dans
564 3353 594 3416 la
610 3368 685 3418 note
700 3374 743 3416 cr
732 3335 867 3429 Qdessus
885 3375 917 3438 p.
938 3357 987 3440 52.
1246 3417 1248 3422 ,

226 3455 277 3518 Ειι
303 3453 484 3536 possession
514 3453 598 3516 dec
583 3473 632 3515 ces
661 3452 808 3536 precieux
837 3441 1026 3538 documents
1055 3454 1112 3537 qui
1141 3453 1188 3516 lui
1218 3427 1278 3516 οι)

178 3553 343 3640 troyaient
366 3552 395 3615 la
416 3551 529 3616 inculte
544 3551 676 3631 d'eriger
692 3571 755 3613 une
773 3551 954 3616 Universite
969 3530 1049 3614 deins
1064 3571 1112 3615 ses
1128 3571 1227 3630 murs,
1239 3551 1277 3656 le¹

184 3651 349 3750 magistrat
361 3651 559 3734 comprenait
570 3670 614 3734 qu
617 3649 695 3712 ’il’
664 3669 716 3733 ny
721 3647 814 3714 avait
830 3671 885 3734 pas
900 3651 940 3714 de
955 3664 1058 3736 temps
1073 3651 1090 3716 ὲ
1106 3651 1256 3734 perdre
1232 3673 1270 3730 st,

178 3770 311 3814 comme
334 3763 404 3814 tout
425 3749 455 3812 le
478 3749 596 3812 monde
619 3749 648 3811 le
670 3747 799 3813 desirait
822 3751 982 3835 vivement
1003 3770 1042 3812 en
1072 3750 1223 3826 Brabant,
1249 3750 1277 3813 il

183 3848 307 3912 vouluit
322 3847 399 3910 faire
420 3847 529 3909 ouvrir
551 3847 596 3909 les
618 3866 712 3909 cours
734 3867 774 3909 au
798 3847 881 3910 mois
903 3847 1065 3912 d'octobre
1087 3850 1228 3914 suivant.
1226 3843 1273 3912 lt

181 3947 295 4010 decide
310 3947 395 4009 donc
410 3945 450 4010 de
463 3965 496 4009 se
512 3958 624 4012 mettre
640 3946 914 4012 immedietement
930 3947 947 4010 l
964 3947 1110 4026 loeuvre,
1119 3961 1148 4013 et
1161 3947 1275 4013 voulut

181 4045 244 4118 lui·
248 4047 352 4108 meme
374 4064 406 4108 se
428 4045 559 4127 charger
580 4047 840 4158 genereusement
862 4045 902 4109 de
924 4031 1029 4111 tcutes
1051 4046 1096 4110 les
1121 4041 1285 4138 depensep

174 4162 248 4234 que
264 4131 474 4210 necessitereit
489 4157 568 4208 cette
583 4140 737 4227 premiere
752 4141 993 4228 organisatiort.
1082 4225 1084 4228 Ι
1162 4221 1174 4232 Γ
1198 4187 1203 4232 3
1227 4109 1299 4234 ,ζῷ’

270 4281 295 4330 ι.
1170 4261 1194 4330 2
