3260 4944
701 471 888 536 -tlat-

241 669 335 717 reum
362 650 609 732 apprehenderit
634 658 666 717 et
687 651 719 714 in
740 651 863 735 judicio
886 661 998 718 oootra
1022 669 1094 717 eum
1119 653 1329 733 processerit,

243 768 304 832 pro
320 749 585 816 extraordinariis
599 765 678 816 vero
694 751 844 831 expensis
862 752 939 815 nibil
957 753 1073 816 solvat.

287 881 338 946 tl.
362 880 394 944 Si
410 889 523 962 captus
546 898 602 963 per
619 893 850 964 promotorem,
869 883 1018 948 mandato
1034 880 1260 948 Universitatis
1276 895 1331 948 aut

245 980 367 1045 domini
386 979 532 1046 lleotoris
548 980 773 1062 praeoedenle,
788 981 955 1046 convietus
972 981 1044 1056 erit,
1060 988 1091 1047 et
1108 997 1169 1047 una
1185 989 1240 1046 cut
1255 981 1332 1046 dua·

246 1078 308 1144 bus
324 1079 492 1144 sententiis
508 1089 681 1162 superatus
697 1081 735 1144 ad
752 1079 867 1146 Sedem
884 1079 1103 1161 Apostolioam
1125 1081 1334 1162 appellaverit

245 1189 421 1244 etecusam
439 1177 663 1258 appellationis
676 1195 755 1244 suae
769 1189 960 1260 prosecutus
975 1179 1082 1252 luerit,
1093 1196 1255 1258 expensas
1269 1179 1336 1244 litis

248 1277 425 1357 promotori
442 1277 651 1358 adjudicatas,
665 1278 805 1361 legitime
822 1285 956 1356 taxatas,
971 1287 1109 1358 exponat
1122 1279 1334 1343 Universitas.

288 1407 340 1472 be.
363 1407 394 1472 si
426 1418 591 1490 promotor
617 1409 740 1491 judicio
769 1410 950 1490 procedens
980 1410 1012 1474 in
1044 1410 1144 1490 prima
1175 1427 1233 1476 seu
1260 1410 1334 1476 aliis

245 1507 409 1574 instantiis
425 1510 616 1574 succumbet
634 1509 683 1574 vel
699 1507 779 1573 alias
795 1525 956 1590 expensas
972 1526 989 1572 a
1007 1519 1096 1588 purte
1119 1526 1183 1576 non
1199 1525 1331 1590 recupe-

247 1607 340 1680 rabit,
356 1607 383 1672 si
400 1608 532 1688 proprio
549 1617 635 1673 motu
653 1609 862 1688 processerit,
878 1608 954 1672 nibil
974 1608 1013 1671 ab
1031 1607 1246 1672 Universitate
1262 1623 1338 1672 oon-

245 1715 418 1787 seouatur;
443 1707 492 1770 sin
516 1714 620 1772 autem
644 1707 684 1772 de
706 1705 837 1787 speciali
863 1707 1013 1771 mandato
1033 1705 1259 1772 Universitatis
1283 1717 1339 1770 aut

230 1804 368 1868 'domini
398 1804 543 1870 Rectoris
574 1804 782 1886 processerit,
811 1821 970 1886 expensas
1001 1804 1144 1886 legitime
1171 1804 1271 1869 lactas
1297 1805 1336 1868 ab

250 1899 464 1968 Universitate
477 1903 620 1984 recipiat,
636 1903 696 1968 nisi
713 1913 818 1968 tamen
831 1905 924 1984 culpa
938 1919 995 1968 sua
1012 1919 1171 1986 expensae
1184 1903 1235 1968 vel
1251 1901 1336 1968 com-

252 2011 403 2083 pensatae
418 2003 468 2068 rel
485 2002 513 2067 ei
530 2002 729 2083 adjudicatae
745 2003 875 2068 luerint.
1022 2003 1027 2010 '

291 2133 342 2197 23.
369 2133 506 2200 Posthac
519 2133 604 2198 oolla
619 2133 673 2200 liet
688 2134 882 2214 compositio
896 2134 957 2198 nisi
974 2134 1006 2196 in
1020 2134 1200 2215 praesentia
1214 2131 1335 2197 domini

252 2233 412 2309 tiemonis,
435 2232 549 2297 notarii
572 2241 603 2297 et
623 2233 834 2312 promotoris;
852 2249 934 2313 quae
957 2231 1094 2314 singulis
1119 2231 1335 2296 trimestribus

251 2331 332 2396 bona
358 2330 432 2404 lide,
449 2331 519 2396 siue
541 2331 739 2396 detractione
757 2331 935 2413 aliquarum
958 2345 1183 2410 expensarum,
1202 2331 1233 2392 in
1257 2329 1333 2394 Uni-

239 2429 404 2494 ·versitate
415 2429 646 2504 recitabuntur,
658 2445 730 2494 oum
744 2429 985 2512 specificatione
999 2429 1163 2494 nominum
1176 2438 1208 2494 et
1219 2444 1336 2510 cogno·

252 2527 372 2591 minum
402 2528 546 2608 ipsorum
576 2529 850 2609 componentium,
877 2537 909 2593 et
939 2544 997 2608 pro
1027 2545 1091 2612 ouo
1117 2543 1252 2593 excessu
1283 2528 1332 2592 vol

252 2627 369 2692 delicto
386 2628 599 2708 compositum
616 2628 689 2693 erit.

292 2759 342 2822 rt.
368 2758 537 2825 Promotor
558 2759 725 2839 pecuniam
742 2777 779 2824 ex
794 2758 1085 2841 compositionibus
1106 2759 1244 2823 debitam
1265 2758 1337 2822 dili-

249 2866 363 2938 genter
384 2858 489 2938 exigat
511 2867 542 2923 et
556 2858 722 2926 debitores
743 2860 783 2924 ad
800 2858 990 2924 solvendum
1013 2868 1118 2939 cogat,
1137 2858 1335 2922 emolumen-

252 2967 383 3037 tumque
416 2975 454 3022 ox
483 2959 774 3040 compositionibus
811 2956 1004 3042 proveniens
1038 2958 1107 3022 sive
1142 2975 1181 3022 ex
1212 2958 1336 3039 integro

251 3056 391 3120 solutum
411 3056 463 3130 sit,
481 3057 550 3122 sive
572 3074 610 3122 ex
627 3069 726 3138 parte,
745 3057 906 3122 dividatur
927 3056 1042 3122 intres
1066 3065 1185 3136 panes,
1202 3073 1335 3136 quorum

251 3155 332 3220 duas
348 3154 548 3221 Universitas
564 3163 595 3221 et
611 3155 766 3238 reliquam
785 3165 905 3237 partem
925 3165 1090 3236 promotor
1105 3156 1231 3220 babeat.

291 3285 343 3350 stt.
369 3285 538 3353 Promotor
551 3303 608 3368 pro
625 3287 786 3368 stipendio
799 3304 859 3352 suo
872 3287 1038 3352 ordinario
1054 3286 1185 3368 recipiat
1198 3287 1334 3368 singulis

250 3386 343 3449 annis
367 3384 407 3449 ab
430 3384 644 3450 Universitate
670 3385 841 3451 duodecim
867 3385 1010 3450 llorenos
1040 3386 1228 3460 elenenses,
1253 3395 1284 3450 et
1308 3387 1334 3448 si

249 3482 443 3564 quandoque
460 3491 591 3564 propter
606 3500 721 3550 causas
737 3478 962 3549 Universitotis
985 3500 1025 3548 ex
1040 3485 1188 3548 mandato
1212 3484 1336 3548 domini

252 3579 400 3648 Rectoris
422 3581 509 3646 foras
531 3582 694 3662 proficisci
720 3581 859 3656 debebit,
890 3583 1003 3646 babeat
1030 3599 1087 3663 pro
1113 3582 1334 3647 vacationibus

249 3680 388 3762 singulis
410 3679 525 3746 diebus
547 3682 658 3763 viginti
681 3691 819 3764 quatuor
840 3682 992 3757 stuleros,
1010 3682 1100 3746 salvo
1116 3681 1202 3762 quod
1226 3681 1334 3748 statim

252 3789 420 3861 postquam
450 3779 593 3856 redierit,
621 3781 746 3846 intimet
776 3780 899 3846 notario
925 3779 1010 3844 diem
1043 3779 1093 3844 sul
1124 3796 1275 3846 recessus
1304 3791 1336 3846 et

251 3877 373 3943 reditus
388 3888 420 3943 et
435 3894 550 3944 causas
567 3888 697 3961 propter
712 3895 792 3962 quas
808 3880 979 3946 vacaverit.
1078 3915 1081 3928 ·

291 4009 343 4074 ab.
368 4009 537 4076 Promotor
552 4011 735 4092 quindecim
751 4011 865 4078 diebus
885 4011 1058 4078 antediem
1075 3999 1243 4079 electionis
1261 4015 1332 4078 nori

250 4107 399 4174 {lectoris
427 4119 613 4190 computum
648 4123 725 4176 suae
755 4109 1043 4176 administrationis
1073 4110 1104 4173 in
1135 4110 1266 4192 scriptis
1296 4115 1335 4176 aul

241 4221 381 4274 manum
396 4207 510 4274 notarii
522 4207 681 4284 extribeat,
697 4217 730 4273 ut
742 4207 824 4272 libro
839 4207 877 4272 ad
893 4208 954 4273 boc
968 4208 1117 4274 conlecto
1129 4210 1337 4286 inscribatur,

339 4343 358 4384 ι.
1220 4325 1260 4390 ‘53
