3100 4942
745 429 908 494 ..93-

278 610 380 684 cesis,
397 621 452 673 et..
472 610 598 674 liceanc
620 609 758 675 ecclesie
779 611 995 684 coloniensis,
1018 611 1160 677 Salutem
1184 623 1214 677 et
1239 619 1373 692 aposto·

282 709 376 772 licam
394 707 661 774 benedictionem.

672 827 782 894 drenge
801 843 837 879 ou
853 827 975 891 pre'fcee.

325 947 504 1012 llumilibus
530 947 710 1026 supplicum
739 948 823 1011 uotis
850 947 952 1013 liben·
971 948 977 1030 Ι
997 959 1044 1014 ter
1070 947 1241 1014 annuimus
1267 965 1370 1028 eaque

282 1047 449 1111 lauoribus
466 1047 690 1127 prosequimur
706 1047 887 1125 oportunis.

333 1195 481 1262 Supplique
499 1199 539 1248 du
558 1200 611 1248 duc
629 1199 662 1248 de
681 1195 806 1250 Brobant
825 1206 851 1249 et
869 1201 916 1251 des
935 1201 1069 1251 membres
1088 1201 1122 1251 de
1141 1195 1321 1251 l'Unlcereite‘

733 1292 766 1340 de
787 1288 922 1342 ὶοιιυαίη.

326 1391 450 1455 lludum
473 1390 630 1472 siquidem
656 1408 713 1470 pro
737 1403 825 1470 parte
849 1392 1039 1457 dilectorum
1064 1393 1202 1456 liliorum
1220 1391 1369 1457 llectoris

280 1506 322 1554 ac
333 1491 557 1554 vniuersorum
575 1489 747 1553 llcctorum
767 1491 993 1571 llagistrcrum
1009 1501 1040 1556 ct
1054 1490 1231 1555 scolarium
1248 1499 1372 1554 cetera·

281 1605 419 1668 rumque
443 1591 653 1668 personarum
674 1587 901 1651 Vniuersitatis
924 1587 1020 1668 studij
1044 1588 1136 1668 Opidi
1160 1587 1371 1652 lmuaniensis

284 1685 474 1751 leodiensis
489 1686 630 1750 diocesis
649 1686 752 1750 lelicis
776 1686 935 1750 recordati
971 1687 1067 1768 lonis
1090 1686 1226 1750 llartino
1250 1685 1369 1766 papeV

285 1785 507 1863 predecessori
533 1793 644 1847 nostro
669 1786 816 1863 exposito
844 1785 927 1866 quod
959 1785 1101 1850 nonnulli
1128 1783 1369 1864 drcbiepiscopi

282 1883 434 1964 Episcopi
448 1883 564 1964 aliique
576 1883 785 1946 ecclesiarum
801 1885 911 1962 prelati
929 1900 965 1947 ac
981 1883 1089 1947 cleriei
1104 1892 1135 1946 et
1150 1882 1372 1946 ecclesiastice

286 1999 425 2064 persone
447 1993 508 2047 tam
532 1985 697 2063 regulares
719 2000 811 2064 quam
829 1984 1004 2056 seculares,
1025 1997 1149 2046 necnon
1170 1981 1272 2045 buces
1290 1982 1370 2043 llar-

283 2081 421 2146 cblones
436 2081 576 2146 Comites
594 2083 736 2146 Berones
760 2082 891 2145 Nobiles
915 2081 1030 2144 Milites
1052 2080 1124 2144 laici
1146 2078 1352 2162 communia}

284 2180 454 2246 Ciuitatum
481 2181 711 2245 Vniuersitates
741 2181 916 2260 Opidcrum
947 2180 1132 2244 Castrorum
1161 2179 1310 2242 Villarum
1339 2185 1370 2242 ct

282 2280 420 2344 aliorum
442 2281 596 2354 locorum,
616 2297 740 2345 necnon
761 2280 822 2343 alie
843 2279 1022 2361 singulares
1043 2293 1181 2357 persone
1197 2277 1367 2341 (licitatum

287 2389 317 2443 ct
334 2379 510 2443 diocesium
527 2395 564 2442 ac
583 2379 716 2442 aliarum
740 2379 874 2459 partium
898 2377 1098 2441 diuersarum
1123 2385 1317 2456 occuparent
1339 2384 1371 2440 et

286 2478 436 2555 occupari
462 2479 602 2543 lacerent
624 2478 734 2540 Castra
758 2477 849 2540 villas
875 2486 906 2540 et
932 2476 992 2539 alia
1020 2476 1101 2549 loca,
1127 2485 1229 2539 terras
1250 2475 1370 2540 domos

283 2576 514 2656 possessiones
533 2576 538 2658 Ι
558 2577 625 2640 iura
645 2587 674 2640 et
696 2577 945 2646 iurisdictiones,
965 2590 1088 2638 necnon
1111 2575 1234 2638 tructus
1248 2590 1368 2640 census

283 2674 431 2760 redditus
454 2685 486 2739 et
509 2685 685 2754 prouentus
711 2674 857 2738 {lectoris
879 2683 911 2738 et
934 2674 1133 2754 singularum
1157 2688 1366 2752 personarum

287 2771 510 2838 Vniuersitatis
531 2773 676 2837 ciusdem
700 2781 731 2835 et
755 2771 907 2836 ilonnulla
929 2773 989 2837 alia
1012 2788 1065 2834 res
1089 2780 1120 2834 et
1142 2769 1224 2834 bona
1242 2769 1373 2834 mobilia

282 2881 319 2935 et
334 2871 506 2936 immobilia
523 2872 700 2953 spiritualia
716 2881 748 2936 ct
764 2871 950 2951 temporalia
966 2871 1004 2934 ad
1022 2869 1191 2934 Rectorem
1208 2885 1246 2932 ac
1267 2869 1370 2950 ipsius

285 2968 510 3036 Vniuersitatis
530 2973 534 3052 Ι
554 2971 735 3052 singulares
765 2985 921 3050 personas
952 2968 1112 3048 predictos
1146 2977 1209 3031 tam
1247 2967 1371 3032 ratione

283 3083 418 3131 sucrum
436 3069 664 3134 beneficiorum
682 3069 977 3132 ecclesiasticorum
993 3083 1088 3147 quam
1104 3066 1199 3130 etiarn
1218 3083 1371 3146 persona·

287 3182 370 3242 rum,
388 3183 424 3230 ac
440 3168 519 3230 alias
543 3168 682 3248 legitime
705 3167 894 3246 spectantia,
912 3177 943 3230 et
965 3183 1002 3231 ca
1026 3165 1206 3237 detinerent
1230 3165 1372 3229 indebite

284 3275 453 3346 occupata,
470 3282 527 3330 seu
544 3283 579 3329 ec
595 3265 814 3330 detinentibus
832 3275 1012 3344 prestarent
1027 3263 1181 3329 auxilium
1198 3263 1370 3329 consilium

285 3363 338 3426 uel
362 3365 515 3440 fauorem,
534 3364 678 3428 nonnulli
703 3365 796 3428 etiam
814 3363 926 3426 cluita·
947 3368 952 3440 Ι
972 3371 1036 3427 tum
1055 3371 1086 3428 et
1102 3362 1279 3428 diocesium
1298 3379 1370 3444 pre·

281 3463 442 3526 dictarum
459 3464 512 3543 qui
530 3479 644 3526 nomeu
661 3462 781 3525 domini
799 3462 950 3524 incanum
965 3461 1109 3540 recipere
1123 3477 1185 3523 uon
1201 3461 1374 3526 lormidant

283 3561 408 3623 eisdem
426 3561 553 3624 Rectcri
572 3559 760 3624 lloctoribus
778 3559 937 3635 llagistris
952 3573 983 3622 et
999 3559 1198 3633 scolaribus,
1215 3576 1252 3622 ac
1269 3559 1371 3638 ipsius

285 3659 512 3721 Vniuersitatis
533 3659 680 3734 rrerscnis
700 3675 798 3738 super
814 3659 934 3721 Castris
952 3657 1041 3720 Villis
1060 3659 1141 3720 locis
1159 3657 1253 3721 terris
1269 3657 1373 3722 domi·

289 3755 350 3818 bus
367 3756 628 3834 possessionibus
648 3757 773 3820 iuribus
799 3756 1099 3836 iurisdictionibus!
1119 3755 1275 3820 lructlbus
1298 3773 1374 3820 cen-

289 3853 381 3917 sibus
393 3854 570 3918 redditibus
585 3855 794 3934 prouentlbus
808 3855 903 3918 rebus
916 3865 946 3917 et
959 3855 1052 3918 bonis
1066 3853 1232 3934 predictis,
1246 3869 1372 3918 necnon

289 3952 496 4031 pecuniarum
517 3953 649 4016 summis
670 3955 734 4016 illis
751 3954 844 4016 etiam
862 3952 1045 4016 huiusmodi
1062 3951 1240 4016 rationibus
1256 3953 1374 4016 debitis

288 4049 483 4128 multiplices
497 4051 658 4114 molestias
670 4063 702 4114 et
719 4052 852 4113 iniurias
868 4051 1022 4112 interrent
1040 4051 1205 4128 peniteret
1221 4049 1373 4124 iacturas,

284 4163 411 4228 cosque
432 4149 571 4213 diuersis
594 4151 777 4213 ucrbclibus
801 4157 830 4212 et
849 4149 987 4212 realibus
1001 4158 1165 4212 coutume·
1185 4149 1191 4228 1
1210 4148 1263 4227 lljs
1277 4158 1375 4228 atquo
