3246 4944
752 387 939 458 *692-

304 569 475 652 plurimum
497 571 692 650 oonduount,
710 582 841 639 curetur
864 581 896 638 ut
917 571 1154 654 disputationes
1177 569 1387 636 sabbatbinae

303 669 335 733 in
359 686 452 734 usum
475 680 684 748 revocantum
708 673 749 738 ita
765 681 870 739 tamen
887 682 921 737 ut
937 681 1003 738 tres
1018 668 1253 752 disputationes
1268 669 1388 752 injure

304 767 400 846 civiti,
417 779 528 848 quarta
545 770 576 834 in
589 771 661 852 jure
677 771 834 839 canonico
851 789 907 854 por
923 780 1050 837 turnum
1067 769 1155 835 fiant.

795 919 901 984 xcvi.

345 1033 448 1100 Porro
477 1036 584 1102 nullus
612 1037 653 1104 de
687 1047 797 1104 eetero
833 1037 995 1120 quidpiam
1033 1045 1144 1118 aperte
1181 1034 1307 1110 laisum,
1338 1034 1389 1099 vel

304 1133 543 1211 seandalosum,
566 1136 615 1200 vel
644 1135 717 1202 lldei
745 1149 875 1204 nostrae
899 1135 1078 1201 eatbolioae
1103 1151 1165 1199 non
1193 1149 1386 1205 consonum,

303 1230 372 1296 sive
387 1231 460 1298 loco
476 1233 723 1315 impertinentis,
737 1235 805 1300 sive
820 1249 1021 1316 quarumque
1037 1234 1097 1298 alia
1114 1232 1250 1307 ratione,
1261 1230 1388 1313 publice

303 1328 467 1411 disputare
503 1342 695 1412 praesumat,
723 1335 754 1397 in
784 1334 985 1415 pronumque
1015 1331 1110 1396 tuerit
1140 1331 1299 1406 luuultatr,
1327 1331 1388 1393 sub

305 1443 406 1507 poena
423 1429 589 1496 arbitraria
606 1448 622 1495 a
641 1431 776 1497 Rectoro
791 1432 1016 1497 Universitatis
1033 1430 1238 1511 imponentia.

787 1579 909 1644 XGVll.

347 1710 379 1774 ld
396 1729 524 1794 quoque
540 1714 648 1796 Belgio
665 1723 776 1780 nostro
792 1713 965 1779 convenire
980 1729 1162 1787 censemus,
1182 1721 1214 1776 ut
1238 1727 1332 1776 nemo
1356 1710 1387 1774 in

307 1819 441 1893 utraque
467 1812 550 1894 juris
580 1814 728 1879 laoultate
757 1813 795 1878 ad
826 1813 987 1878 licentiam
1017 1811 1212 1887 admittatur,
1242 1810 1303 1874 nisi
1334 1809 1387 1890 uui

306 1917 444 1990 quatuor
465 1913 557 1978 annis
580 1913 611 1977 in
634 1914 750 1978 iisdem
765 1911 924 1979 studuerit
940 1921 971 1978 et
987 1913 1142 1976 lectiones
1159 1910 1337 1991 praedictas
1354 1926 1391 1973 se

305 2008 469 2078 audivisse
483 2011 648 2088 docuerit;
666 2013 698 2076 in
718 2011 790 2093 jnre
813 2027 889 2076 vero
911 2011 1068 2075 canonico
1091 2019 1121 2074 et
1144 2009 1229 2074 civili
1253 2019 1388 2084 tantum,

308 2107 368 2172 nisi
391 2109 444 2190 oui
467 2110 572 2176 tribus
591 2111 685 2176 annis
701 2111 857 2176 lectiones
874 2110 1053 2190 praedictas
1069 2108 1238 2182 audiverit,
1255 2107 1390 2188 eiusque

308 2207 353 2272 rai
371 2206 465 2273 ladem
482 2209 605 2286 lecerit,
622 2217 742 2275 etanta
759 2209 980 2291 repetitionem
996 2209 1095 2273 semel
1114 2207 1240 2288 publice
1256 2224 1387 2288 respon-

308 2304 402 2382 derit,
426 2307 487 2372 nisi
513 2325 551 2374 ex
577 2308 733 2390 singulari
759 2307 1001 2389 dispensatione
1024 2318 1054 2371 et
1080 2307 1178 2370 ardna
1203 2322 1312 2380 eausa,
1331 2305 1387 2370 toti

307 2405 444 2488 collegio
460 2408 646 2490 approbata,
663 2408 834 2490 aliquando
850 2407 942 2472 aliter
956 2406 1060 2471 visum
1078 2406 1183 2470 luerit.

781 2555 915 2622 xcvltt.

347 2687 386 2752 Et
400 2687 473 2769 quia
497 2689 624 2756 fraudes
641 2689 746 2756 induri
768 2697 912 2770 possent,
930 2698 992 2753 tam
1010 2688 1040 2751 in
1059 2689 1230 2770 praedictis
1245 2687 1389 2768 disputa·

306 2786 447 2852 tionibus
463 2805 556 2869 quam
574 2788 829 2870 repetitionibus,
847 2789 969 2854 diserte
992 2788 1218 2869 praecipimus,
1237 2798 1270 2852 ut
1293 2803 1388 2851 nemo

306 2887 598 2968 argumentantium
613 2905 685 2954 cum
705 2887 975 2970 respondentibus
990 2887 1038 2953 vel
1056 2886 1272 2967 repetentibus
1290 2903 1388 2966 super

308 2984 521 3067 positionibus
550 2988 601 3052 vel
630 2987 775 3053 thesibus
800 2987 1010 3053 detondendis
1036 2986 1191 3064 oonlerat,
1214 2996 1267 3050 aut
1293 3003 1386 3065 argn-

307 3093 413 3149 menta
428 3101 486 3150 sua
502 3087 729 3163 eommunicet,
746 3087 806 3152 sub
822 3103 925 3168 poena
942 3085 1149 3150 inhabilitatis
1167 3084 1205 3149 ad
1230 3083 1387 3149 licentiam

305 3181 405 3247 aliave
419 3183 598 3262 arbitraria,
616 3186 925 3267 argumentantibus,
944 3183 1214 3266 respondentibus
1230 3182 1278 3246 vel
1296 3198 1388 3262 repo-

306 3281 446 3347 tontibus
476 3299 492 3347 a
522 3286 606 3349 diota
636 3283 785 3350 facultate
810 3285 1003 3367 imponenda
1030 3293 1061 3348 et
1087 3299 1143 3364 per
1170 3291 1386 3364 promotorem

306 3381 504 3462 exequenda.

794 3515 902 3580 XClX.

349 3645 385 3711 bt
406 3663 445 3712 ne
467 3661 639 3728 paucarum
662 3646 767 3729 legum
791 3657 845 3713 aut
865 3663 1024 3712 uanonurn
1048 3645 1198 3712 licentiati
1223 3645 1311 3721 liant,
1328 3645 1385 3710 sed

306 3745 337 3808 in
362 3746 484 3812 tbeuria
508 3745 589 3827 juris
613 3747 752 3827 perieote
775 3747 891 3812 versati
915 3747 945 3810 in
970 3747 1159 3827 palaestram
1184 3761 1332 3827 praxeos,
1355 3753 1388 3809 ut

304 3842 389 3908 dooti
407 3855 438 3909 et
460 3845 653 3926 spectabiles
676 3845 734 3909 viri
762 3846 927 3927 prodeant,
945 3845 998 3928 pul
1021 3845 1192 3912 clientibus
1216 3844 1388 3926 prudenter

305 3951 337 4006 et
352 3943 487 4008 candide
509 3944 761 4024 patrocinentur,
779 3955 872 4026 atque
887 3944 1125 4010 oatbedralibus
1140 3953 1194 4009 aut
1209 3943 1388 4024 collegiatis

306 4039 453 4104 ecelesiis
477 4042 574 4120 probe
595 4044 776 4118 consulant,
799 4043 967 4107 statuimus
989 4053 1020 4106 et
1044 4042 1230 4106 ordinamus
1254 4051 1287 4106 ut
1308 4041 1386 4107 dou·

308 4147 396 4202 tores
413 4138 579 4220 utriusque
593 4141 641 4204 vel
661 4141 793 4206 alterius
814 4141 906 4223 luris,
924 4141 1041 4223 quibus
1063 4157 1194 4206 examen
1219 4139 1385 4206 licentian-

308 4236 420 4301 dorum
446 4238 667 4318 committitur,
685 4241 804 4322 passim
832 4241 1022 4322 ubicumque
1048 4239 1176 4306 libuerit
1202 4255 1259 4322 per
1284 4247 1386 4306 totum
