3100 4942
735 427 859 502 --ttc
878 467 920 482 -

287 613 411 701 sibique
430 615 525 684 etiam
548 635 606 698 pro
625 617 760 684 aliorum
782 617 984 684 erudimento
999 615 1135 686 docendi
1153 615 1315 686 licentiam
1329 633 1371 684 ac

286 717 472 783 doctoratus
497 717 568 782 siue
597 716 766 798 Magisterij
795 717 950 784 honorem
979 725 1125 796 peterent
1154 716 1281 798 elargiri
1313 733 1371 798 per

286 817 429 897 ipsorum
448 817 453 897 Ι
473 815 552 880 inibi
566 817 717 884 doctores
733 816 804 882 siue
820 815 989 898 Magistros
1002 815 1171 897 Proposito
1187 831 1283 896 ouem
1293 817 1370 880 tian-

284 915 447 981 cellerium
464 913 560 996 studij
578 915 609 978 in
626 913 728 996 Opido
744 913 928 980 huiusmodi
944 931 1019 980 esse
1035 923 1190 997 perpetuo
1209 914 1322 989 uoluit.
1340 914 1367 978 si

284 1014 351 1080 illio
363 1029 497 1095 presens
509 1013 603 1086 toret,
617 1013 760 1094 alioquin
775 1013 902 1081 decano
915 1012 1053 1079 ecclesie
1069 1013 1171 1078 saneti
1189 1012 1273 1078 Petri
1289 1013 1367 1078 dicti

282 1113 375 1195 Opidi
396 1130 453 1196 pro
475 1121 620 1194 tempore
640 1112 853 1178 existentibus
875 1112 945 1178 siue
965 1112 1037 1194 alijs
1057 1111 1159 1178 abeis
1175 1112 1367 1193 deputandis

299 1215 305 1296 Ι
325 1221 589 1294 presentarentur
602 1221 634 1277 ut
645 1211 685 1276 ab
697 1211 801 1278 illissi
814 1213 952 1278 seruatis
963 1211 1200 1278 consuetudins
1214 1219 1246 1277 et
1261 1211 1366 1276 modis

281 1313 313 1376 in
340 1311 455 1393 studiis
481 1311 685 1394 generalibus
711 1311 879 1377 obseruari
905 1311 1013 1378 solitis
1038 1311 1076 1375 ad
1105 1311 1167 1376 boc
1189 1311 1367 1377 existerent

280 1411 407 1492 ydonei,
432 1410 692 1492 sufficientesque
716 1411 846 1492 reperti,
864 1410 1026 1476 licentiam
1049 1417 1081 1476 et
1105 1411 1247 1476 honores
1269 1412 1364 1494 sorti-

281 1519 392 1576 rentur
414 1519 444 1576 et
467 1518 668 1590 reportarent
690 1509 878 1585 antedictos,
901 1509 1028 1592 ipsique
1052 1510 1227 1590 presentati
1253 1526 1364 1592 quem-

281 1610 416 1690 primum
438 1608 513 1676 illus
531 1610 536 1690 Ι
555 1609 660 1690 adepti
685 1610 789 1676 locent
812 1609 934 1691 absque
956 1607 1162 1676 ulterioribus
1183 1611 1223 1677 eb
1245 1610 1292 1676 eis
1308 1611 1363 1674 na·

280 1708 393 1776 bendis
406 1709 550 1774 eramiae
563 1715 594 1772 et
604 1707 835 1790 approbatione
847 1708 877 1771 in
892 1708 961 1788 ipsa
975 1709 1191 1790 facultatequa
1200 1709 1361 1776 licentiam

278 1817 310 1874 et
329 1809 484 1874 honorem
504 1807 697 1890 attingerent
719 1808 750 1872 in
772 1824 808 1874 ea
823 1809 860 1886 tl)
880 1807 988 1890 legere
1010 1817 1042 1873 et
1064 1809 1181 1874 docere
1203 1808 1303 1873 libere
1325 1825 1363 1874 ac

277 1907 363 1973 licite
376 1905 491 1988 ubique
506 1907 649 1972 ualerent
661 1917 755 1988 prout
768 1908 798 1970 in
816 1907 918 1987 ipsius
936 1907 1179 1988 predecessoris
1195 1907 1269 1973 inde
1284 1925 1362 1974 con·

275 2007 366 2072 lectis
382 2005 498 2072 litteris
514 2005 639 2086 plenius
654 2005 848 2072 continetur.
869 2008 874 2088 Ι
893 2004 971 2070 Cum
987 2003 1091 2071 autem
1113 2007 1197 2072 siout
1217 2007 1356 2072 exhibita

277 2123 380 2187 nuper
406 2105 499 2171 nobis
526 2106 579 2188 qui
606 2105 692 2170 dicto
719 2107 950 2188 predecessore
975 2105 1058 2172 sicut
1080 2107 1211 2172 domino
1241 2106 1361 2187 placuit

277 2205 403 2272 sublato
419 2205 459 2271 de
475 2206 590 2280 medio,
605 2201 724 2270 inimus
739 2204 847 2270 diuina
863 2205 990 2270 iouente
1002 2205 1170 2272 clementio
1183 2206 1221 2270 ed
1235 2207 1357 2288 apicem

277 2305 392 2370 summi
408 2304 606 2386 apostolatus
625 2305 793 2386 assumpti,
813 2321 870 2385 pro
895 2311 985 2385 parte
1006 2303 1194 2372 dilectorum
1219 2293 1367 2370 tiliorum

276 2403 398 2469 Nobilis
410 2401 470 2468 viri
487 2402 622 2483 Philippi
639 2401 833 2484 Burgundie,
847 2413 879 2468 et
894 2403 1065 2470 Brabautie
1080 2403 1172 2469 ducis
1189 2419 1314 2470 necnon
1334 2406 1340 2484 Ι

277 2501 612 2584 Burgimagistrorum
630 2502 837 2568 scabinorum
861 2511 892 2567 et
913 2501 1157 2568 communitatis
1176 2503 1268 2586 Opidi
1286 2521 1358 2586 prc-

276 2601 351 2666 dicti
376 2601 486 2682 petitio
509 2601 702 2675 continebat,
728 2601 910 2666 huiusmodi
934 2601 1073 2667 studium
1099 2603 1129 2666 in
1158 2603 1229 2686 ipso
1255 2603 1359 2684 Opido

276 2701 446 2782 plurimum
463 2699 578 2781 uigeat,
595 2709 626 2764 et
642 2700 727 2781 quod
742 2699 780 2779 (9)
795 2699 913 2766 ibidem
929 2699 1102 2783 Theologie
1118 2701 1253 2768 facultas
1270 2703 1357 2768 iruna

276 2801 423 2876 lemorel,
441 2799 478 2863 ad
497 2798 570 2864 lidei
587 2800 850 2882 propagationem
866 2799 1025 2866 conferret
1042 2801 1232 2866 orthodoxe.

461 2965 621 3022 Concession
641 2985 677 3020 ou
696 2973 782 3022 octrot
800 2973 833 3022 de
852 2972 880 3022 la
899 2975 999 3033 favour
1018 2971 1173 3024 monade.

315 3104 381 3170 llos
396 3104 450 3186 qui
465 3105 637 3187 theologie
653 3105 784 3172 iaculta·
803 3111 809 3182 t
828 3117 891 3173 tem
907 3107 1091 3176 huiusmodi
1106 3109 1144 3174 ad
1165 3105 1355 3174 christifide·

275 3204 351 3267 lium
378 3203 612 3272 edificationem
639 3215 671 3270 et
695 3205 829 3272 salutem
856 3206 1044 3284 animarum,
1070 3225 1196 3274 necnon
1224 3207 1355 3288 propul·
1449 3235 1450 3240 ,

275 3303 395 3367 samios
410 3320 550 3380 errores,
564 3305 734 3372 instaurari
747 3305 863 3387 studijs
874 3307 1030 3390 gestimus
1042 3307 1195 3382 assiduis,
1209 3307 1355 3388 ipsorum

214 3407 217 3414 ·
276 3401 383 3477 [lucis.
408 3403 743 3485 Burgimagistrorum
768 3404 975 3472 scabinorum
1004 3415 1035 3472 et
1057 3405 1300 3472 communitatis
1324 3406 1355 3470 in

274 3501 334 3564 hec
350 3511 438 3582 perte
461 3502 747 3584 supplicationibus
770 3503 912 3570 inclinati
929 3505 1069 3574 auotori—
1088 3507 1093 3588 Ι
1112 3515 1176 3572 tute
1198 3505 1353 3586 predicta,

274 3602 455 3677 statuimus,
469 3610 500 3666 et
515 3601 714 3678 ordinemus,
729 3603 814 3683 quod
828 3603 921 3670 etiem
935 3605 1088 3686 deinceps
1102 3605 1133 3669 in
1148 3605 1235 3672 dicto
1251 3603 1354 3686 Opido

308 3832 343 3906 (l)
362 3833 447 3888 Entre
461 3835 502 3888 les
517 3838 586 3890 mols
600 3840 630 3888 tn
647 3851 679 3889 ec
698 3839 726 3890 et
743 3841 830 3902 tepere
849 3853 884 3891 on
904 3853 920 3890 e
937 3837 1017 3905 derit,
1032 3853 1079 3891 sur
1098 3853 1201 3898 rasore,
1217 3853 1256 3892 un
1275 3835 1354 3906 signe

271 3940 324 3996 que
337 3941 406 3981 nous
419 3941 534 3997 croyons
548 3931 606 3980 dire
619 3943 657 3980 un
672 3925 769 3996 simple
782 3927 972 3998 remplissege.

306 4016 344 4086 (2)
365 4013 502 4070 L'dditeur
515 4015 549 4069 de
563 4016 591 4069 le
604 4017 690 4080 bullo,
705 4016 773 4070 dens
793 4015 833 4070 les
846 4018 1001 4086 Prtcilepic
1013 4019 1171 4073 Academica
1187 4019 1353 4072 menatensi

267 4123 403 4170 outcome,
424 4123 440 4160 e
459 4106 552 4176 ejoute
574 4107 601 4162 lo
620 4113 676 4164 mol
698 4113 723 4161 st
742 4113 820 4162 entre
838 4115 910 4174 quud
932 4117 960 4166 et
983 4115 1088 4166 ibidem
1112 4112 1151 4166 La
1172 4111 1307 4182 partiens
1326 4116 1352 4163 ri

272 4196 387 4258 n'exiele
401 4215 449 4270 pes
463 4198 531 4254 dane
544 4197 693 4268 l'original.
