<?xml version="1.0" encoding="UTF-8"?>
<!DOCTYPE html PUBLIC "-//W3C//DTD XHTML 1.0 Transitional//EN"
    "http://www.w3.org/TR/xhtml1/DTD/xhtml1-transitional.dtd">
<html xmlns="http://www.w3.org/1999/xhtml" xml:lang="en" lang="en">
 <head>
  <title>
</title>
<meta http-equiv="Content-Type" content="text/html;charset=utf-8" />
  <meta name='ocr-system' content='tesseract 3.04.00' />
  <meta name='ocr-capabilities' content='ocr_page ocr_carea ocr_par ocr_line ocrx_word'/>
</head>
<body>
  <div class='ocr_page' id='page_1' title='image "./documentsrelati00reusgoog_0553.png"; bbox 0 0 3240 4946; ppageno 0'>
   <div class='ocr_carea' id='block_1_1' title="bbox 657 445 838 520">
    <p class='ocr_par' dir='ltr' id='par_1_1' title="bbox 657 445 838 520">
     <span class='ocr_line' id='line_1_1' title="bbox 657 445 838 520; baseline 0.006 -1"><span class='ocrx_word' id='word_1_1' title='bbox 657 445 774 520; x_wconf 85' lang='lat' dir='ltr'>—rrlt</span> <span class='ocrx_word' id='word_1_2' title='bbox 799 487 838 500; x_wconf 89' lang='lat'>-</span> 
     </span>
    </p>
   </div>
   <div class='ocr_carea' id='block_1_2' title="bbox 145 636 1356 4288">
    <p class='ocr_par' dir='ltr' id='par_1_2' title="bbox 202 636 1356 1116">
     <span class='ocr_line' id='line_1_2' title="bbox 202 636 1287 724; baseline -0.004 -18"><span class='ocrx_word' id='word_1_3' title='bbox 202 657 260 724; x_wconf 84' lang='lat' dir='ltr'>pro</span> <span class='ocrx_word' id='word_1_4' title='bbox 276 639 405 718; x_wconf 88' lang='lat' dir='ltr'>salario,</span> <span class='ocrx_word' id='word_1_5' title='bbox 422 639 481 704; x_wconf 93' lang='lat' dir='ltr'>nisi</span> <span class='ocrx_word' id='word_1_6' title='bbox 500 640 588 720; x_wconf 87' lang='lat' dir='ltr'>prius</span> <span class='ocrx_word' id='word_1_7' title='bbox 604 639 674 704; x_wconf 90' lang='lat' dir='ltr'>aliis</span> <span class='ocrx_word' id='word_1_8' title='bbox 686 638 834 704; x_wconf 87' lang='lat' dir='ltr'>officiatis</span> <span class='ocrx_word' id='word_1_9' title='bbox 848 639 1019 702; x_wconf 87' lang='lat' dir='ltr'>admonitis</span> <span class='ocrx_word' id='word_1_10' title='bbox 1037 644 1070 703; x_wconf 92' lang='lat' dir='ltr'>ul</span> <span class='ocrx_word' id='word_1_11' title='bbox 1087 656 1123 703; x_wconf 90' lang='lat' dir='ltr'>se</span> <span class='ocrx_word' id='word_1_12' title='bbox 1136 636 1287 720; x_wconf 75' lang='lat' dir='ltr'>jungant:</span> 
     </span>
     <span class='ocr_line' id='line_1_3' title="bbox 203 737 1290 821; baseline -0.003 -16"><span class='ocrx_word' id='word_1_13' title='bbox 203 757 262 806; x_wconf 88' lang='lat' dir='ltr'>nec</span> <span class='ocrx_word' id='word_1_14' title='bbox 287 739 403 821; x_wconf 88' lang='lat' dir='ltr'>poterit</span> <span class='ocrx_word' id='word_1_15' title='bbox 425 738 497 820; x_wconf 85' lang='lat' dir='ltr'>quis</span> <span class='ocrx_word' id='word_1_16' title='bbox 514 739 649 803; x_wconf 79' lang='lat' dir='ltr'><strong>seorsim</strong></span> <span class='ocrx_word' id='word_1_17' title='bbox 666 738 811 818; x_wconf 86' lang='lat' dir='ltr'>recipere</span> <span class='ocrx_word' id='word_1_18' title='bbox 826 737 978 802; x_wconf 80' lang='lat' dir='ltr'>sutanum</span> <span class='ocrx_word' id='word_1_19' title='bbox 994 755 1100 811; x_wconf 88' lang='lat' dir='ltr'>suum,</span> <span class='ocrx_word' id='word_1_20' title='bbox 1119 737 1178 802; x_wconf 91' lang='lat' dir='ltr'>nisi</span> <span class='ocrx_word' id='word_1_21' title='bbox 1197 739 1290 802; x_wconf 89' lang='lat' dir='ltr'>etiam</span> 
     </span>
     <span class='ocr_line' id='line_1_4' title="bbox 203 836 1356 916; baseline -0.003 -12"><span class='ocrx_word' id='word_1_22' title='bbox 203 838 367 904; x_wconf 78' lang='lat' dir='ltr'>adsessori</span> <span class='ocrx_word' id='word_1_23' title='bbox 386 837 479 902; x_wconf 90' lang='lat' dir='ltr'>luerit</span> <span class='ocrx_word' id='word_1_24' title='bbox 494 838 533 901; x_wconf 90' lang='lat' dir='ltr'>de</span> <span class='ocrx_word' id='word_1_25' title='bbox 549 836 617 901; x_wconf 84' lang='lat' dir='ltr'>suis</span> <span class='ocrx_word' id='word_1_26' title='bbox 633 837 777 900; x_wconf 89' lang='lat' dir='ltr'>terminis</span> <span class='ocrx_word' id='word_1_27' title='bbox 799 853 924 916; x_wconf 87' lang='lat' dir='ltr'>suoque</span> <span class='ocrx_word' id='word_1_28' title='bbox 947 837 1121 901; x_wconf 88' lang='lat' dir='ltr'>honorario</span> <span class='ocrx_word' id='word_1_29' title='bbox 1145 839 1291 902; x_wconf 77' lang='lat' dir='ltr'>satisfac·</span> <span class='ocrx_word' id='word_1_30' title='bbox 1352 862 1356 870; x_wconf 58' lang='lat'><strong>⁴</strong></span> 
     </span>
     <span class='ocr_line' id='line_1_5' title="bbox 202 935 1288 1016; baseline -0.003 -15"><span class='ocrx_word' id='word_1_31' title='bbox 202 949 286 1013; x_wconf 91' lang='lat' dir='ltr'>tum;</span> <span class='ocrx_word' id='word_1_32' title='bbox 312 937 413 1000; x_wconf 93' lang='lat' dir='ltr'>multo</span> <span class='ocrx_word' id='word_1_33' title='bbox 437 936 542 1000; x_wconf 91' lang='lat' dir='ltr'>minus</span> <span class='ocrx_word' id='word_1_34' title='bbox 566 935 682 1016; x_wconf 81' lang='lat' dir='ltr'>poterit</span> <span class='ocrx_word' id='word_1_35' title='bbox 705 935 777 1016; x_wconf 84' lang='lat' dir='ltr'>quis</span> <span class='ocrx_word' id='word_1_36' title='bbox 800 935 944 1000; x_wconf 88' lang='lat' dir='ltr'>detinere</span> <span class='ocrx_word' id='word_1_37' title='bbox 968 935 1099 1000; x_wconf 88' lang='lat' dir='ltr'>alterius</span> <span class='ocrx_word' id='word_1_38' title='bbox 1125 937 1288 1013; x_wconf 88' lang='lat' dir='ltr'>salarium,</span> 
     </span>
     <span class='ocr_line' id='line_1_6' title="bbox 204 1036 500 1116; baseline -0.01 -15"><span class='ocrx_word' id='word_1_39' title='bbox 204 1037 264 1102; x_wconf 88' lang='lat' dir='ltr'>sub</span> <span class='ocrx_word' id='word_1_40' title='bbox 282 1051 382 1116; x_wconf 90' lang='lat' dir='ltr'>poena</span> <span class='ocrx_word' id='word_1_41' title='bbox 399 1036 500 1115; x_wconf 90' lang='lat' dir='ltr'>dupli.</span> 
     </span>
    </p>

    <p class='ocr_par' dir='ltr' id='par_1_3' title="bbox 205 1133 1295 1812">
     <span class='ocr_line' id='line_1_7' title="bbox 245 1133 1289 1216; baseline 0 -18"><span class='ocrx_word' id='word_1_42' title='bbox 245 1135 335 1199; x_wconf 78' lang='lat' dir='ltr'>XLV.</span> <span class='ocrx_word' id='word_1_43' title='bbox 360 1135 514 1199; x_wconf 87' lang='lat' dir='ltr'>Volumus</span> <span class='ocrx_word' id='word_1_44' title='bbox 542 1146 646 1198; x_wconf 87' lang='lat' dir='ltr'>autom</span> <span class='ocrx_word' id='word_1_45' title='bbox 675 1144 708 1198; x_wconf 91' lang='lat' dir='ltr'>ut</span> <span class='ocrx_word' id='word_1_46' title='bbox 736 1133 879 1198; x_wconf 88' lang='lat' dir='ltr'>notarius</span> <span class='ocrx_word' id='word_1_47' title='bbox 905 1135 953 1199; x_wconf 90' lang='lat' dir='ltr'>vel</span> <span class='ocrx_word' id='word_1_48' title='bbox 983 1143 1208 1215; x_wconf 73' lang='lat' dir='ltr'>procuratores</span> <span class='ocrx_word' id='word_1_49' title='bbox 1237 1134 1289 1216; x_wconf 85' lang='lat' dir='ltr'>qui</span> 
     </span>
     <span class='ocr_line' id='line_1_8' title="bbox 205 1233 1291 1314; baseline -0.002 -14"><span class='ocrx_word' id='word_1_50' title='bbox 205 1252 334 1300; x_wconf 88' lang='lat' dir='ltr'>causam</span> <span class='ocrx_word' id='word_1_51' title='bbox 361 1233 553 1298; x_wconf 80' lang='lat' dir='ltr'>seruientem</span> <span class='ocrx_word' id='word_1_52' title='bbox 581 1233 752 1306; x_wconf 83' lang='lat' dir='ltr'>habebunt,</span> <span class='ocrx_word' id='word_1_53' title='bbox 773 1251 834 1296; x_wconf 92' lang='lat' dir='ltr'>nou</span> <span class='ocrx_word' id='word_1_54' title='bbox 863 1234 968 1297; x_wconf 87' lang='lat' dir='ltr'>absint</span> <span class='ocrx_word' id='word_1_55' title='bbox 992 1233 1139 1314; x_wconf 85' lang='lat' dir='ltr'>juridicis</span> <span class='ocrx_word' id='word_1_56' title='bbox 1166 1234 1291 1306; x_wconf 88' lang='lat' dir='ltr'>diebus,</span> 
     </span>
     <span class='ocr_line' id='line_1_9' title="bbox 207 1333 1292 1416; baseline 0 -18"><span class='ocrx_word' id='word_1_57' title='bbox 207 1335 268 1400; x_wconf 93' lang='lat' dir='ltr'>nisi</span> <span class='ocrx_word' id='word_1_58' title='bbox 293 1335 388 1416; x_wconf 89' lang='lat' dir='ltr'>petita</span> <span class='ocrx_word' id='word_1_59' title='bbox 412 1343 443 1398; x_wconf 87' lang='lat' dir='ltr'>et</span> <span class='ocrx_word' id='word_1_60' title='bbox 465 1333 594 1398; x_wconf 89' lang='lat' dir='ltr'>obtenta</span> <span class='ocrx_word' id='word_1_61' title='bbox 618 1334 709 1398; x_wconf 90' lang='lat' dir='ltr'>venia</span> <span class='ocrx_word' id='word_1_62' title='bbox 729 1341 760 1398; x_wconf 92' lang='lat' dir='ltr'>et</span> <span class='ocrx_word' id='word_1_63' title='bbox 776 1333 882 1414; x_wconf 82' lang='lat' dir='ltr'>aliquo</span> <span class='ocrx_word' id='word_1_64' title='bbox 899 1333 1011 1398; x_wconf 88' lang='lat' dir='ltr'>relicto</span> <span class='ocrx_word' id='word_1_65' title='bbox 1029 1335 1213 1408; x_wconf 88' lang='lat' dir='ltr'>substituto,</span> <span class='ocrx_word' id='word_1_66' title='bbox 1232 1333 1292 1398; x_wconf 88' lang='lat' dir='ltr'>suh</span> 
     </span>
     <span class='ocr_line' id='line_1_10' title="bbox 205 1432 1293 1516; baseline -0.001 -16"><span class='ocrx_word' id='word_1_67' title='bbox 205 1451 306 1516; x_wconf 91' lang='lat' dir='ltr'>poena</span> <span class='ocrx_word' id='word_1_68' title='bbox 348 1436 443 1497; x_wconf 90' lang='lat' dir='ltr'>trium</span> <span class='ocrx_word' id='word_1_69' title='bbox 484 1432 680 1497; x_wconf 88' lang='lat' dir='ltr'>llorenorum</span> <span class='ocrx_word' id='word_1_70' title='bbox 722 1449 797 1514; x_wconf 84' lang='lat' dir='ltr'>erga</span> <span class='ocrx_word' id='word_1_71' title='bbox 839 1433 1086 1499; x_wconf 87' lang='lat' dir='ltr'>Urriversitatem</span> <span class='ocrx_word' id='word_1_72' title='bbox 1129 1433 1293 1514; x_wconf 89' lang='lat' dir='ltr'>(mulctam</span> 
     </span>
     <span class='ocr_line' id='line_1_11' title="bbox 208 1532 1294 1615; baseline 0 -19"><span class='ocrx_word' id='word_1_73' title='bbox 208 1543 371 1614; x_wconf 92' lang='lat' dir='ltr'>promotor</span> <span class='ocrx_word' id='word_1_74' title='bbox 395 1532 512 1614; x_wconf 83' lang='lat' dir='ltr'>exiget,</span> <span class='ocrx_word' id='word_1_75' title='bbox 529 1532 704 1613; x_wconf 77' lang='lat' dir='ltr'>reddetque</span> <span class='ocrx_word' id='word_1_76' title='bbox 727 1533 766 1597; x_wconf 91' lang='lat' dir='ltr'>de</span> <span class='ocrx_word' id='word_1_77' title='bbox 789 1549 826 1596; x_wconf 88' lang='lat' dir='ltr'>ea</span> <span class='ocrx_word' id='word_1_78' title='bbox 849 1532 1018 1615; x_wconf 90' lang='lat' dir='ltr'>rationem)</span> <span class='ocrx_word' id='word_1_79' title='bbox 1045 1541 1077 1598; x_wconf 93' lang='lat' dir='ltr'>et</span> <span class='ocrx_word' id='word_1_80' title='bbox 1103 1534 1163 1598; x_wconf 87' lang='lat' dir='ltr'>sub</span> <span class='ocrx_word' id='word_1_81' title='bbox 1192 1550 1294 1614; x_wconf 89' lang='lat' dir='ltr'>poena</span> 
     </span>
     <span class='ocr_line' id='line_1_12' title="bbox 210 1631 1295 1714; baseline -0.002 -17"><span class='ocrx_word' id='word_1_82' title='bbox 210 1649 422 1713; x_wconf 85' lang='lat' dir='ltr'>expensarum</span> <span class='ocrx_word' id='word_1_83' title='bbox 450 1631 599 1696; x_wconf 90' lang='lat' dir='ltr'>retardati</span> <span class='ocrx_word' id='word_1_84' title='bbox 628 1647 802 1713; x_wconf 86' lang='lat' dir='ltr'>processus</span> <span class='ocrx_word' id='word_1_85' title='bbox 828 1649 903 1714; x_wconf 83' lang='lat' dir='ltr'>erga</span> <span class='ocrx_word' id='word_1_86' title='bbox 932 1639 1072 1712; x_wconf 86' lang='lat' dir='ltr'>parten;</span> <span class='ocrx_word' id='word_1_87' title='bbox 1098 1632 1174 1713; x_wconf 83' lang='lat' dir='ltr'>quin</span> <span class='ocrx_word' id='word_1_88' title='bbox 1200 1631 1295 1697; x_wconf 89' lang='lat' dir='ltr'>ctiam</span> 
     </span>
     <span class='ocr_line' id='line_1_13' title="bbox 210 1731 962 1812; baseline -0.004 -15"><span class='ocrx_word' id='word_1_89' title='bbox 210 1731 317 1797; x_wconf 81' lang='lat' dir='ltr'>adsint</span> <span class='ocrx_word' id='word_1_90' title='bbox 332 1731 371 1795; x_wconf 92' lang='lat' dir='ltr'>ad</span> <span class='ocrx_word' id='word_1_91' title='bbox 388 1732 512 1806; x_wconf 86' lang='lat' dir='ltr'>noram,</span> <span class='ocrx_word' id='word_1_92' title='bbox 530 1731 589 1795; x_wconf 84' lang='lat' dir='ltr'>sub</span> <span class='ocrx_word' id='word_1_93' title='bbox 607 1747 708 1812; x_wconf 91' lang='lat' dir='ltr'>poena</span> <span class='ocrx_word' id='word_1_94' title='bbox 726 1731 819 1796; x_wconf 94' lang='lat' dir='ltr'>unius</span> <span class='ocrx_word' id='word_1_95' title='bbox 836 1731 962 1796; x_wconf 82' lang='lat' dir='ltr'>lloreni.</span> 
     </span>
    </p>

    <p class='ocr_par' dir='ltr' id='par_1_4' title="bbox 211 1829 1297 2010">
     <span class='ocr_line' id='line_1_14' title="bbox 254 1829 1297 1913; baseline 0.002 -20"><span class='ocrx_word' id='word_1_96' title='bbox 254 1829 357 1894; x_wconf 78' lang='lat' dir='ltr'>xlvi.</span> <span class='ocrx_word' id='word_1_97' title='bbox 382 1829 515 1894; x_wconf 85' lang='lat' dir='ltr'>Officiati</span> <span class='ocrx_word' id='word_1_98' title='bbox 531 1829 667 1895; x_wconf 82' lang='lat' dir='ltr'>habeant</span> <span class='ocrx_word' id='word_1_99' title='bbox 683 1847 719 1896; x_wconf 88' lang='lat' dir='ltr'>se</span> <span class='ocrx_word' id='word_1_100' title='bbox 735 1838 920 1896; x_wconf 88' lang='lat' dir='ltr'>reverenter</span> <span class='ocrx_word' id='word_1_101' title='bbox 935 1847 1008 1913; x_wconf 77' lang='lat' dir='ltr'>erga</span> <span class='ocrx_word' id='word_1_102' title='bbox 1024 1829 1164 1912; x_wconf 83' lang='lat' dir='ltr'>jndicem</span> <span class='ocrx_word' id='word_1_103' title='bbox 1180 1839 1212 1896; x_wconf 90' lang='lat' dir='ltr'>et</span> <span class='ocrx_word' id='word_1_104' title='bbox 1227 1829 1297 1911; x_wconf 86' lang='lat' dir='ltr'>ejus</span> 
     </span>
     <span class='ocr_line' id='line_1_15' title="bbox 211 1929 1139 2010; baseline -0.003 -15"><span class='ocrx_word' id='word_1_105' title='bbox 211 1929 429 2003; x_wconf 83' lang='lat' dir='ltr'>adsessorem,</span> <span class='ocrx_word' id='word_1_106' title='bbox 447 1937 479 1994; x_wconf 89' lang='lat' dir='ltr'>et</span> <span class='ocrx_word' id='word_1_107' title='bbox 495 1929 637 2005; x_wconf 90' lang='lat' dir='ltr'>curiam;</span> <span class='ocrx_word' id='word_1_108' title='bbox 655 1937 686 1994; x_wconf 89' lang='lat' dir='ltr'>et</span> <span class='ocrx_word' id='word_1_109' title='bbox 702 1929 732 1993; x_wconf 92' lang='lat' dir='ltr'>in</span> <span class='ocrx_word' id='word_1_110' title='bbox 747 1929 867 2010; x_wconf 77' lang='lat' dir='ltr'>iudicio</span> <span class='ocrx_word' id='word_1_111' title='bbox 885 1947 948 1993; x_wconf 94' lang='lat' dir='ltr'>non</span> <span class='ocrx_word' id='word_1_112' title='bbox 965 1929 1139 1995; x_wconf 85' lang='lat' dir='ltr'>annalem.</span> 
     </span>
    </p>

    <p class='ocr_par' dir='ltr' id='par_1_5' title="bbox 207 2027 1296 2308">
     <span class='ocr_line' id='line_1_16' title="bbox 249 2027 1296 2110; baseline 0 -18"><span class='ocrx_word' id='word_1_113' title='bbox 249 2029 373 2094; x_wconf 82' lang='lat' dir='ltr'>XLVll.</span> <span class='ocrx_word' id='word_1_114' title='bbox 399 2029 512 2094; x_wconf 87' lang='lat' dir='ltr'>Nullus</span> <span class='ocrx_word' id='word_1_115' title='bbox 536 2027 688 2109; x_wconf 89' lang='lat' dir='ltr'>postulet,</span> <span class='ocrx_word' id='word_1_116' title='bbox 707 2029 753 2094; x_wconf 88' lang='lat' dir='ltr'>vel</span> <span class='ocrx_word' id='word_1_117' title='bbox 784 2029 877 2094; x_wconf 83' lang='lat' dir='ltr'>iaciat</span> <span class='ocrx_word' id='word_1_118' title='bbox 899 2029 1039 2095; x_wconf 82' lang='lat' dir='ltr'>officium</span> <span class='ocrx_word' id='word_1_119' title='bbox 1064 2027 1296 2110; x_wconf 86' lang='lat' dir='ltr'>procuratoris,</span> 
     </span>
     <span class='ocr_line' id='line_1_17' title="bbox 207 2127 1296 2210; baseline -0.001 -17"><span class='ocrx_word' id='word_1_120' title='bbox 207 2128 256 2194; x_wconf 90' lang='lat' dir='ltr'>vel</span> <span class='ocrx_word' id='word_1_121' title='bbox 284 2128 379 2194; x_wconf 89' lang='lat' dir='ltr'>etiam</span> <span class='ocrx_word' id='word_1_122' title='bbox 405 2136 556 2209; x_wconf 90' lang='lat' dir='ltr'>tanquam</span> <span class='ocrx_word' id='word_1_123' title='bbox 583 2129 777 2210; x_wconf 87' lang='lat' dir='ltr'>substitutus</span> <span class='ocrx_word' id='word_1_124' title='bbox 803 2128 935 2192; x_wconf 87' lang='lat' dir='ltr'>alterius</span> <span class='ocrx_word' id='word_1_125' title='bbox 961 2127 1102 2204; x_wconf 82' lang='lat' dir='ltr'>officiati,</span> <span class='ocrx_word' id='word_1_126' title='bbox 1121 2127 1181 2193; x_wconf 91' lang='lat' dir='ltr'>nisi</span> <span class='ocrx_word' id='word_1_127' title='bbox 1208 2144 1296 2192; x_wconf 89' lang='lat' dir='ltr'>more</span> 
     </span>
     <span class='ocr_line' id='line_1_18' title="bbox 209 2227 1041 2308; baseline 0 -16"><span class='ocrx_word' id='word_1_128' title='bbox 209 2235 365 2292; x_wconf 85' lang='lat' dir='ltr'>consueto</span> <span class='ocrx_word' id='word_1_129' title='bbox 382 2233 413 2291; x_wconf 89' lang='lat' dir='ltr'>et</span> <span class='ocrx_word' id='word_1_130' title='bbox 425 2227 607 2308; x_wconf 87' lang='lat' dir='ltr'>juramento</span> <span class='ocrx_word' id='word_1_131' title='bbox 623 2227 661 2292; x_wconf 89' lang='lat' dir='ltr'>ad</span> <span class='ocrx_word' id='word_1_132' title='bbox 679 2229 740 2293; x_wconf 89' lang='lat' dir='ltr'>lroc</span> <span class='ocrx_word' id='word_1_133' title='bbox 756 2228 916 2292; x_wconf 88' lang='lat' dir='ltr'>admissus</span> <span class='ocrx_word' id='word_1_134' title='bbox 934 2227 1041 2292; x_wconf 88' lang='lat' dir='ltr'>luerit.</span> 
     </span>
    </p>

    <p class='ocr_par' dir='ltr' id='par_1_6' title="bbox 210 2325 1297 2803">
     <span class='ocr_line' id='line_1_19' title="bbox 250 2325 1289 2408; baseline 0 -18"><span class='ocrx_word' id='word_1_135' title='bbox 250 2325 385 2390; x_wconf 80' lang='lat' dir='ltr'>xtvttt.</span> <span class='ocrx_word' id='word_1_136' title='bbox 410 2326 467 2400; x_wconf 86' lang='lat' dir='ltr'>Qui</span> <span class='ocrx_word' id='word_1_137' title='bbox 480 2326 617 2408; x_wconf 90' lang='lat' dir='ltr'>appellat</span> <span class='ocrx_word' id='word_1_138' title='bbox 630 2345 646 2390; x_wconf 96' lang='lat' dir='ltr'>a</span> <span class='ocrx_word' id='word_1_139' title='bbox 659 2328 816 2392; x_wconf 86' lang='lat' dir='ltr'>sententia</span> <span class='ocrx_word' id='word_1_140' title='bbox 834 2328 923 2408; x_wconf 89' lang='lat' dir='ltr'>plura</span> <span class='ocrx_word' id='word_1_141' title='bbox 941 2327 1078 2408; x_wconf 89' lang='lat' dir='ltr'>capitula</span> <span class='ocrx_word' id='word_1_142' title='bbox 1094 2326 1289 2401; x_wconf 78' lang='lat' dir='ltr'>continente,</span> 
     </span>
     <span class='ocr_line' id='line_1_20' title="bbox 210 2424 1292 2506; baseline -0.002 -16"><span class='ocrx_word' id='word_1_143' title='bbox 210 2425 305 2490; x_wconf 89' lang='lat' dir='ltr'>debet</span> <span class='ocrx_word' id='word_1_144' title='bbox 334 2424 499 2490; x_wconf 90' lang='lat' dir='ltr'>declarare</span> <span class='ocrx_word' id='word_1_145' title='bbox 529 2433 633 2489; x_wconf 90' lang='lat' dir='ltr'>utrum</span> <span class='ocrx_word' id='word_1_146' title='bbox 663 2433 774 2491; x_wconf 89' lang='lat' dir='ltr'>contra</span> <span class='ocrx_word' id='word_1_147' title='bbox 804 2425 909 2490; x_wconf 89' lang='lat' dir='ltr'>omnia</span> <span class='ocrx_word' id='word_1_148' title='bbox 939 2425 1016 2490; x_wconf 91' lang='lat' dir='ltr'>velit</span> <span class='ocrx_word' id='word_1_149' title='bbox 1046 2425 1292 2506; x_wconf 86' lang='lat' dir='ltr'>appellationem</span> 
     </span>
     <span class='ocr_line' id='line_1_21' title="bbox 211 2523 1294 2604; baseline -0.005 -14"><span class='ocrx_word' id='word_1_150' title='bbox 211 2524 381 2600; x_wconf 89' lang='lat' dir='ltr'>sustinere,</span> <span class='ocrx_word' id='word_1_151' title='bbox 401 2531 434 2588; x_wconf 91' lang='lat' dir='ltr'>ut</span> <span class='ocrx_word' id='word_1_152' title='bbox 464 2523 577 2589; x_wconf 91' lang='lat' dir='ltr'>saltem</span> <span class='ocrx_word' id='word_1_153' title='bbox 608 2523 641 2587; x_wconf 79' lang='lat' dir='ltr'>in&#39;</span> <span class='ocrx_word' id='word_1_154' title='bbox 669 2525 806 2591; x_wconf 86' lang='lat' dir='ltr'>caeteris</span> <span class='ocrx_word' id='word_1_155' title='bbox 836 2525 994 2590; x_wconf 89' lang='lat' dir='ltr'>sententia</span> <span class='ocrx_word' id='word_1_156' title='bbox 1021 2524 1127 2604; x_wconf 85' lang='lat' dir='ltr'>possit</span> <span class='ocrx_word' id='word_1_157' title='bbox 1153 2523 1294 2588; x_wconf 90' lang='lat' dir='ltr'>mandari</span> 
     </span>
     <span class='ocr_line' id='line_1_22' title="bbox 210 2623 1297 2706; baseline -0.003 -17"><span class='ocrx_word' id='word_1_158' title='bbox 210 2623 403 2697; x_wconf 82' lang='lat' dir='ltr'>executioni,</span> <span class='ocrx_word' id='word_1_159' title='bbox 420 2624 479 2688; x_wconf 84' lang='lat' dir='ltr'>suh</span> <span class='ocrx_word' id='word_1_160' title='bbox 496 2639 598 2704; x_wconf 85' lang='lat' dir='ltr'>poena</span> <span class='ocrx_word' id='word_1_161' title='bbox 616 2624 751 2690; x_wconf 88' lang='lat' dir='ltr'>mulctae</span> <span class='ocrx_word' id='word_1_162' title='bbox 769 2634 887 2690; x_wconf 88' lang='lat' dir='ltr'>temere</span> <span class='ocrx_word' id='word_1_163' title='bbox 903 2623 1130 2706; x_wconf 84' lang='lat' dir='ltr'>appellantium</span> <span class='ocrx_word' id='word_1_164' title='bbox 1153 2623 1297 2704; x_wconf 88' lang='lat' dir='ltr'>appella-</span> 
     </span>
     <span class='ocr_line' id='line_1_23' title="bbox 211 2721 596 2803; baseline -0.003 -16"><span class='ocrx_word' id='word_1_165' title='bbox 211 2721 372 2802; x_wconf 87' lang='lat' dir='ltr'>tionisque</span> <span class='ocrx_word' id='word_1_166' title='bbox 388 2721 596 2803; x_wconf 85' lang='lat' dir='ltr'>rejiciendae.</span> 
     </span>
    </p>

    <p class='ocr_par' dir='ltr' id='par_1_7' title="bbox 145 2820 1302 3875">
     <span class='ocr_line' id='line_1_24' title="bbox 253 2820 1297 2904; baseline 0.003 -20"><span class='ocrx_word' id='word_1_167' title='bbox 253 2821 361 2903; x_wconf 80' lang='lat' dir='ltr'>llllll.</span> <span class='ocrx_word' id='word_1_168' title='bbox 386 2820 542 2895; x_wconf 82' lang='lat' dir='ltr'>Quoniam</span> <span class='ocrx_word' id='word_1_169' title='bbox 565 2822 638 2887; x_wconf 88' lang='lat' dir='ltr'>lites</span> <span class='ocrx_word' id='word_1_170' title='bbox 661 2838 757 2904; x_wconf 88' lang='lat' dir='ltr'>saepe</span> <span class='ocrx_word' id='word_1_171' title='bbox 779 2823 928 2888; x_wconf 90' lang='lat' dir='ltr'>oriuntur</span> <span class='ocrx_word' id='word_1_172' title='bbox 951 2839 1049 2904; x_wconf 88' lang='lat' dir='ltr'>super</span> <span class='ocrx_word' id='word_1_173' title='bbox 1075 2821 1241 2903; x_wconf 88' lang='lat' dir='ltr'>apostolis,</span> <span class='ocrx_word' id='word_1_174' title='bbox 1260 2838 1297 2887; x_wconf 88' lang='lat' dir='ltr'>ac</span> 
     </span>
     <span class='ocr_line' id='line_1_25' title="bbox 213 2918 1297 3002; baseline 0 -18"><span class='ocrx_word' id='word_1_175' title='bbox 213 2918 390 2985; x_wconf 78' lang='lat' dir='ltr'>refutatorii</span> <span class='ocrx_word' id='word_1_176' title='bbox 408 2920 545 2999; x_wconf 90' lang='lat' dir='ltr'>apostoli</span> <span class='ocrx_word' id='word_1_177' title='bbox 561 2935 578 2982; x_wconf 90' lang='lat' dir='ltr'>a</span> <span class='ocrx_word' id='word_1_178' title='bbox 594 2920 758 2986; x_wconf 85' lang='lat' dir='ltr'>diffinitiva</span> <span class='ocrx_word' id='word_1_179' title='bbox 777 2938 839 2986; x_wconf 93' lang='lat' dir='ltr'>nou</span> <span class='ocrx_word' id='word_1_180' title='bbox 857 2939 1004 3002; x_wconf 81' lang='lat' dir='ltr'>magnum</span> <span class='ocrx_word' id='word_1_181' title='bbox 1021 2922 1136 2986; x_wconf 87' lang='lat' dir='ltr'>lrabeat</span> <span class='ocrx_word' id='word_1_182' title='bbox 1152 2937 1297 2984; x_wconf 91' lang='lat' dir='ltr'>momen-</span> 
     </span>
     <span class='ocr_line' id='line_1_26' title="bbox 214 3015 1298 3102; baseline 0 -18"><span class='ocrx_word' id='word_1_183' title='bbox 214 3028 292 3093; x_wconf 93' lang='lat' dir='ltr'>tum,</span> <span class='ocrx_word' id='word_1_184' title='bbox 310 3034 382 3081; x_wconf 93' lang='lat' dir='ltr'>cum</span> <span class='ocrx_word' id='word_1_185' title='bbox 409 3019 542 3083; x_wconf 90' lang='lat' dir='ltr'>adeatur</span> <span class='ocrx_word' id='word_1_186' title='bbox 568 3019 775 3085; x_wconf 90' lang='lat' dir='ltr'>nilrilominus</span> <span class='ocrx_word' id='word_1_187' title='bbox 799 3020 893 3101; x_wconf 83' lang='lat' dir='ltr'>judex</span> <span class='ocrx_word' id='word_1_188' title='bbox 919 3021 1079 3102; x_wconf 88' lang='lat' dir='ltr'>superior,</span> <span class='ocrx_word' id='word_1_189' title='bbox 1097 3015 1156 3102; x_wconf 74' lang='lat' dir='ltr'>qui&#39;</span> <span class='ocrx_word' id='word_1_190' title='bbox 1176 3019 1298 3084; x_wconf 84' lang='lat' dir='ltr'>inhibet</span> 
     </span>
     <span class='ocr_line' id='line_1_27' title="bbox 216 3118 1297 3198; baseline -0.001 -16"><span class='ocrx_word' id='word_1_191' title='bbox 216 3125 409 3197; x_wconf 84' lang='lat' dir='ltr'>revocatque</span> <span class='ocrx_word' id='word_1_192' title='bbox 442 3125 604 3192; x_wconf 89' lang='lat' dir='ltr'>attentata,</span> <span class='ocrx_word' id='word_1_193' title='bbox 629 3118 726 3198; x_wconf 81' lang='lat' dir='ltr'>judex</span> <span class='ocrx_word' id='word_1_194' title='bbox 764 3119 885 3183; x_wconf 87' lang='lat' dir='ltr'>delerat</span> <span class='ocrx_word' id='word_1_195' title='bbox 921 3119 1006 3182; x_wconf 91' lang='lat' dir='ltr'>omni</span> <span class='ocrx_word' id='word_1_196' title='bbox 1045 3118 1249 3198; x_wconf 87' lang='lat' dir='ltr'>appellationi</span> <span class='ocrx_word' id='word_1_197' title='bbox 1280 3135 1297 3181; x_wconf 91' lang='lat' dir='ltr'>a</span> 
     </span>
     <span class='ocr_line' id='line_1_28' title="bbox 214 3215 1299 3297; baseline 0 -17"><span class='ocrx_word' id='word_1_198' title='bbox 214 3215 379 3281; x_wconf 85' lang='lat' dir='ltr'>diffinitiva</span> <span class='ocrx_word' id='word_1_199' title='bbox 395 3216 465 3292; x_wconf 83' lang='lat' dir='ltr'>lnisi</span> <span class='ocrx_word' id='word_1_200' title='bbox 483 3217 646 3297; x_wconf 90' lang='lat' dir='ltr'>appellans</span> <span class='ocrx_word' id='word_1_201' title='bbox 664 3217 756 3280; x_wconf 87' lang='lat' dir='ltr'>luerit</span> <span class='ocrx_word' id='word_1_202' title='bbox 774 3218 940 3280; x_wconf 77' lang='lat' dir='ltr'>manifeste</span> <span class='ocrx_word' id='word_1_203' title='bbox 955 3228 1139 3294; x_wconf 81' lang='lat' dir='ltr'>contumax,</span> <span class='ocrx_word' id='word_1_204' title='bbox 1157 3229 1211 3280; x_wconf 90' lang='lat' dir='ltr'>aut</span> <span class='ocrx_word' id='word_1_205' title='bbox 1226 3217 1299 3280; x_wconf 91' lang='lat' dir='ltr'>talis</span> 
     </span>
     <span class='ocr_line' id='line_1_29' title="bbox 214 3314 1299 3396; baseline -0.001 -16"><span class='ocrx_word' id='word_1_206' title='bbox 214 3317 256 3380; x_wconf 87' lang='lat' dir='ltr'>sit</span> <span class='ocrx_word' id='word_1_207' title='bbox 271 3331 367 3380; x_wconf 89' lang='lat' dir='ltr'>casus</span> <span class='ocrx_word' id='word_1_208' title='bbox 383 3314 414 3377; x_wconf 85' lang='lat' dir='ltr'>in</span> <span class='ocrx_word' id='word_1_209' title='bbox 431 3330 495 3395; x_wconf 85' lang='lat' dir='ltr'>quo</span> <span class='ocrx_word' id='word_1_210' title='bbox 512 3330 574 3377; x_wconf 93' lang='lat' dir='ltr'>non</span> <span class='ocrx_word' id='word_1_211' title='bbox 590 3315 674 3378; x_wconf 87' lang='lat' dir='ltr'>cadit</span> <span class='ocrx_word' id='word_1_212' title='bbox 689 3315 729 3380; x_wconf 91' lang='lat' dir='ltr'>de</span> <span class='ocrx_word' id='word_1_213' title='bbox 747 3315 818 3396; x_wconf 84' lang='lat' dir='ltr'>jure</span> <span class='ocrx_word' id='word_1_214' title='bbox 833 3315 1026 3395; x_wconf 85' lang='lat' dir='ltr'>appellatio),</span> <span class='ocrx_word' id='word_1_215' title='bbox 1044 3323 1075 3379; x_wconf 89' lang='lat' dir='ltr'>et</span> <span class='ocrx_word' id='word_1_216' title='bbox 1092 3315 1186 3379; x_wconf 92' lang='lat' dir='ltr'>simul</span> <span class='ocrx_word' id='word_1_217' title='bbox 1203 3323 1299 3394; x_wconf 83' lang='lat' dir='ltr'>atque</span> 
     </span>
     <span class='ocr_line' id='line_1_30' title="bbox 215 3412 1300 3496; baseline 0 -18"><span class='ocrx_word' id='word_1_218' title='bbox 215 3413 406 3496; x_wconf 91' lang='lat' dir='ltr'>appellatum</span> <span class='ocrx_word' id='word_1_219' title='bbox 438 3421 498 3487; x_wconf 89' lang='lat' dir='ltr'>cst,</span> <span class='ocrx_word' id='word_1_220' title='bbox 525 3412 717 3494; x_wconf 79' lang='lat' dir='ltr'>praefigatur</span> <span class='ocrx_word' id='word_1_221' title='bbox 747 3413 904 3477; x_wconf 90' lang='lat' dir='ltr'>terminus</span> <span class='ocrx_word' id='word_1_222' title='bbox 933 3413 1104 3494; x_wconf 90' lang='lat' dir='ltr'>appellanti</span> <span class='ocrx_word' id='word_1_223' title='bbox 1131 3414 1169 3477; x_wconf 91' lang='lat' dir='ltr'>ad</span> <span class='ocrx_word' id='word_1_224' title='bbox 1201 3414 1300 3478; x_wconf 91' lang='lat' dir='ltr'>intro-</span> 
     </span>
     <span class='ocr_line' id='line_1_31' title="bbox 216 3511 1301 3592; baseline -0.002 -14"><span class='ocrx_word' id='word_1_225' title='bbox 216 3512 394 3578; x_wconf 89' lang='lat' dir='ltr'>ducendam</span> <span class='ocrx_word' id='word_1_226' title='bbox 421 3511 668 3592; x_wconf 88' lang='lat' dir='ltr'>appellationem</span> <span class='ocrx_word' id='word_1_227' title='bbox 694 3529 801 3577; x_wconf 90' lang='lat' dir='ltr'>coram</span> <span class='ocrx_word' id='word_1_228' title='bbox 829 3511 997 3592; x_wconf 89' lang='lat' dir='ltr'>superiore</span> <span class='ocrx_word' id='word_1_229' title='bbox 1019 3511 1145 3592; x_wconf 65' lang='lat' dir='ltr'>judium</span> <span class='ocrx_word' id='word_1_230' title='bbox 1176 3511 1301 3576; x_wconf 89' lang='lat' dir='ltr'>scilicet</span> 
     </span>
     <span class='ocr_line' id='line_1_32' title="bbox 218 3611 1299 3692; baseline -0.004 -16"><span class='ocrx_word' id='word_1_231' title='bbox 218 3621 252 3676; x_wconf 95' lang='lat' dir='ltr'>ut</span> <span class='ocrx_word' id='word_1_232' title='bbox 267 3627 331 3676; x_wconf 90' lang='lat' dir='ltr'>non</span> <span class='ocrx_word' id='word_1_233' title='bbox 349 3618 469 3676; x_wconf 91' lang='lat' dir='ltr'>tantum</span> <span class='ocrx_word' id='word_1_234' title='bbox 486 3611 613 3675; x_wconf 88' lang='lat' dir='ltr'>interim</span> <span class='ocrx_word' id='word_1_235' title='bbox 637 3612 828 3692; x_wconf 88' lang='lat' dir='ltr'>rescriptum</span> <span class='ocrx_word' id='word_1_236' title='bbox 852 3611 1051 3690; x_wconf 89' lang='lat' dir='ltr'>impetretur,</span> <span class='ocrx_word' id='word_1_237' title='bbox 1070 3627 1179 3674; x_wconf 90' lang='lat' dir='ltr'>verum</span> <span class='ocrx_word' id='word_1_238' title='bbox 1204 3611 1299 3674; x_wconf 90' lang='lat' dir='ltr'>etiam</span> 
     </span>
     <span class='ocr_line' id='line_1_33' title="bbox 145 3697 1302 3791; baseline -0.005 -15"><span class='ocrx_word' id='word_1_239' title='bbox 145 3771 147 3776; x_wconf 82' lang='grc'><strong>,</strong></span> <span class='ocrx_word' id='word_1_240' title='bbox 216 3721 248 3776; x_wconf 85' lang='lat' dir='ltr'>ct</span> <span class='ocrx_word' id='word_1_241' title='bbox 279 3699 353 3791; x_wconf 90' lang='lat' dir='ltr'>pars</span> <span class='ocrx_word' id='word_1_242' title='bbox 382 3709 424 3774; x_wconf 89' lang='lat' dir='ltr'>sit</span> <span class='ocrx_word' id='word_1_243' title='bbox 454 3710 558 3785; x_wconf 89' lang='lat' dir='ltr'>citata,</span> <span class='ocrx_word' id='word_1_244' title='bbox 577 3722 608 3774; x_wconf 91' lang='lat' dir='ltr'>et</span> <span class='ocrx_word' id='word_1_245' title='bbox 636 3711 801 3791; x_wconf 90' lang='lat' dir='ltr'>appellans</span> <span class='ocrx_word' id='word_1_246' title='bbox 831 3697 957 3775; x_wconf 89' lang='lat' dir='ltr'>iuterim</span> <span class='ocrx_word' id='word_1_247' title='bbox 985 3709 1028 3772; x_wconf 90' lang='lat' dir='ltr'>ibi</span> <span class='ocrx_word' id='word_1_248' title='bbox 1058 3717 1253 3791; x_wconf 89' lang='lat' dir='ltr'>compareat,</span> <span class='ocrx_word' id='word_1_249' title='bbox 1271 3715 1302 3772; x_wconf 91' lang='lat' dir='ltr'>et</span> 
     </span>
     <span class='ocr_line' id='line_1_34' title="bbox 215 3809 634 3875; baseline 0.002 -4"><span class='ocrx_word' id='word_1_250' title='bbox 215 3809 336 3873; x_wconf 86' lang='lat' dir='ltr'>interea</span> <span class='ocrx_word' id='word_1_251' title='bbox 353 3819 459 3874; x_wconf 88' lang='lat' dir='ltr'>cesset</span> <span class='ocrx_word' id='word_1_252' title='bbox 475 3809 634 3875; x_wconf 87' lang='lat' dir='ltr'>executio.</span> 
     </span>
    </p>

    <p class='ocr_par' dir='ltr' id='par_1_8' title="bbox 217 3907 1304 4088">
     <span class='ocr_line' id='line_1_35' title="bbox 260 3907 1304 3983; baseline 0 -13"><span class='ocrx_word' id='word_1_253' title='bbox 260 3907 293 3970; x_wconf 85' lang='lat' dir='ltr'>t.</span> <span class='ocrx_word' id='word_1_254' title='bbox 317 3908 350 3971; x_wconf 94' lang='lat' dir='ltr'>ln</span> <span class='ocrx_word' id='word_1_255' title='bbox 374 3908 639 3983; x_wconf 88' lang='lat' dir='ltr'>interlocutoriis,</span> <span class='ocrx_word' id='word_1_256' title='bbox 657 3907 684 3972; x_wconf 93' lang='lat' dir='ltr'>si</span> <span class='ocrx_word' id='word_1_257' title='bbox 709 3909 845 3974; x_wconf 89' lang='lat' dir='ltr'>lrabeaut</span> <span class='ocrx_word' id='word_1_258' title='bbox 861 3908 922 3972; x_wconf 90' lang='lat' dir='ltr'>vim</span> <span class='ocrx_word' id='word_1_259' title='bbox 940 3909 1137 3980; x_wconf 87' lang='lat' dir='ltr'>dilliuitlvae,</span> <span class='ocrx_word' id='word_1_260' title='bbox 1156 3907 1304 3972; x_wconf 86' lang='lat' dir='ltr'>similiter</span> 
     </span>
     <span class='ocr_line' id='line_1_36' title="bbox 217 4005 1301 4088; baseline -0.001 -18"><span class='ocrx_word' id='word_1_261' title='bbox 217 4007 398 4081; x_wconf 88' lang='lat' dir='ltr'>deleratur;</span> <span class='ocrx_word' id='word_1_262' title='bbox 416 4007 447 4069; x_wconf 93' lang='lat' dir='ltr'>in</span> <span class='ocrx_word' id='word_1_263' title='bbox 470 4007 541 4071; x_wconf 90' lang='lat' dir='ltr'>aliis</span> <span class='ocrx_word' id='word_1_264' title='bbox 565 4007 742 4088; x_wconf 72' lang='lat' dir='ltr'>nominata</span> <span class='ocrx_word' id='word_1_265' title='bbox 765 4008 929 4074; x_wconf 88' lang='lat' dir='ltr'>decretum</span> <span class='ocrx_word' id='word_1_266' title='bbox 953 4008 1086 4074; x_wconf 89' lang='lat' dir='ltr'>Concilii</span> <span class='ocrx_word' id='word_1_267' title='bbox 1110 4005 1301 4072; x_wconf 85' lang='lat' dir='ltr'>Tridentini.</span> 
     </span>
    </p>

    <p class='ocr_par' dir='ltr' id='par_1_9' title="bbox 220 4104 1302 4288">
     <span class='ocr_line' id='line_1_37' title="bbox 262 4104 1302 4187; baseline 0.002 -21"><span class='ocrx_word' id='word_1_268' title='bbox 262 4104 312 4168; x_wconf 82' lang='lat' dir='ltr'>tl.</span> <span class='ocrx_word' id='word_1_269' title='bbox 336 4104 394 4180; x_wconf 89' lang='lat' dir='ltr'>Qui</span> <span class='ocrx_word' id='word_1_270' title='bbox 415 4105 576 4186; x_wconf 86' lang='lat' dir='ltr'>jndicatus</span> <span class='ocrx_word' id='word_1_271' title='bbox 599 4105 694 4171; x_wconf 86' lang='lat' dir='ltr'>luerit</span> <span class='ocrx_word' id='word_1_272' title='bbox 716 4107 797 4171; x_wconf 92' lang='lat' dir='ltr'>male</span> <span class='ocrx_word' id='word_1_273' title='bbox 819 4107 1011 4187; x_wconf 88' lang='lat' dir='ltr'>appellasse,</span> <span class='ocrx_word' id='word_1_274' title='bbox 1029 4108 1097 4172; x_wconf 85' lang='lat' dir='ltr'>sire</span> <span class='ocrx_word' id='word_1_275' title='bbox 1114 4107 1151 4170; x_wconf 88' lang='lat' dir='ltr'>ab</span> <span class='ocrx_word' id='word_1_276' title='bbox 1169 4106 1302 4170; x_wconf 88' lang='lat' dir='ltr'>interlo-</span> 
     </span>
     <span class='ocr_line' id='line_1_38' title="bbox 220 4203 1299 4288; baseline -0.001 -20"><span class='ocrx_word' id='word_1_277' title='bbox 220 4203 343 4270; x_wconf 90' lang='lat' dir='ltr'>cutoria</span> <span class='ocrx_word' id='word_1_278' title='bbox 359 4205 422 4267; x_wconf 90' lang='lat' dir='ltr'>vim</span> <span class='ocrx_word' id='word_1_279' title='bbox 439 4203 623 4270; x_wconf 86' lang='lat' dir='ltr'>diffinitivae</span> <span class='ocrx_word' id='word_1_280' title='bbox 638 4205 788 4282; x_wconf 85' lang='lat' dir='ltr'>habente,</span> <span class='ocrx_word' id='word_1_281' title='bbox 805 4205 874 4271; x_wconf 88' lang='lat' dir='ltr'>aive</span> <span class='ocrx_word' id='word_1_282' title='bbox 888 4205 1066 4284; x_wconf 85' lang='lat' dir='ltr'>diffinitiva,</span> <span class='ocrx_word' id='word_1_283' title='bbox 1085 4207 1148 4270; x_wconf 90' lang='lat' dir='ltr'>tuat</span> <span class='ocrx_word' id='word_1_284' title='bbox 1165 4221 1299 4288; x_wconf 85' lang='lat' dir='ltr'>poenam</span> 
     </span>
    </p>
   </div>
   <div class='ocr_carea' id='block_1_3' title="bbox 0 0 1649 4946">
    <p class='ocr_par' dir='ltr' id='par_1_10' title="bbox 0 0 1649 4946">
     <span class='ocr_line' id='line_1_39' title="bbox 0 0 1649 4946; baseline 0 0"><span class='ocrx_word' id='word_1_285' title='bbox 0 0 1649 4946; x_wconf 95' lang='lat' dir='ltr'> </span> 
     </span>
    </p>
   </div>
  </div>
 </body>
</html>
