3100 4942
272 621 419 681 nostrum
435 611 625 680 modernum
647 613 813 684 deminum
829 613 998 682 iiartinum
1021 613 1130 680 diuina
1154 612 1357 696 prouidentia

273 727 387 793 papam
402 710 560 793 quintum,
577 711 698 780 instare
713 713 851 792 cureuil,
868 721 901 780 ut
915 713 987 779 eius
1012 721 1161 795 requesta
1184 711 1356 788 mediante,

272 809 356 876 idem
378 809 603 875 sanctissimus
618 811 769 876 dominus
792 819 914 887 noster,
932 828 971 877 ex
993 811 1162 878 clementia
1183 819 1216 877 et
1239 811 1357 876 libara-

273 907 362 973 litate
376 907 438 973 sibi
456 907 584 984 innatis,
603 908 634 972 in
649 909 736 975 dicto
751 910 850 991 opido
867 919 979 975 nostro
995 909 1197 986 Louauiensi,
1215 909 1357 974 studium

272 1007 423 1088 generale
451 1015 484 1072 et
511 1007 753 1074 vrtiuersitatem
782 1008 908 1090 erigere
936 1007 1039 1072 uoluit
1068 1017 1100 1074 et
1133 1008 1295 1090 plantare,
1326 1007 1357 1070 in

271 1104 413 1186 singulis
439 1105 536 1170 licitis
566 1113 767 1187 preterquam
795 1105 827 1170 iu
858 1106 1028 1188 theologie
1049 1102 1255 1171 facultatibus
1285 1119 1357 1186 pre·

273 1202 396 1268 dictum
421 1203 563 1269 studium
590 1204 787 1270 multimodis
811 1215 843 1272 et
868 1205 968 1286 varijs
994 1203 1172 1287 priuilepijs
1201 1205 1359 1269 decoran-

274 1301 366 1366 dum.
389 1301 516 1383 Etbijs
539 1311 797 1368 noncontantus
819 1304 962 1386 prelatus
984 1313 1097 1369 coner
1115 1304 1214 1368 irater
1236 1311 1358 1382 partem

272 1398 509 1482 iurisdictionis
543 1416 601 1466 seu
636 1401 760 1483 imperis⁸
798 1403 828 1465 in
858 1403 930 1468 suis
956 1411 1033 1467 tuuc
1067 1401 1243 1466 ditionibus
1276 1415 1361 1465 nuuc

276 1498 399 1562 nostris
423 1497 461 1562 ad
492 1514 566 1563 enm
594 1507 804 1580 spectantem,
834 1499 963 1566 ilectori
985 1507 1017 1564 et
1045 1499 1131 1564 dicte
1156 1498 1222 1563 illie
1250 1505 1360 1563 nostre

275 1595 476 1661 uniuersitati
512 1597 675 1678 applicare
708 1598 809 1663 voluit
842 1609 875 1662 et
909 1598 1082 1679 applicauit
1116 1612 1190 1662 eum
1225 1593 1359 1669 ellectu,

276 1705 372 1776 prout
400 1696 459 1761 bec
483 1704 516 1761 ot
544 1695 694 1762 allatam
722 1696 753 1760 in
783 1697 971 1778 apostolicis
999 1696 1133 1778 predicti
1163 1694 1358 1760 sanctissimi

275 1792 398 1860 domini
412 1794 514 1860 nostri
526 1811 621 1877 quam
633 1795 753 1860 domini
766 1805 798 1861 et
810 1795 918 1860 iratris
931 1795 1032 1860 nostri
1046 1793 1219 1874 supratacti
1231 1793 1359 1868 titteris,

276 1891 346 1956 visa
368 1901 444 1956 aunt
466 1892 560 1956 latius
581 1893 753 1967 contineri,
769 1903 802 1958 et
825 1893 909 1974 quod
934 1893 1036 1957 maius
1058 1904 1139 1966 erat,
1156 1891 1361 1973 supradictus

276 1989 377 2056 irater
402 1999 525 2066 noster,
542 2001 636 2072 prout
661 2002 693 2056 et
719 1993 841 2073 pluries
862 1993 996 2065 dixerat,
1014 1991 1123 2058 babuit
1146 1993 1179 2056 in
1201 1998 1359 2070 concepta

272 2087 394 2154 dictam
425 2088 520 2154 filiam
558 2099 699 2156 nostram
728 2091 968 2156 uniuersitatem
1006 2089 1111 2156 taliter
1139 2089 1360 2166 consolidare,
1390 2091 1394 2096 “

276 2188 518 2270 nundinantes
545 2189 681 2256 dissolui
709 2190 919 2256 convaleret
947 2198 1002 2254 aut
1027 2187 1181 2269 dispergi,
1209 2187 1362 2268 quiuymo

280 2286 382 2368 magis
404 2288 572 2370 magisque
592 2305 743 2357 crescere
760 2289 892 2355 deberet
914 2287 1224 2369 coagmentorum
1247 2286 1308 2355 bac.
1322 2285 1363 2352 dc

276 2400 376 2451 causa
393 2396 617 2466 proposuerat,
632 2387 673 2450 vti
690 2387 820 2452 lecisset
841 2397 874 2450 ut
888 2396 1048 2468 speratur,
1066 2386 1127 2450 nisi
1144 2395 1247 2450 morte
1263 2385 1362 2465 procb

278 2483 393 2548 luisset
421 2483 674 2562 circumuentus,
704 2495 826 2550 certum
858 2501 1025 2549 numerum
1054 2485 1303 2549 canonicatuum
1331 2475 1363 2547 'et

276 2581 515 2660 prebendarum
550 2582 686 2648 ducatus
722 2577 824 2648 nostri
860 2583 1049 2658 brabantie,
1080 2583 1118 2648 ad
1148 2581 1253 2662 ipsius
1287 2589 1363 2646 tunc

281 2693 366 2743 nuuc
402 2689 545 2744 nostram
581 2681 787 2746 collationem
823 2697 881 2746 seu
921 2681 1192 2762 presentationem
1229 2679 1364 2744 aliamue

276 2775 526 2859 dispositionem
562 2779 788 2860 spectantium,
820 2780 925 2844 taliter
954 2779 1039 2844 dicte
1068 2778 1269 2844 uniuersitati
1300 2777 1363 2842 illie

279 2885 391 2942 nostre
420 2877 599 2959 applicare,
631 2879 716 2959 quod
750 2877 826 2942 dum
856 2877 961 2942 dictos
989 2878 1199 2943 canonicatus
1227 2885 1259 2942 et
1289 2888 1362 2957 pre·

277 2975 403 3041 bendas
436 2991 552 3042 uacare
585 2993 643 3056 per
672 2987 807 3042 mortem
837 2976 1005 3057 potissime
1040 2976 1254 3056 contingeret,
1287 2973 1363 3038 nulli

277 3081 483 3156 preterquam
510 3075 632 3141 doctori
663 3086 718 3140 aut
749 3076 901 3158 magistro
927 3075 981 3157 qui
1009 3075 1040 3138 in
1066 3074 1166 3139 altera
1192 3085 1363 3146 canonum,

279 3173 399 3256 legum,
417 3174 574 3241 medicina
600 3184 631 3240 et
646 3177 761 3240 artium
784 3175 967 3240 facultatum
984 3189 1097 3254 regere
1118 3181 1150 3236 et
1165 3173 1273 3254 lepore
1288 3186 1365 3236 con·

279 3271 370 3338 tinne
393 3271 472 3336 inibi
499 3272 630 3338 deberet
656 3289 713 3354 per
737 3273 884 3338 eumdem
908 3273 1037 3337 tratrem
1065 3277 1271 3337 nostramet
1296 3269 1365 3334 eius

277 3367 1366 3448 successoresinantoaeonlerrivaleretetdeboret,utsubspesio

277 3467 410 3550 aliquod
423 3468 543 3538 bouum
559 3468 749 3534 beneficium
765 3467 997 3550 consequendi,
1010 3467 1144 3548 quilibet
1159 3466 1284 3539 doctor,
1303 3479 1365 3528 ma·

276 3567 383 3649 ‘gister
393 3576 426 3633 et
437 3568 572 3632 studens
584 3567 728 3643 liberius,
743 3567 917 3633 auidiuset
927 3568 1090 3642 libentius,
1104 3569 1142 3630 ad
1156 3564 1367 3630 laborandum

278 3666 316 3728 in
331 3665 424 3730 vinea
446 3665 580 3741 domini,
603 3675 635 3732 et
651 3667 821 3748 legendum
844 3666 1097 3731 att—studendum
1114 3665 1316 3729 incessanter
1337 3672 1369 3730 ot

278 3763 388 3845 'magis
414 3763 645 3844 proficiendum
673 3782 710 3830 se
734 3764 910 3846 applicaret
939 3773 971 3829 et
999 3772 1134 3845 aptaret.
1160 3759 1372 3844 'timeantque

281 3861 501 3927 uerisimiliter
520 3861 636 3928 licetur
655 3873 687 3928 et
702 3863 907 3937 uniuersitas,
925 3879 1051 3932 necnon
1068 3860 1211 3944 magistri
1229 3861 1370 3942 Burgen-

280 3959 382 4036 sium,
409 3959 537 4025 scabini
567 3971 599 4026 et
626 3961 783 4026 consules
812 3961 1001 4042 supradicti,
1028 3961 1114 4044 quod
1141 3959 1212 4025 nisi·
1232 3957 1370 4030 allectus

281 4059 441 4141 sepedicti
457 4059 577 4125 domini
593 4069 631 4125 et
647 4059 753 4124 fratris
776 4060 879 4127 nostri
894 4060 935 4128 ad
955 4061 1104 4126 abactam
1128 4057 1316 4130 deducatur,
1332 4071 1371 4120 ac

282 4174 344 4239 per
367 4175 427 4224 nos
442 4160 583 4244 depppor
604 4159 780 4247 liberaliter
804 4171 836 4228 et
858 4161 1006 4241 nmoinse
1030 4157 1248 4238 prouidentur,
1265 4165 1370 4220 truutu
