3222 4944
740 427 924 506 -tott-

337 623 370 688 ln
396 624 543 689 facultate
568 623 712 705 [artium]
737 623 885 689 volumus
908 631 939 688 et
962 622 1166 687 decernimus
1188 619 1323 686 etlticam
1345 627 1377 686 el

294 723 484 790 rhetoricam
507 723 568 805 legi
593 723 707 788 diebus
731 723 761 787 in
786 723 853 804 ipsa
879 723 1027 787 facultate
1050 739 1111 785 non
1130 720 1323 802 legibilibus,
1343 720 1376 784 in

294 824 380 888 scola
406 822 547 904 generali
573 823 702 898 artium,
732 831 765 887 nt
790 831 967 887 ceterarum
996 821 1179 885 facultatum
1208 819 1376 900 supposita

296 921 431 1003 possint,
450 921 477 986 si
492 922 663 1000 voluerint,
681 921 718 985 ad
738 921 809 986 illas
824 921 1008 986 convenire.

336 1054 505 1118 Hortamur
526 1063 631 1120 autem
654 1069 768 1119 omnes
791 1054 941 1119 doctores
956 1062 988 1118 et
1005 1053 1174 1134 magistrtus
1191 1051 1221 1114 in
1238 1049 1375 1131 singolis

294 1149 1376 1233 facultatibuspredictis,etprescrtiminfacultatibusjurisonodita

292 1251 399 1334 legere
421 1260 546 1327 curent,
570 1251 654 1332 qood
679 1269 738 1316 nec
762 1251 858 1317 ninus
881 1251 1035 1316 brevitate
1055 1251 1199 1315 scolares
1214 1249 1329 1314 dubios
1344 1257 1377 1313 et

294 1367 356 1416 non
374 1349 592 1430 intelligibiles
608 1349 802 1430 relinquant,
821 1367 924 1430 neque
941 1349 1120 1428 prolixitate
1138 1349 1233 1412 nimia
1250 1357 1376 1428 tempus

293 1448 323 1512 in
340 1449 510 1514 verborum
529 1466 642 1530 pompa
659 1451 707 1514 vel
724 1449 898 1530 superfluis
910 1447 1153 1514 recitationibus
1166 1455 1374 1521 consumant;

292 1547 348 1612 sed
380 1548 498 1612 bonum
527 1555 559 1611 et
589 1547 818 1612 condecentem
851 1563 1040 1627 processum
1079 1546 1207 1620 faciant;
1246 1561 1306 1611 nec
1342 1545 1375 1608 in

292 1645 559 1727 occupationibus
590 1645 773 1711 forensibus
800 1647 849 1711 vel
879 1646 1121 1711 accessionibus
1148 1645 1292 1726 iudicum
1321 1652 1377 1708 aut

293 1744 475 1809 visitatione
501 1761 711 1824 processuum
738 1761 775 1808 se
800 1744 842 1807 ita
869 1744 1033 1824 implicent
1059 1744 1143 1824 cuod
1171 1760 1187 1806 a
1214 1742 1321 1808 studio
1343 1751 1376 1808 et

294 1845 521 1924 prosecutione
543 1859 673 1908 suarum
697 1843 870 1907 lectionum
891 1842 1132 1924 quomodolibet
1148 1842 1374 1923 impediantur.

294 1941 330 2005 ln
367 1942 483 2023 quibus
520 1942 669 2006 volumus
706 1952 936 2022 promotorem,
976 1941 1133 2006 notarium
1167 1951 1198 2006 et
1230 1940 1377 2006 bedellos

292 2040 457 2105 attendere
494 2057 552 2120 pro
590 2040 744 2104 relatione
780 2041 973 2115 defectuum,
1006 2039 1090 2104 sicut
1119 2039 1201 2103 infra
1240 2039 1377 2112 dicetur,

294 2137 449 2203 facienda.

333 2268 458 2334 Etcum
476 2285 607 2350 parvum
624 2269 666 2334 sit
682 2269 764 2336 edita
780 2271 932 2344 condere,
951 2269 1012 2334 nisi
1029 2270 1093 2334 sint
1116 2270 1169 2351 oui
1194 2285 1229 2334 ea
1253 2269 1381 2353 [obser-

291 2367 379 2450 vare]
396 2377 576 2444 teneantur,
595 2368 810 2450 praecipimus
827 2377 858 2433 et
870 2368 1020 2449 iubemus
1037 2369 1187 2434 omnibus
1200 2367 1381 2449 etsingulis

290 2466 431 2547 predicte
447 2467 673 2532 Universitatis
686 2467 875 2549 suppositis,
890 2477 1050 2550 quatenus
1064 2468 1239 2549 promissas
1252 2475 1381 2531 nostras

290 2565 545 2630 constitucioucs
581 2573 612 2631 et
645 2567 874 2632 ordinaciones
914 2567 1084 2648 diligenter
1124 2567 1309 2633 custodiant
1349 2573 1382 2628 et

294 2663 479 2729 observent,
517 2664 553 2728 Et
590 2665 758 2746 presertim
797 2666 985 2746 promoturi,
1019 2666 1143 2730 frotario
1172 2677 1203 2730 et
1231 2663 1380 2736 bedellis,

295 2771 454 2844 quatenus
487 2763 550 2827 siut
580 2764 710 2828 solliciti
739 2765 780 2829 de
810 2764 959 2830 omnibus
990 2763 1180 2840 defectibus,
1211 2765 1266 2845 qui
1294 2763 1381 2828 circa

303 2861 461 2943 premissa
483 2870 544 2926 tam
569 2879 626 2942 per
648 2863 791 2944 legentes
813 2879 907 2944 quam
931 2881 987 2944 pcr
1009 2863 1153 2928 scolares
1173 2863 1261 2938 fient,
1279 2861 1383 2942 inqui·

303 2961 416 3026 rendo.
441 2961 485 3025 lle
507 2961 623 3043 quibus
646 2962 832 3027 relationem
858 2963 973 3027 facient
997 2961 1124 3028 Rectori
1142 2960 1382 3035 Universitatis;

300 3060 353 3141 qui
377 3077 435 3126 eos
458 3061 596 3140 corrigat
620 3071 650 3126 et
673 3061 834 3126 emendari
857 3061 948 3126 faciat
965 3061 1146 3143 diligenter.
1172 3060 1209 3123 llt
1226 3059 1304 3125 ultra
1321 3059 1385 3123 boo

300 3159 487 3224 mandamus
511 3158 760 3241 burgimagistro
782 3171 813 3225 ct
836 3160 1026 3225 consulibus
1050 3161 1125 3224 dicti
1153 3159 1241 3240 opidi
1268 3158 1382 3234 nostri,

299 3268 458 3340 quatenus
480 3259 699 3340 exploratores
721 3259 1067 3341 discretos‘deputeot,
1085 3260 1137 3340 qui
1161 3259 1330 3340 diligenter
1352 3265 1384 3322 et

299 3357 437 3422 sollicite
450 3357 647 3438 prospiciunt
659 3358 743 3422 circa
757 3358 971 3438 predictarum
985 3368 1166 3423 nostrarum
1177 3355 1385 3422 constitucio-

301 3471 377 3520 num
392 3455 643 3531 observantiam3
668 3467 698 3522 et
720 3457 803 3538 quod
828 3457 1042 3524 coercitiones
1060 3459 1136 3522 liant
1151 3458 1190 3522 de
1205 3456 1384 3522 defectibus

301 3554 484 3618 commissis
508 3573 564 3635 per
585 3573 642 3621 eos
658 3556 775 3632 ouibus
792 3557 991 3630 incumbunt,
1010 3573 1073 3621 non
1095 3564 1199 3621 tamen
1216 3556 1253 3620 ad
1271 3555 1333 3619 boc
1350 3563 1385 3618 ot

300 3651 403 3731 aliona
424 3652 605 3733 iurisdictio
628 3663 796 3736 propterea
820 3655 941 3720 eisdem
958 3655 989 3718 in
1014 3655 1172 3736 predictas
1189 3653 1386 3718 llnivcrsita·

300 3757 361 3814 tem
378 3757 410 3814 et
425 3749 590 3818 facultates
605 3755 802 3826 conferatur,
815 3755 871 3818 sed
885 3754 922 3817 ad
941 3754 1146 3828 relacionem,
1159 3762 1191 3818 nt
1207 3753 1385 3833 predictum

298 3855 348 3912 est
370 3856 401 3912 et
423 3850 504 3912 infra
528 3850 662 3925 dicetur,
687 3853 880 3928 faciendam;
905 3853 943 3915 ad
968 3869 1031 3932 que
1051 3853 1150 3916 eciam
1175 3851 1253 3916 alias
1279 3861 1387 3916 certas

300 3947 442 4025 predicte
458 3949 682 4014 Universitatis
700 3969 855 4032 personas
871 3951 1107 4032 deputabimus.

342 4077 379 4142 Et
394 4079 621 4145 nichilominus
637 4081 772 4162 singulis
787 4082 880 4147 annis
897 4083 970 4146 bina
985 4083 1052 4148 vice
1070 4083 1323 4147 transmittemns
1344 4083 1384 4147 ad

301 4175 476 4256 predictam
488 4177 732 4244 Universitatem
750 4197 846 4244 unum
863 4181 911 4245 vel
927 4182 1089 4261 plures-de
1100 4181 1243 4248 Consilio
1257 4191 1384 4256 nostro,
