3100 4942
719 467 903 536 —tto-

269 662 404 728 prorsus
419 645 503 712 vicio
525 654 556 713 et
578 645 765 728 suspicione
786 656 935 714 carentes
958 645 1050 714 uobis
1072 664 1131 728 pro
1152 655 1350 729 partovene·

268 745 380 810 rabilis
395 755 426 812 et
442 745 666 827 circumspecti
681 745 740 810 viri
756 746 877 814 domini
894 755 925 814 et
941 745 1084 828 magistri
1099 746 1256 812 lobannis
1275 746 1349 812 Tra·

268 841 379 910 bekier
394 843 540 910 canonici
556 845 695 910 ecclesie
710 845 811 911 sancti
824 845 973 912 Romoldi
988 844 1227 911 mechliniensis
1243 845 1349 910 dame·

268 944 414 1009 raeensis
440 943 581 1010 diocesis
608 944 751 1026 magistri
778 943 810 1010 in
840 945 964 1010 artibus
994 944 1179 1026 principalis
1208 945 1240 1008 in
1271 943 1350 1024 ipsis

268 1041 386 1108 litteris
415 1043 601 1124 apostolicis
631 1043 765 1108 interius
793 1043 925 1110 insertis
951 1043 1170 1125 principaliter
1195 1041 1350 1108 nominati

267 1157 378 1207 coram
403 1143 527 1208 notario
550 1141 678 1223 tlublioo
700 1154 731 1208 et
753 1143 891 1209 testibus
915 1142 1129 1223 infrascriptis
1149 1151 1350 1223 presentatus

270 1257 417 1306 nuscum
433 1258 469 1306 ea
486 1257 547 1322 qua
563 1241 670 1307 decuit
690 1243 877 1308 reuerencia
898 1241 1054 1308 noueritis
1074 1241 1249 1322 recepisse.
1268 1240 1351 1315 Qua·

271 1357 342 1406 rum
368 1340 496 1422 quiden
523 1341 700 1408 litterarum
726 1342 977 1423 apostolicarum
1004 1350 1097 1406 tenor
1122 1341 1164 1406 do
1191 1339 1293 1406 umbo
1313 1339 1350 1404 sd

270 1439 403 1508 uerbum
419 1441 565 1522 sequitur
580 1449 611 1506 et
626 1448 675 1508 cst
693 1441 764 1506 talis
779 1442 927 1506 Nicotaus
943 1440 1116 1522 episcopus
1133 1449 1195 1506 etc.
1213 1439 1302 1522 (Suet
1314 1440 1354 1502 ici

269 1539 300 1604 le
326 1546 406 1604 tecte
435 1541 473 1606 de
498 1540 530 1604 lu
557 1539 638 1606 tutte
666 1559 725 1624 pue
751 1559 829 1606 trous
858 1541 998 1606 dotandus
1024 1540 1184 1613 citimam,
1215 1555 1294 1604 sous
1324 1537 1353 1603 le

273 1655 305 1703 u.
322 1637 375 1712 tlt,
395 1654 446 1717 pp.
465 1638 627 1718 too-toll).

315 1736 388 1800 Posr
413 1755 529 1809 ouuuuu
559 1757 668 1810 putueo
699 1739 874 1804 litterarum
905 1737 1155 1818 apostoticarum
1188 1744 1353 1817 presenta-

270 1835 397 1900 ciouem
413 1845 444 1901 et
460 1839 682 1919 recepcionem
700 1839 793 1903 nobis
808 1847 840 1903 et
857 1855 913 1918 per
929 1854 988 1903 nos
1001 1846 1034 1901 ut
1047 1836 1242 1916 premittitur
1253 1835 1354 1898 lactas

273 1933 391 2000 luimus
415 1952 472 2017 pro
499 1947 588 2018 parte
610 1938 686 2001 dicti
711 1937 851 2018 magistri
866 1936 1022 2000 iohannis
1037 1934 1211 2000 Trabekier
1233 1934 1353 2016 princi·

275 2035 355 2115 palis
370 2035 402 2098 iu
420 2037 608 2117 preiusertis
623 2038 738 2103 litteris
753 2035 940 2117 apostolicis
958 2035 1176 2116 principaliter
1200 2031 1354 2098 nominati

273 2134 380 2199 debita
409 2151 481 2200 cum
512 2136 667 2202 instancia
697 2135 843 2218 requisiti
873 2145 1030 2217 quatenus
1060 2134 1098 2196 ad
1126 2132 1353 2197 execucioucm

274 2233 431 2298 dictarum
461 2235 639 2300 litterarum
665 2235 913 2315 apostolicarum
944 2243 975 2298 et
1004 2234 1036 2296 in
1062 2231 1109 2298 eis
1132 2240 1355 2297 contentarum

275 2333 451 2413 procedere
476 2332 681 2414 dignaremur
703 2334 790 2399 iuxta
812 2333 959 2396 traditam
982 2347 1038 2396 seo
1063 2331 1215 2395 directam
1238 2346 1256 2393 a
1279 2327 1358 2393 sede

273 2431 450 2512 apostolica
469 2433 561 2497 uobis
574 2433 795 2498 sormamNos
808 2433 904 2513 igitur
917 2431 1089 2495 uuoelmus
1102 2428 1357 2493 archidiaconus

272 2541 307 2596 et
324 2535 480 2597 Executor
503 2532 644 2612 prelatus
659 2533 804 2597 volentes
821 2531 1002 2594 mandatum
1024 2528 1238 2609 apostolieum
1261 2525 1356 2591 nohis

275 2630 306 2692 in
324 2631 384 2692 hac
401 2641 489 2710 parte
504 2631 661 2695 directum
684 2639 870 2696 reuerenter
886 2629 998 2710 exequi
1023 2636 1056 2692 ut
1071 2636 1218 2692 tenemur
1234 2625 1357 2689 idcirco

274 2729 465 2794 auctoritate
486 2730 662 2811 apostoliea
686 2729 778 2794 nobis
802 2729 832 2791 iu
857 2729 915 2792 trac
939 2735 1027 2808 parte
1043 2726 1216 2790 commissa
1238 2724 1356 2788 dictatu

275 2827 425 2890 vicariam
452 2829 662 2908 parrochialis
684 2827 822 2893 ecclesie
843 2828 883 2891 de
898 2826 1003 2891 Scelle
1025 2823 1266 2890 Cameracensis
1289 2821 1358 2887 dio·

274 2925 362 2990 cesis
389 2927 416 2990 si
442 2937 474 2991 et
500 2937 667 3008 postquam
694 2929 746 2992 illa
774 2928 915 2992 instituta
946 2927 1041 2991 luerit
1066 2935 1097 2990 et
1124 2935 1269 3002 tempore
1291 2921 1355 2984 dat.

275 3023 433 3089 dictarum
457 3025 632 3090 litterarum
655 3028 904 3106 apostolicarum
929 3023 1097 3089 oonsilio
1118 3038 1154 3086 ea
1175 3020 1268 3084 alicui
1286 3037 1359 3100 spe·

274 3122 400 3188 cialiter
418 3123 472 3204 jus
497 3126 657 3206 quesitum
680 3141 752 3189 cum
775 3126 926 3189 omnibus
950 3122 1076 3203 juribus
1099 3131 1130 3185 et
1153 3117 1359 3199 pertinenciis

277 3222 347 3287 suis
370 3223 493 3302 prelato
519 3225 672 3305 magistro
695 3223 828 3288 iohanni
846 3221 1018 3287 Trabokier
1035 3219 1201 3302 principali
1226 3217 1361 3282 contuli·

279 3338 351 3385 mus
363 3333 394 3386 et
405 3323 640 3402 assignauimus
655 3340 693 3387 ao
707 3323 903 3387 conterimus
919 3331 949 3385 et
962 3320 1177 3401 assignamus,
1192 3317 1361 3396 ipsumque

276 3420 443 3484 dominum
460 3421 635 3486 iohannem
653 3423 683 3483 in
700 3431 731 3486 et
747 3423 784 3485 ad
803 3421 1002 3499 corporalem
1021 3419 1138 3482 realem
1155 3425 1186 3480 et
1201 3415 1358 3479 actualem

279 3519 521 3598 possessionem
545 3521 631 3585 dicte
653 3521 771 3585 vicarie
794 3520 825 3582 in
842 3527 993 3600 quantum
1016 3516 1177 3597 potuimus
1200 3525 1231 3578 et
1247 3529 1358 3593 possu-

279 3633 352 3681 mus
378 3618 561 3683 induximus
587 3629 619 3683 et
645 3619 827 3683 inducimus
859 3633 914 3697 per
941 3625 1120 3696 presentes,
1149 3613 1361 3677 inuestientes

280 3716 428 3780 eumdem
450 3734 507 3796 per
522 3719 677 3782 dictarum
695 3719 870 3782 litterarum
887 3715 1135 3796 apostolicarum
1153 3711 1361 3776 tradicionem

280 3815 322 3879 de
337 3817 460 3880 eadem.
478 3815 546 3888 Qua
560 3818 667 3880 omnia
684 3829 713 3881 et
731 3817 854 3897 singula
872 3831 995 3879 necnon
1012 3814 1114 3876 dictas
1131 3811 1254 3875 litteras
1271 3825 1362 3889 apos·

283 3914 396 3979 tolicas
418 3924 449 3979 et
471 3915 556 3980 huno
579 3926 723 3982 nostrum
750 3929 937 3995 processum
961 3929 998 3976 ao
1020 3911 1128 3975 omnia
1146 3918 1176 3974 et
1192 3908 1318 3988 singula
1333 3907 1365 3970 iu

281 4014 331 4078 eis
347 4022 495 4078 contenta
511 4015 603 4079 vobis
619 4015 769 4078 omuibus
785 4023 817 4078 et
832 4012 969 4094 siugulis
989 4008 1185 4091 supradictis
1206 4016 1270 4070 tatu
1291 4021 1366 4070 oon·

284 4112 415 4177 iunctim
438 4129 532 4194 quatu
553 4113 681 4178 dioisim
698 4113 881 4176 intimamus
897 4111 1098 4174 insinuamus
1114 4117 1146 4172 et
1163 4105 1366 4170 notificamus

281 4212 373 4275 acad
391 4221 577 4278 vestrumst
597 4213 770 4277 cuiuslibet
785 4223 926 4276 vestrum
950 4208 1099 4274 noticiam
1124 4205 1314 4272 deducimus
1335 4209 1366 4266 et
