3112 4942
669 459 769 540 -i‘gp
796 509 833 522 ..

199 655 318 738 etudijs
353 665 555 733 exercentes,
586 656 647 721 silai
677 654 831 738 elalijs*
855 651 1011 723 meliores
1034 645 1293 729 *emettmtiiat

199 769 342 837 'quorum
358 755 520 835 sapiencia
541 765 572 821 et
592 757 766 836 prudencia
792 753 1106 838 prouincijs'el's'dsrn
1129 766 1161 820 ct
1176 753 1293 820 ineolis

192 854 391 920 *eurumdem
427 866 558 920 auctore
593 855 725 920 dominu
744 855 868 920 cultus
881 853 1118 937 ·'juslit'ie,³p·ax
1138 849 1178 919 'et'
1193 851 1195 854 ’
1209 847 1296 918 tran-

203 953 347 1034 quillitas
382 969 456 1017 cum
492 953 716 1034 prosperitatis
750 955 953 1020 incrementa
983 949 1122 1019 ind'u'lt'ie'
1145 959 1297 1042 speratur

201 1051 541 1133 leliriterpruuenire.
605 1061 607 1064 ’
876 1070 878 1076 ’
1256 1045 1260 1052 ’

617 1213 729 1280 Ecposa'
745 1219 792 1268 des
809 1213 888 1284 soa'tr.

245 1344 356 1424 Nuper
374 1343 532 1423 siquidem
556 1344 781 1408 sanctissimus
806 1345 838 1407 in
855 1345 976 1409 eltristo
993 1354 1083 1423 pater
1098 1352 1129 1407 ct
1144 1339 1296 1406 dominus

195 1453 317 1508 *noster
338 1442 490 1506 dominus
513 1441 667 1507 Martinus
690 1443 799 1506 diuina
824 1442 1028 1524 providencia
1058 1457 1135 1522 papa
1163 1439 1296 1519 quintus

204 1544 381 1606 morlernus
404 1559 446 1602 .r.
472 1539 547 1605 ldus
570 1541 752 1606 decembris
776 1541 985 1606 Pontltlcatus
1008 1541 1058 1605 sui
1086 1555 1170 1603 atarto
1195 1551 1295 1610 notro,

200 1657 262 1722 per
277 1655 355 1704 suas
370 1639 494 1704 litteras
515 1640 712 1720 apostolicas
728 1657 817 1704 more
834 1641 976 1704 Romane
992 1639 1080 1703 curie
1097 1637 1245 1710 bullatas,
1263 1644 1297 1699 rt

205 1739 384 1803 litterarum
401 1737 542 1802 sciencia
566 1738 628 1802 deo
652 1747 783 1802 auctore
808 1739 908 1819 tnagis
932 1738 1097 1818 magisque
1119 1748 1150 1801 et
1166 1733 1298 1798 vberius

198 1837 368 1912 refloreat,
397 1845 533 1910 mentes,
563 1836 746 1902 intellectus
772 1847 804 1901 et
831 1838 928 1902 corda
955 1837 1145 1901 deuotorum
1173 1833 1297 1914 irriguo

202 1953 268 2002 ‚sno
291 1935 378 2000 tonte
401 1935 629 2008 malesanam
653 1953 709 2015 per
733 1953 801 2001 eam
827 1953 964 2012 morum,
981 1936 1133 2000 virtutum
1150 1943 1180 1998 et
1197 1933 1298 1997 deuo·

197 2035 331 2098 'tionum
348 2034 441 2114 copie
458 2033 721 2114 multiplicentur,
735 2045 767 2099 et
783 2045 943 2116 tamquam
960 2035 991 2098 in
1010 2035 1123 2099 tellure
1135 2032 1297 2112 compluta

208 2134 348 2198 fructum
360 2132 541 2215 germinent
553 2134 749 2212 speciosum,
763 2135 802 2197 ad
815 2135 972 2198 instantes
985 2145 1015 2198 et
1028 2133 1165 2196 lrumiles
1182 2145 1298 2211 preces

209 2231 313 2296 nostri
337 2247 396 2311 pro
420 2241 509 2312 parte
532 2232 595 2296 Sne
617 2232 782 2296 sanctitati
806 2231 952 2312 repetitis
968 2233 1094 2297 vicibus
1113 2240 1297 2310 suggestas,

207 2331 240 2394 in
263 2330 362 2412 opido
385 2339 497 2394 nostro
521 2330 714 2406 louaniensi,
733 2332 805 2395 loco
827 2331 956 2412 quidem
979 2330 1161 2395 amenitatis
1184 2329 1294 2392 iocou-

207 2431 306 2494 ditate
329 2445 500 2510 rerumque
521 2428 707 2493 victualium
724 2429 868 2494 ubertate
892 2429 1109 2510 multipliciter
1134 2426 1295 2499 redimito,

207 2545 246 2594 ac
267 2529 349 2592 alias
372 2537 460 2592 tatrto
483 2529 618 2608 negocio
634 2530 823 2609 congruenti
841 2539 872 2593 et
887 2529 1023 2610 ydoneo,
1042 2527 1182 2592 studium
1199 2541 1298 2606 gene-

208 2629 276 2694 rate
299 2628 351 2708 pie
372 2637 404 2691 et
425 2643 464 2692 ex
488 2645 545 2691 sue
569 2627 776 2708 benignitatis
799 2628 972 2692 clemencia
989 2627 1080 2691 duxit
1095 2626 1297 2707 erigendum,

208 2728 293 2811 quod
307 2727 447 2792 diuersis
459 2727 673 2800 libertatibus,
687 2728 945 2807 exemptionibus
961 2736 992 2791 et
1009 2725 1184 2807 priuilegijs
1200 2739 1297 2803 apos·

206 2827 314 2893 tolicis
344 2827 382 2888 ad
413 2826 611 2906 generalium
640 2827 776 2890 aliorum
807 2827 908 2891 instar
938 2827 1118 2890 studiorum
1151 2825 1296 2889 l‘ulciturn

206 2926 349 3008 gratiose
374 2923 552 2989 decorauit.
580 2923 750 3006 Voluitqac
780 2935 812 2990 et
841 2926 1003 2990 ordinauit
1033 2925 1117 2989 idem
1146 2923 1300 2987 dominus

208 3033 319 3088 noster
335 3039 415 3103 papa
431 3023 528 3104 quod,
549 3023 609 3086 nisi
628 3022 709 3086 inira
726 3039 844 3088 annum
861 3039 877 3087 a
895 3026 966 3088 date
984 3024 1199 3104 predictarum
1216 3021 1299 3086 litte·

207 3139 314 3186 rarum
341 3123 465 3184 inantea
488 3123 740 3201 computandum
767 3121 911 3186 omnium
938 3133 970 3187 et
996 3122 1194 3204 singularum
1221 3137 1298 3185 can·

205 3237 329 3290 sarum.
348 3220 556 3299 negociorum
581 3229 613 3284 et
636 3237 827 3285 excessuum
851 3222 1032 3296 doctorum,
1057 3220 1299 3301 magistrorum,

205 3320 392 3392 scolarium,
422 3319 640 3384 membrorum
666 3331 697 3384 et
724 3321 920 3384 seruiturum
948 3319 1172 3384 Vniuersitatis
1198 3317 1298 3400 studii

209 3419 406 3493 huiusmodi,
423 3418 494 3482 siue
509 3419 619 3482 clerici
642 3420 712 3483 siue
727 3420 799 3482 laici
817 3419 946 3495 luerint,
964 3419 1192 3500 cognitionem,
1211 3415 1301 3482 deci·

208 3518 347 3592 sionem,
361 3517 610 3590 correctionem,
627 3517 837 3597 punitionem,
852 3519 1133 3598 omnimodamque
1149 3516 1299 3598 superio·

207 3616 333 3681 ritatem
359 3623 392 3680 et
411 3615 649 3696 iuridictionem
675 3617 846 3682 exercendi
874 3619 905 3679 in
933 3617 1064 3682 eosdem
1093 3617 1123 3678 in
1151 3615 1302 3694 predicto

207 3715 304 3796 opido
321 3723 434 3778 nostro
452 3715 545 3778 nobis
570 3715 732 3780 nostrisue
755 3715 920 3796 officiariis
943 3715 1183 3797 quornodolibet
1207 3731 1296 3778 corn-

208 3823 367 3895 petentes,
384 3829 519 3894 quarum
538 3814 755 3894 cognitionem
772 3825 803 3880 ct
819 3815 1042 3880 executionem
1060 3813 1152 3878 nolus
1170 3814 1300 3893 penitus

210 3910 385 3985 interdixit,
402 3927 546 3992 quasque
566 3913 606 3974 ad
631 3913 799 3977 Rectorem
823 3911 1047 3977 Vniuersitatis
1069 3909 1165 3992 studij
1186 3911 1301 3976 naias-

210 4010 294 4074 modi
323 4025 383 4090 pro
409 4019 553 4090 tempore
580 4010 770 4075 existentem
799 4011 927 4077 censuit
956 4011 1127 4092 pertinere,
1155 4027 1172 4074 a
1203 4005 1299 4075 nobis

208 4107 479 4184 abdicauerimus,
490 4119 521 4174 et
533 4125 589 4174 eas
602 4109 632 4172 in
647 4107 814 4175 Rectorem
828 4121 859 4176 et
871 4111 1117 4177 Vniuersitatem
1135 4103 1300 4193 predictos

210 4204 484 4282 transtulerimus,
511 4207 656 4290 ipsisque
678 4209 764 4274 iuxta
787 4210 972 4275 earumdem
996 4209 1173 4276 litterarum
1198 4208 1300 4274 conti-
