<?xml version="1.0" encoding="UTF-8"?>
<!DOCTYPE html PUBLIC "-//W3C//DTD XHTML 1.0 Transitional//EN"
    "http://www.w3.org/TR/xhtml1/DTD/xhtml1-transitional.dtd">
<html xmlns="http://www.w3.org/1999/xhtml" xml:lang="en" lang="en">
 <head>
  <title>
</title>
<meta http-equiv="Content-Type" content="text/html;charset=utf-8" />
  <meta name='ocr-system' content='tesseract 3.04.00' />
  <meta name='ocr-capabilities' content='ocr_page ocr_carea ocr_par ocr_line ocrx_word'/>
</head>
<body>
  <div class='ocr_page' id='page_1' title='image "./documentsrelati00reusgoog_0561.png"; bbox 0 0 3240 4946; ppageno 0'>
   <div class='ocr_carea' id='block_1_1' title="bbox 692 437 875 530">
    <p class='ocr_par' dir='ltr' id='par_1_1' title="bbox 692 437 875 530">
     <span class='ocr_line' id='line_1_1' title="bbox 692 437 875 530; baseline 0.005 -27"><span class='ocrx_word' id='word_1_1' title='bbox 692 470 733 488; x_wconf 93' lang='lat'>-</span> <span class='ocrx_word' id='word_1_2' title='bbox 752 437 818 530; x_wconf 80' lang='lat' dir='ltr'><strong>nro¹</strong></span> <span class='ocrx_word' id='word_1_3' title='bbox 834 471 875 488; x_wconf 93' lang='lat'><em>-</em></span> 
     </span>
    </p>
   </div>
   <div class='ocr_carea' id='block_1_2' title="bbox 238 617 1327 1588">
    <p class='ocr_par' dir='ltr' id='par_1_2' title="bbox 238 617 1326 1092">
     <span class='ocr_line' id='line_1_2' title="bbox 240 617 1325 700; baseline 0.004 -20"><span class='ocrx_word' id='word_1_4' title='bbox 240 617 451 681; x_wconf 78' lang='lat' dir='ltr'><strong>brabantinae</strong></span> <span class='ocrx_word' id='word_1_5' title='bbox 474 624 604 684; x_wconf 86' lang='lat' dir='ltr'><strong>senator</strong></span> <span class='ocrx_word' id='word_1_6' title='bbox 627 627 768 695; x_wconf 89' lang='lat' dir='ltr'><strong>creatus,</strong></span> <span class='ocrx_word' id='word_1_7' title='bbox 786 619 881 700; x_wconf 84' lang='lat' dir='ltr'><strong>bnjns</strong></span> <span class='ocrx_word' id='word_1_8' title='bbox 901 617 1070 700; x_wconf 85' lang='lat' dir='ltr'><strong>¹dignitatis</strong></span> <span class='ocrx_word' id='word_1_9' title='bbox 1087 619 1325 700; x_wconf 83' lang='lat' dir='ltr'><strong>possessionem</strong></span> 
     </span>
     <span class='ocr_line' id='line_1_3' title="bbox 239 715 1324 793; baseline 0.004 -15"><span class='ocrx_word' id='word_1_10' title='bbox 239 715 317 780; x_wconf 87' lang='lat' dir='ltr'><strong>adiit</strong></span> <span class='ocrx_word' id='word_1_11' title='bbox 342 716 382 778; x_wconf 62' lang='grc' dir='ltr'><strong>Ἡ</strong></span> <span class='ocrx_word' id='word_1_12' title='bbox 406 715 588 781; x_wconf 74' lang='lat' dir='ltr'><strong>decembris</strong></span> <span class='ocrx_word' id='word_1_13' title='bbox 620 717 707 780; x_wconf 81' lang='grc'><strong>1-707.</strong></span> <span class='ocrx_word' id='word_1_14' title='bbox 730 718 866 783; x_wconf 87' lang='lat' dir='ltr'><strong>Cociebs</strong></span> <span class='ocrx_word' id='word_1_15' title='bbox 896 719 975 782; x_wconf 90' lang='lat' dir='ltr'><strong>obiit</strong></span> <span class='ocrx_word' id='word_1_16' title='bbox 1004 718 1022 781; x_wconf 76' lang='lat' dir='ltr'><strong>i</strong></span> <span class='ocrx_word' id='word_1_17' title='bbox 1052 719 1196 784; x_wconf 76' lang='lat' dir='ltr'><strong>octobris</strong></span> <span class='ocrx_word' id='word_1_18' title='bbox 1227 719 1324 793; x_wconf 83' lang='lat' dir='ltr'><strong>trt9;</strong></span> 
     </span>
     <span class='ocr_line' id='line_1_4' title="bbox 238 814 1326 897; baseline 0.004 -19"><span class='ocrx_word' id='word_1_19' title='bbox 238 814 387 880; x_wconf 90' lang='lat' dir='ltr'><strong>conditus</strong></span> <span class='ocrx_word' id='word_1_20' title='bbox 426 815 594 880; x_wconf 79' lang='lat' dir='ltr'><strong>bruxellae</strong></span> <span class='ocrx_word' id='word_1_21' title='bbox 632 817 737 882; x_wconf 92' lang='lat' dir='ltr'><strong>medio</strong></span> <span class='ocrx_word' id='word_1_22' title='bbox 769 818 889 897; x_wconf 84' lang='lat' dir='ltr'><strong>templo</strong></span> <span class='ocrx_word' id='word_1_23' title='bbox 920 817 1114 882; x_wconf 82' lang='lat' dir='ltr'><strong>Finisterrae</strong></span> <span class='ocrx_word' id='word_1_24' title='bbox 1144 819 1174 880; x_wconf 95' lang='lat' dir='ltr'><strong>in</strong></span> <span class='ocrx_word' id='word_1_25' title='bbox 1204 819 1326 883; x_wconf 90' lang='lat' dir='ltr'><strong>tumuio</strong></span> 
     </span>
     <span class='ocr_line' id='line_1_5' title="bbox 239 913 1326 997; baseline 0.004 -19"><span class='ocrx_word' id='word_1_26' title='bbox 239 913 469 994; x_wconf 82' lang='lat' dir='ltr'><strong>consanguinei</strong></span> <span class='ocrx_word' id='word_1_27' title='bbox 493 914 543 978; x_wconf 87' lang='lat' dir='ltr'><strong>sui</strong></span> <span class='ocrx_word' id='word_1_28' title='bbox 568 914 696 978; x_wconf 81' lang='lat' dir='ltr'><strong>Adriani</strong></span> <span class='ocrx_word' id='word_1_29' title='bbox 722 915 819 996; x_wconf 78' lang='lat' dir='ltr'><strong>Meys,</strong></span> <span class='ocrx_word' id='word_1_30' title='bbox 838 916 1017 997; x_wconf 83' lang='lat' dir='ltr'><strong>presbyteri</strong></span> <span class='ocrx_word' id='word_1_31' title='bbox 1040 916 1144 981; x_wconf 88' lang='lat' dir='ltr'><strong>dictae</strong></span> <span class='ocrx_word' id='word_1_32' title='bbox 1168 917 1326 982; x_wconf 88' lang='lat' dir='ltr'><strong>ecciesiae</strong></span> 
     </span>
     <span class='ocr_line' id='line_1_6' title="bbox 240 1012 982 1092; baseline -0.001 -14"><span class='ocrx_word' id='word_1_33' title='bbox 240 1019 273 1078; x_wconf 88' lang='lat' dir='ltr'><strong>ct</strong></span> <span class='ocrx_word' id='word_1_34' title='bbox 289 1019 475 1092; x_wconf 82' lang='lat' dir='ltr'><strong>patronatus</strong></span> <span class='ocrx_word' id='word_1_35' title='bbox 492 1012 587 1077; x_wconf 92' lang='lat' dir='ltr'><strong>unius</strong></span> <span class='ocrx_word' id='word_1_36' title='bbox 600 1013 671 1078; x_wconf 89' lang='lat' dir='ltr'><strong>iaici</strong></span> <span class='ocrx_word' id='word_1_37' title='bbox 690 1014 720 1078; x_wconf 91' lang='lat' dir='ltr'><strong>in</strong></span> <span class='ocrx_word' id='word_1_38' title='bbox 737 1032 774 1080; x_wconf 87' lang='lat' dir='ltr'><strong>ea</strong></span> <span class='ocrx_word' id='word_1_39' title='bbox 791 1015 982 1080; x_wconf 76' lang='lat' dir='ltr'><strong>fundatoris.</strong></span> 
     </span>
    </p>

    <p class='ocr_par' dir='ltr' id='par_1_3' title="bbox 241 1111 1327 1588">
     <span class='ocr_line' id='line_1_7' title="bbox 284 1111 1327 1196; baseline 0.006 -22"><span class='ocrx_word' id='word_1_40' title='bbox 284 1111 384 1175; x_wconf 83' lang='lat' dir='ltr'><strong>Filius</strong></span> <span class='ocrx_word' id='word_1_41' title='bbox 399 1121 467 1176; x_wconf 91' lang='lat' dir='ltr'><strong>erat</strong></span> <span class='ocrx_word' id='word_1_42' title='bbox 483 1111 613 1176; x_wconf 75' lang='lat' dir='ltr'><strong>Adriani</strong></span> <span class='ocrx_word' id='word_1_43' title='bbox 630 1113 801 1188; x_wconf 82' lang='lat' dir='ltr'><strong>Valentini,</strong></span> <span class='ocrx_word' id='word_1_44' title='bbox 816 1113 899 1193; x_wconf 82' lang='lat' dir='ltr'><strong>iuris</strong></span> <span class='ocrx_word' id='word_1_45' title='bbox 924 1113 1089 1196; x_wconf 87' lang='lat' dir='ltr'><strong>utriusque</strong></span> <span class='ocrx_word' id='word_1_46' title='bbox 1113 1113 1277 1186; x_wconf 85' lang='lat' dir='ltr'><strong>licentiati,</strong></span> <span class='ocrx_word' id='word_1_47' title='bbox 1295 1121 1327 1180; x_wconf 92' lang='lat' dir='ltr'><strong>ot</strong></span> 
     </span>
     <span class='ocr_line' id='line_1_8' title="bbox 243 1208 1325 1294; baseline 0.003 -23"><span class='ocrx_word' id='word_1_48' title='bbox 243 1208 353 1273; x_wconf 76' lang='lat' dir='ltr'><strong>Annae</strong></span> <span class='ocrx_word' id='word_1_49' title='bbox 390 1209 568 1282; x_wconf 87' lang='lat' dir='ltr'><strong>Brumeeis,</strong></span> <span class='ocrx_word' id='word_1_50' title='bbox 597 1211 726 1276; x_wconf 84' lang='lat' dir='ltr'><strong>boranii</strong></span> <span class='ocrx_word' id='word_1_51' title='bbox 763 1213 801 1276; x_wconf 89' lang='lat' dir='ltr'><strong>ad</strong></span> <span class='ocrx_word' id='word_1_52' title='bbox 833 1213 865 1276; x_wconf 85' lang='lat' dir='ltr'><strong>S.</strong></span> <span class='ocrx_word' id='word_1_53' title='bbox 893 1213 1082 1277; x_wconf 85' lang='lat' dir='ltr'><strong>Gertrudcm</strong></span> <span class='ocrx_word' id='word_1_54' title='bbox 1112 1215 1325 1294; x_wconf 80' lang='lat' dir='ltr'><strong>sepuitorem.</strong></span> 
     </span>
     <span class='ocr_line' id='line_1_9' title="bbox 243 1307 1327 1394; baseline 0.005 -24"><span class='ocrx_word' id='word_1_55' title='bbox 243 1307 317 1373; x_wconf 76' lang='lat' dir='ltr'><strong>Erat</strong></span> <span class='ocrx_word' id='word_1_56' title='bbox 334 1308 484 1388; x_wconf 83' lang='lat' dir='ltr'><strong>toparcha</strong></span> <span class='ocrx_word' id='word_1_57' title='bbox 500 1309 539 1374; x_wconf 87' lang='lat' dir='ltr'><strong>dc</strong></span> <span class='ocrx_word' id='word_1_58' title='bbox 556 1309 738 1392; x_wconf 86' lang='lat' dir='ltr'><strong>Homborgb</strong></span> <span class='ocrx_word' id='word_1_59' title='bbox 755 1321 787 1376; x_wconf 88' lang='lat' dir='ltr'><strong>et</strong></span> <span class='ocrx_word' id='word_1_60' title='bbox 802 1311 1010 1394; x_wconf 82' lang='lat' dir='ltr'><strong>Critengayz.</strong></span> <span class='ocrx_word' id='word_1_61' title='bbox 1029 1311 1164 1393; x_wconf 82' lang='lat' dir='ltr'><strong>ipseque</strong></span> <span class='ocrx_word' id='word_1_62' title='bbox 1183 1319 1215 1377; x_wconf 90' lang='lat' dir='ltr'><strong>ct</strong></span> <span class='ocrx_word' id='word_1_63' title='bbox 1238 1321 1327 1392; x_wconf 77' lang='lat' dir='ltr'><strong>pater</strong></span> 
     </span>
     <span class='ocr_line' id='line_1_10' title="bbox 241 1407 1327 1493; baseline 0.003 -20"><span class='ocrx_word' id='word_1_64' title='bbox 241 1407 410 1488; x_wconf 75' lang='lat' dir='ltr'><strong>generales</strong></span> <span class='ocrx_word' id='word_1_65' title='bbox 436 1415 626 1490; x_wconf 76' lang='lat' dir='ltr'><strong>quaestores</strong></span> <span class='ocrx_word' id='word_1_66' title='bbox 653 1410 868 1476; x_wconf 84' lang='lat' dir='ltr'><strong>dominiorum</strong></span> <span class='ocrx_word' id='word_1_67' title='bbox 891 1412 1058 1493; x_wconf 90' lang='lat' dir='ltr'><strong>regionum</strong></span> <span class='ocrx_word' id='word_1_68' title='bbox 1083 1411 1172 1476; x_wconf 85' lang='lat' dir='ltr'><strong>suere</strong></span> <span class='ocrx_word' id='word_1_69' title='bbox 1194 1410 1226 1474; x_wconf 92' lang='lat' dir='ltr'><strong>in</strong></span> <span class='ocrx_word' id='word_1_70' title='bbox 1249 1427 1327 1492; x_wconf 89' lang='lat' dir='ltr'><strong>agro</strong></span> 
     </span>
     <span class='ocr_line' id='line_1_11' title="bbox 241 1505 669 1588; baseline -0.002 -17"><span class='ocrx_word' id='word_1_71' title='bbox 241 1524 298 1572; x_wconf 88' lang='lat' dir='ltr'><strong>scu</strong></span> <span class='ocrx_word' id='word_1_72' title='bbox 316 1507 479 1588; x_wconf 86' lang='lat' dir='ltr'><strong>quarterio</strong></span> <span class='ocrx_word' id='word_1_73' title='bbox 496 1505 669 1573; x_wconf 81' lang='lat' dir='ltr'><strong>Thenensi.</strong></span> 
     </span>
    </p>
   </div>
   <div class='ocr_carea' id='block_1_3' title="bbox 285 1629 1327 1714">
    <p class='ocr_par' dir='ltr' id='par_1_4' title="bbox 285 1629 1327 1714">
     <span class='ocr_line' id='line_1_12' title="bbox 285 1629 1327 1714; baseline 0.001 -22"><span class='ocrx_word' id='word_1_74' title='bbox 285 1629 335 1694; x_wconf 82' lang='grc'><strong>19.</strong></span> <span class='ocrx_word' id='word_1_75' title='bbox 359 1630 535 1712; x_wconf 83' lang='lat' dir='ltr'><strong>Gregorius</strong></span> <span class='ocrx_word' id='word_1_76' title='bbox 563 1631 724 1712; x_wconf 75' lang='lat' dir='ltr'><strong>Iosephus</strong></span> <span class='ocrx_word' id='word_1_77' title='bbox 753 1631 895 1697; x_wconf 76' lang='lat' dir='ltr'><strong>desinet.</strong></span> <span class='ocrx_word' id='word_1_78' title='bbox 913 1631 997 1699; x_wconf 90' lang='lat' dir='ltr'><strong>Obiit</strong></span> <span class='ocrx_word' id='word_1_79' title='bbox 1023 1633 1042 1696; x_wconf 83' lang='lat'>5</span> <span class='ocrx_word' id='word_1_80' title='bbox 1072 1631 1199 1714; x_wconf 91' lang='lat' dir='ltr'><strong>augusti</strong></span> <span class='ocrx_word' id='word_1_81' title='bbox 1233 1633 1327 1708; x_wconf 79' lang='grc'><strong>1713;</strong></span> 
     </span>
    </p>
   </div>
   <div class='ocr_carea' id='block_1_4' title="bbox 244 1729 1328 1893">
    <p class='ocr_par' dir='ltr' id='par_1_5' title="bbox 244 1729 1328 1893">
     <span class='ocr_line' id='line_1_13' title="bbox 244 1729 1328 1814; baseline 0.001 -21"><span class='ocrx_word' id='word_1_82' title='bbox 244 1729 391 1810; x_wconf 87' lang='lat' dir='ltr'><strong>sepultus</strong></span> <span class='ocrx_word' id='word_1_83' title='bbox 407 1729 468 1794; x_wconf 92' lang='lat' dir='ltr'><strong>sub</strong></span> <span class='ocrx_word' id='word_1_84' title='bbox 484 1730 594 1796; x_wconf 89' lang='lat' dir='ltr'><strong>eadem</strong></span> <span class='ocrx_word' id='word_1_85' title='bbox 611 1749 682 1796; x_wconf 91' lang='lat' dir='ltr'><strong>cnm</strong></span> <span class='ocrx_word' id='word_1_86' title='bbox 702 1750 800 1798; x_wconf 88' lang='lat' dir='ltr'><strong>uxore</strong></span> <span class='ocrx_word' id='word_1_87' title='bbox 817 1733 936 1809; x_wconf 90' lang='lat' dir='ltr'><strong>tumba,</strong></span> <span class='ocrx_word' id='word_1_88' title='bbox 954 1732 1059 1800; x_wconf 88' lang='lat' dir='ltr'><strong>medic</strong></span> <span class='ocrx_word' id='word_1_89' title='bbox 1086 1733 1203 1814; x_wconf 83' lang='lat' dir='ltr'><strong>templo</strong></span> <span class='ocrx_word' id='word_1_90' title='bbox 1226 1732 1328 1797; x_wconf 85' lang='lat' dir='ltr'><strong>suncti</strong></span> 
     </span>
     <span class='ocr_line' id='line_1_14' title="bbox 246 1827 383 1893; baseline 0.015 -3"><span class='ocrx_word' id='word_1_91' title='bbox 246 1827 383 1893; x_wconf 84' lang='lat' dir='ltr'><strong>Martini.</strong></span> 
     </span>
    </p>
   </div>
   <div class='ocr_carea' id='block_1_5' title="bbox 287 1951 1329 2038">
    <p class='ocr_par' dir='ltr' id='par_1_6' title="bbox 287 1951 1329 2038">
     <span class='ocr_line' id='line_1_15' title="bbox 287 1951 1329 2038; baseline 0.005 -24"><span class='ocrx_word' id='word_1_92' title='bbox 287 1951 339 2014; x_wconf 74' lang='lat' dir='ltr'><strong>ab.</strong></span> <span class='ocrx_word' id='word_1_93' title='bbox 362 1955 503 2018; x_wconf 86' lang='lat' dir='ltr'><strong>Jeannes</strong></span> <span class='ocrx_word' id='word_1_94' title='bbox 526 1953 684 2020; x_wconf 73' lang='lat' dir='ltr'><strong>Antonius</strong></span> <span class='ocrx_word' id='word_1_95' title='bbox 708 1957 851 2032; x_wconf 84' lang='lat' dir='ltr'><strong>Brenurr,</strong></span> <span class='ocrx_word' id='word_1_96' title='bbox 869 1956 1091 2032; x_wconf 78' lang='lat' dir='ltr'><strong>Lemniensis,</strong></span> <span class='ocrx_word' id='word_1_97' title='bbox 1106 1955 1188 2038; x_wconf 88' lang='lat' dir='ltr'><strong>juris</strong></span> <span class='ocrx_word' id='word_1_98' title='bbox 1212 1955 1329 2020; x_wconf 91' lang='lat' dir='ltr'><strong>utrius·</strong></span> 
     </span>
    </p>
   </div>
   <div class='ocr_carea' id='block_1_6' title="bbox 246 2050 1331 2218">
    <p class='ocr_par' dir='ltr' id='par_1_7' title="bbox 246 2050 1331 2218">
     <span class='ocr_line' id='line_1_16' title="bbox 246 2050 1331 2137; baseline 0.002 -23"><span class='ocrx_word' id='word_1_99' title='bbox 246 2067 309 2132; x_wconf 89' lang='lat' dir='ltr'><strong>quc</strong></span> <span class='ocrx_word' id='word_1_100' title='bbox 331 2050 445 2117; x_wconf 89' lang='lat' dir='ltr'><strong>doctor</strong></span> <span class='ocrx_word' id='word_1_101' title='bbox 467 2059 499 2118; x_wconf 91' lang='lat' dir='ltr'><strong>et</strong></span> <span class='ocrx_word' id='word_1_102' title='bbox 523 2052 706 2133; x_wconf 64' lang='lat' dir='ltr'><strong>professum</strong></span> <span class='ocrx_word' id='word_1_103' title='bbox 730 2057 784 2137; x_wconf 90' lang='lat' dir='ltr'><strong>qui</strong></span> <span class='ocrx_word' id='word_1_104' title='bbox 808 2056 888 2121; x_wconf 92' lang='lat' dir='ltr'><strong>obiit</strong></span> <span class='ocrx_word' id='word_1_105' title='bbox 910 2056 949 2120; x_wconf 88' lang='grc'><strong>30</strong></span> <span class='ocrx_word' id='word_1_106' title='bbox 972 2055 1152 2122; x_wconf 85' lang='lat' dir='ltr'><strong>decembris</strong></span> <span class='ocrx_word' id='word_1_107' title='bbox 1170 2055 1258 2119; x_wconf 74' lang='lat'><strong>1730.</strong></span> <span class='ocrx_word' id='word_1_108' title='bbox 1274 2053 1331 2118; x_wconf 84' lang='lat' dir='ltr'><strong>Coi</strong></span> 
     </span>
     <span class='ocr_line' id='line_1_17' title="bbox 247 2149 589 2218; baseline 0.015 -5"><span class='ocrx_word' id='word_1_109' title='bbox 247 2149 391 2214; x_wconf 80' lang='lat' dir='ltr'><strong>succedit</strong></span> <span class='ocrx_word' id='word_1_110' title='bbox 407 2150 589 2218; x_wconf 87' lang='lat' dir='ltr'><strong>immediate</strong></span> 
     </span>
    </p>
   </div>
   <div class='ocr_carea' id='block_1_7' title="bbox 247 2253 1331 2461">
    <p class='ocr_par' dir='ltr' id='par_1_8' title="bbox 247 2253 1331 2461">
     <span class='ocr_line' id='line_1_18' title="bbox 287 2253 1331 2362; baseline 0 -21"><span class='ocrx_word' id='word_1_111' title='bbox 287 2277 339 2342; x_wconf 71' lang='lat' dir='ltr'><strong>ii.</strong></span> <span class='ocrx_word' id='word_1_112' title='bbox 361 2277 502 2345; x_wconf 82' lang='lat' dir='ltr'><strong>ioannes</strong></span> <span class='ocrx_word' id='word_1_113' title='bbox 524 2253 701 2362; x_wconf 75' lang='lat' dir='ltr'><strong>&#39;Phiiippus</strong></span> <span class='ocrx_word' id='word_1_114' title='bbox 732 2283 776 2346; x_wconf 82' lang='lat' dir='ltr'><strong>tte</strong></span> <span class='ocrx_word' id='word_1_115' title='bbox 804 2283 891 2357; x_wconf 79' lang='lat' dir='ltr'><strong>diuet,</strong></span> <span class='ocrx_word' id='word_1_116' title='bbox 916 2282 998 2349; x_wconf 89' lang='lat' dir='ltr'><strong>sacri</strong></span> <span class='ocrx_word' id='word_1_117' title='bbox 1035 2280 1168 2347; x_wconf 84' lang='lat' dir='ltr'><strong>Romani</strong></span> <span class='ocrx_word' id='word_1_118' title='bbox 1206 2279 1331 2361; x_wconf 82' lang='lat' dir='ltr'><strong>imperii</strong></span> 
     </span>
     <span class='ocr_line' id='line_1_19' title="bbox 247 2375 924 2461; baseline 0.006 -21"><span class='ocrx_word' id='word_1_119' title='bbox 247 2375 326 2444; x_wconf 89' lang='lat' dir='ltr'><strong>iiber</strong></span> <span class='ocrx_word' id='word_1_120' title='bbox 342 2377 430 2454; x_wconf 86' lang='lat' dir='ltr'><strong>baro,</strong></span> <span class='ocrx_word' id='word_1_121' title='bbox 445 2376 529 2458; x_wconf 86' lang='lat' dir='ltr'><strong>juris</strong></span> <span class='ocrx_word' id='word_1_122' title='bbox 546 2380 711 2461; x_wconf 78' lang='lat' dir='ltr'><strong>utriusque</strong></span> <span class='ocrx_word' id='word_1_123' title='bbox 729 2379 924 2445; x_wconf 85' lang='lat' dir='ltr'><strong>licentiatus.</strong></span> 
     </span>
    </p>
   </div>
   <div class='ocr_carea' id='block_1_8' title="bbox 251 2533 1339 3688">
    <p class='ocr_par' dir='ltr' id='par_1_9' title="bbox 251 2533 1338 3604">
     <span class='ocr_line' id='line_1_20' title="bbox 290 2533 1332 2619; baseline 0 -22"><span class='ocrx_word' id='word_1_124' title='bbox 290 2533 318 2614; x_wconf 87' lang='lat' dir='ltr'><strong>c)</strong></span> <span class='ocrx_word' id='word_1_125' title='bbox 335 2534 392 2598; x_wconf 80' lang='lat' dir='ltr'><strong>Les</strong></span> <span class='ocrx_word' id='word_1_126' title='bbox 403 2536 538 2598; x_wconf 78' lang='lat' dir='ltr'><strong>nomines</strong></span> <span class='ocrx_word' id='word_1_127' title='bbox 551 2536 591 2598; x_wconf 87' lang='lat' dir='ltr'><strong>du</strong></span> <span class='ocrx_word' id='word_1_128' title='bbox 606 2536 822 2600; x_wconf 74' lang='lat' dir='ltr'><strong>Consmuatcar</strong></span> <span class='ocrx_word' id='word_1_129' title='bbox 834 2537 886 2600; x_wconf 83' lang='lat' dir='ltr'><strong>der</strong></span> <span class='ocrx_word' id='word_1_130' title='bbox 899 2536 1057 2619; x_wconf 77' lang='lat' dir='ltr'><strong>prioiidoee</strong></span> <span class='ocrx_word' id='word_1_131' title='bbox 1073 2537 1110 2600; x_wconf 84' lang='lat' dir='ltr'><strong>dc</strong></span> <span class='ocrx_word' id='word_1_132' title='bbox 1124 2533 1332 2600; x_wconf 74' lang='lat' dir='ltr'><strong>l&#39;Unirerritd.</strong></span> 
     </span>
     <span class='ocr_line' id='line_1_21' title="bbox 252 2631 1333 2717; baseline 0.002 -22"><span class='ocrx_word' id='word_1_133' title='bbox 252 2631 317 2697; x_wconf 87' lang='lat' dir='ltr'><strong>Hos</strong></span> <span class='ocrx_word' id='word_1_134' title='bbox 339 2650 467 2714; x_wconf 86' lang='lat' dir='ltr'><strong>quoquc</strong></span> <span class='ocrx_word' id='word_1_135' title='bbox 490 2633 716 2700; x_wconf 82' lang='lat' dir='ltr'><strong>Conservatori</strong></span> <span class='ocrx_word' id='word_1_136' title='bbox 740 2637 882 2700; x_wconf 90' lang='lat' dir='ltr'><strong>nominat</strong></span> <span class='ocrx_word' id='word_1_137' title='bbox 901 2653 957 2702; x_wconf 90' lang='lat' dir='ltr'><strong>seu</strong></span> <span class='ocrx_word' id='word_1_138' title='bbox 976 2644 1157 2717; x_wconf 84' lang='lat' dir='ltr'><strong>praesentat</strong></span> <span class='ocrx_word' id='word_1_139' title='bbox 1174 2635 1333 2700; x_wconf 86' lang='lat' dir='ltr'><strong>Universi-</strong></span> 
     </span>
     <span class='ocr_line' id='line_1_22' title="bbox 251 2730 1335 2816; baseline 0.002 -21"><span class='ocrx_word' id='word_1_140' title='bbox 251 2742 311 2796; x_wconf 88' lang='lat' dir='ltr'><strong>tas.</strong></span> <span class='ocrx_word' id='word_1_141' title='bbox 329 2730 470 2803; x_wconf 82' lang='lat' dir='ltr'><strong>Quorum</strong></span> <span class='ocrx_word' id='word_1_142' title='bbox 486 2734 621 2816; x_wconf 82' lang='lat' dir='ltr'><strong>quitibet</strong></span> <span class='ocrx_word' id='word_1_143' title='bbox 637 2735 822 2816; x_wconf 83' lang='lat' dir='ltr'><strong>priusquam</strong></span> <span class='ocrx_word' id='word_1_144' title='bbox 839 2735 979 2800; x_wconf 85' lang='lat' dir='ltr'><strong>officium</strong></span> <span class='ocrx_word' id='word_1_145' title='bbox 1003 2751 1097 2798; x_wconf 87' lang='lat' dir='ltr'><strong>suum</strong></span> <span class='ocrx_word' id='word_1_146' title='bbox 1120 2733 1335 2816; x_wconf 76' lang='lat' dir='ltr'><strong>aggrediatur,</strong></span> 
     </span>
     <span class='ocr_line' id='line_1_23' title="bbox 252 2829 1334 2915; baseline 0.003 -22"><span class='ocrx_word' id='word_1_147' title='bbox 252 2829 347 2894; x_wconf 88' lang='lat' dir='ltr'><strong>debet</strong></span> <span class='ocrx_word' id='word_1_148' title='bbox 376 2847 414 2894; x_wconf 85' lang='lat' dir='ltr'><strong>ex</strong></span> <span class='ocrx_word' id='word_1_149' title='bbox 444 2831 578 2896; x_wconf 88' lang='lat' dir='ltr'><strong>iormuia</strong></span> <span class='ocrx_word' id='word_1_150' title='bbox 608 2851 692 2897; x_wconf 87' lang='lat' dir='ltr'><strong>anno</strong></span> <span class='ocrx_word' id='word_1_151' title='bbox 724 2833 802 2897; x_wconf 77' lang='lat' dir='ltr'><strong>tant</strong></span> <span class='ocrx_word' id='word_1_152' title='bbox 837 2833 1035 2915; x_wconf 85' lang='lat' dir='ltr'><strong>praescripta</strong></span> <span class='ocrx_word' id='word_1_153' title='bbox 1068 2833 1189 2915; x_wconf 76' lang='lat' dir='ltr'><strong>iurare,</strong></span> <span class='ocrx_word' id='word_1_154' title='bbox 1219 2834 1334 2913; x_wconf 82' lang='lat' dir='ltr'><strong>equod</strong></span> 
     </span>
     <span class='ocr_line' id='line_1_24' title="bbox 256 2927 1335 3013; baseline 0.004 -25"><span class='ocrx_word' id='word_1_155' title='bbox 256 2927 426 2992; x_wconf 78' lang='lat' dir='ltr'><strong>»officium</strong></span> <span class='ocrx_word' id='word_1_156' title='bbox 449 2929 527 2995; x_wconf 87' lang='lat' dir='ltr'><strong>iilud</strong></span> <span class='ocrx_word' id='word_1_157' title='bbox 553 2931 679 3010; x_wconf 90' lang='lat' dir='ltr'><strong>nominc</strong></span> <span class='ocrx_word' id='word_1_158' title='bbox 702 2949 762 2998; x_wconf 86' lang='lat' dir='ltr'><strong>suo</strong></span> <span class='ocrx_word' id='word_1_159' title='bbox 786 2935 926 3013; x_wconf 85' lang='lat' dir='ltr'><strong>proprio,</strong></span> <span class='ocrx_word' id='word_1_160' title='bbox 945 2941 976 2997; x_wconf 91' lang='lat' dir='ltr'><strong>ct</strong></span> <span class='ocrx_word' id='word_1_161' title='bbox 998 2933 1036 2996; x_wconf 92' lang='lat' dir='ltr'><strong>ad</strong></span> <span class='ocrx_word' id='word_1_162' title='bbox 1062 2931 1181 2996; x_wconf 83' lang='lat' dir='ltr'><strong>nuliius</strong></span> <span class='ocrx_word' id='word_1_163' title='bbox 1203 2931 1335 2996; x_wconf 87' lang='lat' dir='ltr'><strong>alterius</strong></span> 
     </span>
     <span class='ocr_line' id='line_1_25' title="bbox 255 3025 1336 3111; baseline 0.007 -26"><span class='ocrx_word' id='word_1_164' title='bbox 255 3025 465 3101; x_wconf 67' lang='lat' dir='ltr'><strong>umilitatem,</strong></span> <span class='ocrx_word' id='word_1_165' title='bbox 493 3028 543 3093; x_wconf 91' lang='lat' dir='ltr'><strong>vei</strong></span> <span class='ocrx_word' id='word_1_166' title='bbox 579 3029 618 3092; x_wconf 91' lang='lat' dir='ltr'><strong>ab</strong></span> <span class='ocrx_word' id='word_1_167' title='bbox 648 3029 755 3111; x_wconf 85' lang='lat' dir='ltr'><strong>aliquo</strong></span> <span class='ocrx_word' id='word_1_168' title='bbox 785 3031 989 3106; x_wconf 87' lang='lat' dir='ltr'><strong>substitutus,</strong></span> <span class='ocrx_word' id='word_1_169' title='bbox 1017 3029 1190 3105; x_wconf 83' lang='lat' dir='ltr'><strong>exercebit,</strong></span> <span class='ocrx_word' id='word_1_170' title='bbox 1218 3037 1249 3094; x_wconf 89' lang='lat' dir='ltr'><strong>ct</strong></span> <span class='ocrx_word' id='word_1_171' title='bbox 1278 3047 1336 3110; x_wconf 83' lang='lat' dir='ltr'><strong>pro</strong></span> 
     </span>
     <span class='ocr_line' id='line_1_26' title="bbox 255 3123 1336 3209; baseline 0.005 -23"><span class='ocrx_word' id='word_1_172' title='bbox 255 3147 268 3186; x_wconf 78' lang='grc' dir='ltr'><strong>ι</strong></span> <span class='ocrx_word' id='word_1_173' title='bbox 287 3123 341 3189; x_wconf 92' lang='lat' dir='ltr'><strong>iiio</strong></span> <span class='ocrx_word' id='word_1_174' title='bbox 357 3124 395 3188; x_wconf 92' lang='lat' dir='ltr'><strong>ad</strong></span> <span class='ocrx_word' id='word_1_175' title='bbox 414 3125 596 3190; x_wconf 89' lang='lat' dir='ltr'><strong>instantiam</strong></span> <span class='ocrx_word' id='word_1_176' title='bbox 612 3128 790 3209; x_wconf 83' lang='lat' dir='ltr'><strong>cujuspiam</strong></span> <span class='ocrx_word' id='word_1_177' title='bbox 807 3129 876 3194; x_wconf 89' lang='lat' dir='ltr'><strong>sire</strong></span> <span class='ocrx_word' id='word_1_178' title='bbox 892 3129 1089 3209; x_wconf 78' lang='lat' dir='ltr'><strong>petitionem,</strong></span> <span class='ocrx_word' id='word_1_179' title='bbox 1107 3145 1162 3193; x_wconf 92' lang='lat' dir='ltr'><strong>seu</strong></span> <span class='ocrx_word' id='word_1_180' title='bbox 1179 3145 1216 3194; x_wconf 89' lang='lat' dir='ltr'><strong>cx</strong></span> <span class='ocrx_word' id='word_1_181' title='bbox 1234 3128 1336 3208; x_wconf 85' lang='lat' dir='ltr'><strong>pretio</strong></span> 
     </span>
     <span class='ocr_line' id='line_1_27' title="bbox 255 3223 1336 3308; baseline 0.004 -23"><span class='ocrx_word' id='word_1_182' title='bbox 255 3223 336 3287; x_wconf 77' lang='lat' dir='ltr'><strong>»vei</strong></span> <span class='ocrx_word' id='word_1_183' title='bbox 359 3239 397 3288; x_wconf 85' lang='lat' dir='ltr'><strong>en</strong></span> <span class='ocrx_word' id='word_1_184' title='bbox 420 3226 633 3291; x_wconf 87' lang='lat' dir='ltr'><strong>conventione</strong></span> <span class='ocrx_word' id='word_1_185' title='bbox 660 3243 722 3290; x_wconf 87' lang='lat' dir='ltr'><strong>uon</strong></span> <span class='ocrx_word' id='word_1_186' title='bbox 750 3227 850 3302; x_wconf 87' lang='lat' dir='ltr'><strong>dedit,</strong></span> <span class='ocrx_word' id='word_1_187' title='bbox 869 3227 1027 3307; x_wconf 80' lang='lat' dir='ltr'><strong>promisit,</strong></span> <span class='ocrx_word' id='word_1_188' title='bbox 1045 3243 1148 3308; x_wconf 85' lang='lat' dir='ltr'><strong>neque</strong></span> <span class='ocrx_word' id='word_1_189' title='bbox 1174 3225 1260 3290; x_wconf 88' lang='lat' dir='ltr'><strong>dabit</strong></span> <span class='ocrx_word' id='word_1_190' title='bbox 1288 3226 1336 3290; x_wconf 90' lang='lat' dir='ltr'><strong>vel</strong></span> 
     </span>
     <span class='ocr_line' id='line_1_28' title="bbox 256 3322 1338 3405; baseline 0.004 -21"><span class='ocrx_word' id='word_1_191' title='bbox 256 3345 269 3384; x_wconf 76' lang='lat' dir='ltr'><strong>i</strong></span> <span class='ocrx_word' id='word_1_192' title='bbox 288 3322 452 3403; x_wconf 81' lang='lat' dir='ltr'><strong>promittet</strong></span> <span class='ocrx_word' id='word_1_193' title='bbox 467 3323 556 3400; x_wconf 86' lang='lat' dir='ltr'><strong>dare,</strong></span> <span class='ocrx_word' id='word_1_194' title='bbox 572 3325 742 3390; x_wconf 80' lang='lat' dir='ltr'><strong>annueret</strong></span> <span class='ocrx_word' id='word_1_195' title='bbox 759 3325 796 3389; x_wconf 93' lang='lat' dir='ltr'><strong>ad</strong></span> <span class='ocrx_word' id='word_1_196' title='bbox 815 3335 953 3405; x_wconf 79' lang='lat' dir='ltr'><strong>tempus,</strong></span> <span class='ocrx_word' id='word_1_197' title='bbox 971 3341 1028 3390; x_wconf 80' lang='lat' dir='ltr'><strong>seu</strong></span> <span class='ocrx_word' id='word_1_198' title='bbox 1047 3328 1076 3389; x_wconf 94' lang='lat' dir='ltr'><strong>in</strong></span> <span class='ocrx_word' id='word_1_199' title='bbox 1095 3326 1263 3405; x_wconf 84' lang='lat' dir='ltr'><strong>promptis,</strong></span> <span class='ocrx_word' id='word_1_200' title='bbox 1282 3341 1338 3405; x_wconf 82' lang='lat' dir='ltr'><strong>per</strong></span> 
     </span>
     <span class='ocr_line' id='line_1_29' title="bbox 256 3421 1335 3506; baseline 0.004 -24"><span class='ocrx_word' id='word_1_201' title='bbox 256 3439 323 3487; x_wconf 79' lang='lat' dir='ltr'><strong>»se</strong></span> <span class='ocrx_word' id='word_1_202' title='bbox 353 3422 403 3487; x_wconf 88' lang='lat' dir='ltr'><strong>ret</strong></span> <span class='ocrx_word' id='word_1_203' title='bbox 433 3421 541 3498; x_wconf 89' lang='lat' dir='ltr'><strong>atium,</strong></span> <span class='ocrx_word' id='word_1_204' title='bbox 560 3423 681 3488; x_wconf 81' lang='lat' dir='ltr'><strong>directe</strong></span> <span class='ocrx_word' id='word_1_205' title='bbox 706 3424 755 3488; x_wconf 89' lang='lat' dir='ltr'><strong>vei</strong></span> <span class='ocrx_word' id='word_1_206' title='bbox 784 3423 950 3499; x_wconf 89' lang='lat' dir='ltr'><strong>indirecte,</strong></span> <span class='ocrx_word' id='word_1_207' title='bbox 969 3423 1095 3506; x_wconf 86' lang='lat' dir='ltr'><strong>publice</strong></span> <span class='ocrx_word' id='word_1_208' title='bbox 1121 3423 1170 3488; x_wconf 81' lang='lat' dir='ltr'><strong>ret</strong></span> <span class='ocrx_word' id='word_1_209' title='bbox 1198 3423 1335 3497; x_wconf 83' lang='lat' dir='ltr'><strong>occulte,</strong></span> 
     </span>
     <span class='ocr_line' id='line_1_30' title="bbox 256 3522 739 3604; baseline 0.008 -22"><span class='ocrx_word' id='word_1_210' title='bbox 256 3545 269 3582; x_wconf 71' lang='grc' dir='ltr'><strong>ι</strong></span> <span class='ocrx_word' id='word_1_211' title='bbox 288 3522 403 3604; x_wconf 85' lang='lat' dir='ltr'><strong>quovis</strong></span> <span class='ocrx_word' id='word_1_212' title='bbox 418 3524 565 3604; x_wconf 89' lang='lat' dir='ltr'><strong>quaesito</strong></span> <span class='ocrx_word' id='word_1_213' title='bbox 581 3524 703 3591; x_wconf 86' lang='lat' dir='ltr'><strong>colore.</strong></span> <span class='ocrx_word' id='word_1_214' title='bbox 726 3547 739 3586; x_wconf 73' lang='lat' dir='ltr'><strong>u</strong></span> 
     </span>
    </p>

    <p class='ocr_par' dir='ltr' id='par_1_10' title="bbox 295 3620 1339 3688">
     <span class='ocr_line' id='line_1_31' title="bbox 295 3620 1339 3688; baseline 0.003 -5"><span class='ocrx_word' id='word_1_215' title='bbox 295 3620 419 3686; x_wconf 76' lang='lat' dir='ltr'><strong>Titulus</strong></span> <span class='ocrx_word' id='word_1_216' title='bbox 434 3638 475 3685; x_wconf 81' lang='lat' dir='ltr'><strong>xv</strong></span> <span class='ocrx_word' id='word_1_217' title='bbox 490 3621 686 3688; x_wconf 85' lang='lat' dir='ltr'><strong>statutorum</strong></span> <span class='ocrx_word' id='word_1_218' title='bbox 699 3622 889 3688; x_wconf 79' lang='lat' dir='ltr'><strong>Academiae</strong></span> <span class='ocrx_word' id='word_1_219' title='bbox 908 3621 1115 3688; x_wconf 83' lang='lat' dir='ltr'><strong>boraniensis</strong></span> <span class='ocrx_word' id='word_1_220' title='bbox 1133 3621 1213 3687; x_wconf 88' lang='lat' dir='ltr'><strong>baec</strong></span> <span class='ocrx_word' id='word_1_221' title='bbox 1228 3620 1339 3686; x_wconf 84' lang='lat' dir='ltr'><strong>statuit</strong></span> 
     </span>
    </p>
   </div>
   <div class='ocr_carea' id='block_1_9' title="bbox 332 3755 1263 3824">
    <p class='ocr_par' dir='ltr' id='par_1_11' title="bbox 332 3755 1263 3824">
     <span class='ocr_line' id='line_1_32' title="bbox 332 3755 1263 3824; baseline 0.004 -16"><span class='ocrx_word' id='word_1_222' title='bbox 332 3755 372 3808; x_wconf 81' lang='lat' dir='ltr'><strong>De</strong></span> <span class='ocrx_word' id='word_1_223' title='bbox 391 3759 478 3820; x_wconf 76' lang='lat' dir='ltr'><strong>officio</strong></span> <span class='ocrx_word' id='word_1_224' title='bbox 497 3760 670 3811; x_wconf 78' lang='lat' dir='ltr'><strong>notariorum</strong></span> <span class='ocrx_word' id='word_1_225' title='bbox 689 3761 796 3811; x_wconf 78' lang='lat' dir='ltr'><strong>domini</strong></span> <span class='ocrx_word' id='word_1_226' title='bbox 817 3755 1024 3812; x_wconf 79' lang='lat' dir='ltr'><strong>Conservatorts</strong></span> <span class='ocrx_word' id='word_1_227' title='bbox 1042 3759 1263 3824; x_wconf 70' lang='lat' dir='ltr'><strong>prtaiboiorum.</strong></span> 
     </span>
    </p>
   </div>
   <div class='ocr_carea' id='block_1_10' title="bbox 256 3875 1343 4252">
    <p class='ocr_par' dir='ltr' id='par_1_12' title="bbox 256 3875 1343 4252">
     <span class='ocr_line' id='line_1_33' title="bbox 297 3875 1341 3944; baseline 0.002 -4"><span class='ocrx_word' id='word_1_228' title='bbox 297 3875 321 3940; x_wconf 90' lang='grc' dir='ltr'><strong>Ι.</strong></span> <span class='ocrx_word' id='word_1_229' title='bbox 346 3876 445 3942; x_wconf 87' lang='lat' dir='ltr'><strong>Nemo</strong></span> <span class='ocrx_word' id='word_1_230' title='bbox 469 3877 653 3943; x_wconf 87' lang='lat' dir='ltr'><strong>admittatur</strong></span> <span class='ocrx_word' id='word_1_231' title='bbox 672 3879 709 3942; x_wconf 91' lang='lat' dir='ltr'><strong>ad</strong></span> <span class='ocrx_word' id='word_1_232' title='bbox 729 3879 888 3943; x_wconf 91' lang='lat' dir='ltr'><strong>notarium</strong></span> <span class='ocrx_word' id='word_1_233' title='bbox 905 3877 1014 3944; x_wconf 87' lang='lat' dir='ltr'><strong>curiae</strong></span> <span class='ocrx_word' id='word_1_234' title='bbox 1029 3877 1149 3942; x_wconf 92' lang='lat' dir='ltr'><strong>domini</strong></span> <span class='ocrx_word' id='word_1_235' title='bbox 1166 3879 1341 3942; x_wconf 82' lang='lat' dir='ltr'><strong>Conserva-</strong></span> 
     </span>
     <span class='ocr_line' id='line_1_34' title="bbox 256 3973 1341 4058; baseline 0.005 -21"><span class='ocrx_word' id='word_1_236' title='bbox 256 3973 337 4040; x_wconf 87' lang='lat' dir='ltr'><strong>toris</strong></span> <span class='ocrx_word' id='word_1_237' title='bbox 351 3973 591 4057; x_wconf 82' lang='lat' dir='ltr'><strong>privilegiorum</strong></span> <span class='ocrx_word' id='word_1_238' title='bbox 609 3993 754 4053; x_wconf 90' lang='lat' dir='ltr'><strong>suorum,</strong></span> <span class='ocrx_word' id='word_1_239' title='bbox 773 3977 833 4042; x_wconf 92' lang='lat' dir='ltr'><strong>nisi</strong></span> <span class='ocrx_word' id='word_1_240' title='bbox 850 3978 910 4041; x_wconf 89' lang='lat' dir='ltr'><strong>sub</strong></span> <span class='ocrx_word' id='word_1_241' title='bbox 927 3979 986 4042; x_wconf 92' lang='lat' dir='ltr'><strong>bac</strong></span> <span class='ocrx_word' id='word_1_242' title='bbox 1002 3978 1072 4058; x_wconf 89' lang='lat' dir='ltr'><strong>lege</strong></span> <span class='ocrx_word' id='word_1_243' title='bbox 1091 3984 1123 4042; x_wconf 89' lang='lat' dir='ltr'><strong>ct</strong></span> <span class='ocrx_word' id='word_1_244' title='bbox 1144 3976 1341 4052; x_wconf 90' lang='lat' dir='ltr'><strong>conditione,</strong></span> 
     </span>
     <span class='ocr_line' id='line_1_35' title="bbox 256 4073 1343 4158; baseline 0.003 -21"><span class='ocrx_word' id='word_1_245' title='bbox 256 4073 354 4151; x_wconf 81' lang='lat' dir='ltr'><strong>quod,</strong></span> <span class='ocrx_word' id='word_1_246' title='bbox 380 4075 505 4154; x_wconf 82' lang='lat' dir='ltr'><strong>quoties</strong></span> <span class='ocrx_word' id='word_1_247' title='bbox 543 4075 747 4141; x_wconf 89' lang='lat' dir='ltr'><strong>Universitati</strong></span> <span class='ocrx_word' id='word_1_248' title='bbox 779 4076 938 4141; x_wconf 91' lang='lat' dir='ltr'><strong>videbitur</strong></span> <span class='ocrx_word' id='word_1_249' title='bbox 966 4075 1130 4158; x_wconf 84' lang='lat' dir='ltr'><strong>expedire,</strong></span> <span class='ocrx_word' id='word_1_250' title='bbox 1156 4075 1256 4157; x_wconf 84' lang='lat' dir='ltr'><strong>possit</strong></span> <span class='ocrx_word' id='word_1_251' title='bbox 1286 4093 1343 4156; x_wconf 85' lang='lat' dir='ltr'><strong>per</strong></span> 
     </span>
     <span class='ocr_line' id='line_1_36' title="bbox 257 4171 1341 4252; baseline 0.006 -19"><span class='ocrx_word' id='word_1_252' title='bbox 257 4171 359 4252; x_wconf 86' lang='lat' dir='ltr'><strong>ipsam</strong></span> <span class='ocrx_word' id='word_1_253' title='bbox 377 4171 622 4239; x_wconf 88' lang='lat' dir='ltr'><strong>Universitatem</strong></span> <span class='ocrx_word' id='word_1_254' title='bbox 639 4175 679 4241; x_wconf 90' lang='lat' dir='ltr'><strong>de</strong></span> <span class='ocrx_word' id='word_1_255' title='bbox 694 4193 753 4242; x_wconf 90' lang='lat' dir='ltr'><strong>sno</strong></span> <span class='ocrx_word' id='word_1_256' title='bbox 769 4175 876 4242; x_wconf 85' lang='lat' dir='ltr'><strong>officio</strong></span> <span class='ocrx_word' id='word_1_257' title='bbox 893 4176 1035 4242; x_wconf 88' lang='lat' dir='ltr'><strong>destitui.</strong></span> <span class='ocrx_word' id='word_1_258' title='bbox 1054 4173 1091 4239; x_wconf 86' lang='lat' dir='ltr'><strong>Et</strong></span> <span class='ocrx_word' id='word_1_259' title='bbox 1108 4175 1157 4240; x_wconf 93' lang='lat' dir='ltr'><strong>sic</strong></span> <span class='ocrx_word' id='word_1_260' title='bbox 1180 4175 1341 4240; x_wconf 86' lang='lat' dir='ltr'><strong>admissus</strong></span> 
     </span>
    </p>
   </div>
   <div class='ocr_carea' id='block_1_11' title="bbox 0 0 1636 4946">
    <p class='ocr_par' dir='ltr' id='par_1_13' title="bbox 0 0 1636 4946">
     <span class='ocr_line' id='line_1_37' title="bbox 0 0 1636 4946; baseline 0 0"><span class='ocrx_word' id='word_1_261' title='bbox 0 0 1636 4946; x_wconf 95' lang='lat' dir='ltr'><strong> </strong></span> 
     </span>
    </p>
   </div>
  </div>
 </body>
</html>
