3222 4944
680 434 909 504 -sts-·

227 617 404 682 doctrinam
430 617 579 694 thamesin
607 637 700 701 quae.
725 621 797 702 quia
821 621 941 688 Romae
967 623 1009 688 oh
1034 623 1211 706 periculum
1239 621 1313 690 ndei

225 715 383 808 prohibita
407 727 467 792 est,
493 718 569 782 nulli
598 718 688 783 lateri
709 719 827 796 ¹volunt
843 737 880 786 se
897 720 1103 788 Cartltesium
1117 722 1246 800 docere,
1261 724 1318 790 sed

225 823 346 880 tantum
371 815 494 898 aliquas
518 817 725 898 probationes
753 819 959 885 mechanicas
987 839 1024 886 er
1052 821 1109 888 illo
1130 822 1315 898 desumere,

226 911 300 978 cuin
326 924 429 980 tamen
453 915 484 980 in
506 915 620 982 effectu
644 917 762 982 diversi
778 918 956 984 doctrinam
973 919 1060 986 illius
1077 929 1269 1002 sequantur,
1288 928 1319 986 et

226 1012 408 1080 sustineant
421 1031 484 1080 nou
496 1014 564 1080 dari
577 1015 767 1092 accidentia,
778 1033 843 1083 non
855 1017 922 1084 dari
937 1019 1061 1085 animas
1073 1019 1106 1084 io
1119 1019 1236 1096 brutis,
1252 1028 1314 1086 ete.

271 1161 332 1227 Pro
355 1163 498 1228 remedio
520 1165 682 1230 communi
703 1163 824 1246 judicio
847 1175 977 1248 putatur
999 1168 1182 1244 convenire,
1210 1167 1260 1234 cui
1286 1177 1318 1234 et

228 1263 358 1338 accedo,
389 1280 428 1327 ex
458 1265 656 1343 parteseae
689 1263 863 1346 Maiestatis
893 1275 948 1331 aut
985 1267 1079 1332 aliter
1116 1266 1318 1348 professores

228 1360 403 1441 adigendos
420 1378 493 1432 esse
508 1363 546 1427 ad
567 1363 787 1444 explicandam
812 1365 1051 1447 philosophiam
1078 1366 1318 1447 peripateticam

227 1459 421 1535 Aristotelis,
447 1461 563 1526 omissa
590 1463 787 1539 Cartesiana,
814 1464 857 1527 uti
886 1463 1083 1529 destructiva
1114 1463 1317 1530 diversorum

228 1557 412 1642 dogmatum
430 1557 517 1626 hdei.

749 1694 799 1758 24.

270 1841 414 1906 Visitatio
429 1841 573 1907 decernit
590 1851 622 1906 ut
637 1842 788 1906 habeatur
802 1845 883 1906 rofio
906 1843 1061 1906 scientiae·
1075 1843 1217 1920 morulis,
1235 1849 1263 1907 ef
1283 1861 1321 1908 eo

228 1941 389 2006 dominicis
414 1960 450 2005 ec
474 1941 561 2019 festis
586 1941 705 2016 dicbus,
730 1941 775 2006 rel
800 1959 856 2024 per
879 1943 1087 2024 professorem
1113 1940 1268 2022 pullicum
1289 1945 1322 2005 ht

227 2039 312 2103 scola
339 2042 464 2115 ortium,
495 2042 541 2106 uel
570 2043 603 2104 ic
628 2041 806 2124 pedepopiis
833 2059 888 2124 per
917 2041 1102 2105 domesticos
1132 2039 1323 2122 professores

231 2137 391 2204 domatur.

190 2337 194 2344 ,
271 2269 451 2336 professori
468 2272 589 2338 ethices
606 2271 760 2337 incumbit
775 2271 828 2336 isti
845 2272 981 2337 articulo
997 2271 1200 2338 satisfacere.
1218 2271 1318 2338 Docet

227 2368 281 2433 ille
296 2369 424 2450 quidem
437 2369 609 2434 dominicis
625 2379 656 2434 et
672 2370 839 2444 festis‚sed
857 2370 973 2450 exiguo
986 2370 1079 2434 valde
1092 2373 1265 2436 concursu.
1282 2369 1316 2434 ln

227 2468 390 2532 erectione
416 2468 495 2532 Nori
522 2468 654 2549 Collegit
682 2468 905 2534 sanctissimae
930 2467 1097 2532 Trinitatis
1123 2477 1315 2534 conuentum

226 2565 330 2631 luerat
357 2575 390 2630 ut
416 2567 511 2632 lectio
537 2568 659 2632 ethices
687 2568 888 2632 conferretur
915 2566 1050 2648 regenti,
1071 2575 1100 2632 et
1129 2567 1225 2632 lectio
1246 2565 1319 2637 relo·

229 2663 378 2744 quentiae
411 2666 565 2747 magistro
601 2665 792 2745 rhetorices.
825 2665 861 2730 ht
898 2665 948 2730 sic
985 2665 1101 2730 factum
1139 2663 1209 2728 luit.
1241 2663 1320 2740 Quia

231 2754 337 2828 eutem
360 2764 475 2830 deinde
498 2764 631 2845 contigit
650 2774 815 2846 regentem
829 2773 861 2829 et
878 2764 1065 2845 magistrum
1082 2763 1262 2828 rhetorices
1278 2761 1321 2827 oh

233 2861 379 2938 altiorem
403 2864 637 2946 promotionem
660 2862 831 2944 collegium
854 2862 1018 2936 deserere,
1036 2861 1139 2927 dictas
1163 2861 1321 2928 lectiones

233 2959 296 3024 sihi
326 2972 543 3038 reservarunt,
573 2962 674 3026 eloh
703 2961 863 3027 defectum
894 2959 1124 3041 discipulorum
1154 2975 1317 3026 concursu

234 3068 356 3124 carent.

273 3189 464 3256 conveniret
501 3200 534 3256 ut
571 3207 780 3272 possessores
816 3190 942 3254 illarum
974 3188 1082 3254 induci
1113 3196 1249 3269 possent
1277 3188 1317 3252 ad

232 3289 460 3371 resignandum
475 3291 641 3355 actualiter
658 3289 780 3371 regenti
804 3299 836 3354 et
861 3289 1015 3370 magistro
1038 3285 1217 3353 rhetorices
1242 3287 1319 3352 dicti

232 3389 311 3454 llovi
321 3389 464 3471 Gollogii.
474 3389 548 3464 Sed,
558 3389 632 3471 quia
646 3389 853 3470 magistratus
864 3386 1075 3454 Lovanieosis
1090 3395 1140 3452 est
1154 3393 1320 3466 patronus,

233 3489 363 3554 timetur
379 3488 462 3570 quod
481 3488 557 3552 nihil
573 3504 646 3553 cum
662 3487 776 3552 effectu
795 3486 864 3552 fieri
882 3486 1010 3567 poterit.
1029 3484 1108 3549 llinc
1120 3484 1219 3566 aliqui
1234 3483 1322 3550 desi·

233 3588 383 3653 derarent
399 3595 573 3669 proventus
589 3587 714 3650 illarum
730 3585 904 3652 lectionum
925 3583 1007 3648 uniri
1030 3592 1061 3650 et
1082 3581 1318 3664 professionem

235 3686 349 3750 mutari
367 3687 584 3751 infectionem
602 3684 756 3749 historiae
771 3683 1024 3756 ecclesiasticae,
1037 3698 1119 3763 quae
1136 3682 1167 3744 in
1185 3682 1319 3746 Univer-

234 3785 328 3850 sitalc
351 3781 565 3850 desideratur.
584 3783 690 3849 Lectio
713 3783 798 3848 enim
820 3781 1023 3863 eloquentiae
1045 3780 1189 3862 suppleri
1214 3788 1321 3862 potest

236 3901 293 3965 per
321 3885 490 3950 lectionem
521 3884 664 3958 latinam,
687 3892 718 3948 et
740 3883 863 3948 ethices
887 3897 943 3961 per
966 3879 1160 3945 domesticas
1183 3879 1321 3944 instruc·

179 3971 182 3984 '
235 3984 340 4048 tiones
371 3984 591 4064 professorum
620 3984 653 4046 io
685 3981 889 4062 pedagogum
920 3977 975 4062 qui
1006 3979 1150 4046 scolares
1175 3995 1254 4044 suos
1280 3975 1320 4042 ad

234 4083 403 4149 lectionem
419 4082 541 4155 ethices
557 4081 817 4162 frequentandam
834 4080 964 4160 adigere
980 4077 1103 4151 nolunt,
1120 4077 1265 4144 dicentes
1282 4093 1321 4141 se

234 4181 265 4246 in
283 4182 382 4248 scolis
396 4181 466 4248 suis
482 4181 577 4248 etiam
594 4180 729 4246 ethicam
743 4179 871 4247 docere.
881 4175 942 4242 Sed
956 4175 1029 4258 quia
1042 4175 1145 4240 dictae
1161 4175 1319 4242 lectiones

317 4317 339 4361 ι.
1197 4290 1237 4358 tl
