<?xml version="1.0" encoding="UTF-8"?>
<!DOCTYPE html PUBLIC "-//W3C//DTD XHTML 1.0 Transitional//EN"
    "http://www.w3.org/TR/xhtml1/DTD/xhtml1-transitional.dtd">
<html xmlns="http://www.w3.org/1999/xhtml" xml:lang="en" lang="en">
 <head>
  <title>
</title>
<meta http-equiv="Content-Type" content="text/html;charset=utf-8" />
  <meta name='ocr-system' content='tesseract 3.04.00' />
  <meta name='ocr-capabilities' content='ocr_page ocr_carea ocr_par ocr_line ocrx_word'/>
</head>
<body>
  <div class='ocr_page' id='page_1' title='image "./documentsrelati00reusgoog_0018.png"; bbox 0 0 3112 4942; ppageno 0'>
   <div class='ocr_carea' id='block_1_1' title="bbox 239 647 1329 1226">
    <p class='ocr_par' dir='ltr' id='par_1_1' title="bbox 239 647 1329 1226">
     <span class='ocr_line' id='line_1_1' title="bbox 239 647 1325 733; baseline -0.002 -17"><span class='ocrx_word' id='word_1_1' title='bbox 239 648 369 732; x_wconf 73' lang='lat' dir='ltr'><strong>eplicit</strong></span> <span class='ocrx_word' id='word_1_2' title='bbox 386 649 560 725; x_wconf 76' lang='lat' dir='ltr'><strong>amionem,</strong></span> <span class='ocrx_word' id='word_1_3' title='bbox 574 647 790 731; x_wconf 76' lang='lat' dir='ltr'><strong>porciustlem</strong></span> <span class='ocrx_word' id='word_1_4' title='bbox 807 649 970 733; x_wconf 79' lang='lat' dir='ltr'><strong>sapiencie</strong></span> <span class='ocrx_word' id='word_1_5' title='bbox 985 649 1103 715; x_wconf 78' lang='lat' dir='ltr'><strong>dorum</strong></span> <span class='ocrx_word' id='word_1_6' title='bbox 1121 649 1152 714; x_wconf 92' lang='lat' dir='ltr'><strong>in</strong></span> <span class='ocrx_word' id='word_1_7' title='bbox 1169 649 1220 714; x_wconf 75' lang='lat' dir='ltr'><strong>riu</strong></span> <span class='ocrx_word' id='word_1_8' title='bbox 1233 659 1325 714; x_wconf 79' lang='lat' dir='ltr'><strong>man-</strong></span> 
     </span>
     <span class='ocr_line' id='line_1_2' title="bbox 240 747 1325 831; baseline 0.001 -18"><span class='ocrx_word' id='word_1_9' title='bbox 240 749 389 814; x_wconf 74' lang='lat' dir='ltr'><strong>datorum</strong></span> <span class='ocrx_word' id='word_1_10' title='bbox 403 748 529 822; x_wconf 77' lang='lat' dir='ltr'><strong>arrecti,</strong></span> <span class='ocrx_word' id='word_1_11' title='bbox 539 747 610 813; x_wconf 65' lang='lat' dir='ltr'><strong>*teri</strong></span> <span class='ocrx_word' id='word_1_12' title='bbox 623 747 755 812; x_wconf 82' lang='lat' dir='ltr'><strong>lerninis</strong></span> <span class='ocrx_word' id='word_1_13' title='bbox 765 747 948 831; x_wconf 77' lang='lat' dir='ltr'><strong>pertingant</strong></span> <span class='ocrx_word' id='word_1_14' title='bbox 962 749 1151 820; x_wconf 66' lang='lat' dir='ltr'><strong>damiatem.</strong></span> <span class='ocrx_word' id='word_1_15' title='bbox 1165 747 1325 814; x_wconf 81' lang='lat' dir='ltr'><strong>solercios</strong></span> 
     </span>
     <span class='ocr_line' id='line_1_3' title="bbox 242 845 1329 928; baseline 0.001 -18"><span class='ocrx_word' id='word_1_16' title='bbox 242 847 446 914; x_wconf 68' lang='lat' dir='ltr'><strong>mtmacnms</strong></span> <span class='ocrx_word' id='word_1_17' title='bbox 466 847 561 912; x_wconf 77' lang='lat' dir='ltr'><strong>eo&#39;utl</strong></span> <span class='ocrx_word' id='word_1_18' title='bbox 578 847 778 928; x_wconf 71' lang='lat' dir='ltr'><strong>uomendum</strong></span> <span class='ocrx_word' id='word_1_19' title='bbox 801 845 906 927; x_wconf 86' lang='lat' dir='ltr'><strong>ipsius</strong></span> <span class='ocrx_word' id='word_1_20' title='bbox 922 847 1089 928; x_wconf 72' lang='lat' dir='ltr'><strong>eumancio</strong></span> <span class='ocrx_word' id='word_1_21' title='bbox 1111 845 1260 911; x_wconf 75' lang='lat' dir='ltr'><strong>alimenta</strong></span> <span class='ocrx_word' id='word_1_22' title='bbox 1272 847 1329 912; x_wconf 80' lang='lat' dir='ltr'><strong>iit·</strong></span> 
     </span>
     <span class='ocr_line' id='line_1_4' title="bbox 241 939 1327 1027; baseline 0.001 -17"><span class='ocrx_word' id='word_1_23' title='bbox 241 953 382 1010; x_wconf 76' lang='lat' dir='ltr'><strong>maurum</strong></span> <span class='ocrx_word' id='word_1_24' title='bbox 409 945 526 1022; x_wconf 81' lang='lat' dir='ltr'><strong>statis,</strong></span> <span class='ocrx_word' id='word_1_25' title='bbox 555 957 612 1027; x_wconf 88' lang='lat' dir='ltr'><strong>par</strong></span> <span class='ocrx_word' id='word_1_26' title='bbox 637 945 828 1027; x_wconf 79' lang='lat' dir='ltr'><strong>uue&#39;rliuini</strong></span> <span class='ocrx_word' id='word_1_27' title='bbox 856 945 996 1010; x_wconf 88' lang='lat' dir='ltr'><strong>nominis</strong></span> <span class='ocrx_word' id='word_1_28' title='bbox 1020 955 1054 1010; x_wconf 83' lang='lat' dir='ltr'><strong>et</strong></span> <span class='ocrx_word' id='word_1_29' title='bbox 1078 946 1224 1012; x_wconf 70' lang='lat' dir='ltr'><strong>uusoun</strong></span> <span class='ocrx_word' id='word_1_30' title='bbox 1246 939 1327 1011; x_wconf 75' lang='lat' dir='ltr'><strong>aaut</strong></span> 
     </span>
     <span class='ocr_line' id='line_1_5' title="bbox 240 1043 1329 1125; baseline 0 -17"><span class='ocrx_word' id='word_1_31' title='bbox 240 1045 350 1109; x_wconf 90' lang='lat' dir='ltr'><strong>cultus</strong></span> <span class='ocrx_word' id='word_1_32' title='bbox 374 1045 587 1125; x_wconf 76' lang='lat' dir='ltr'>protenditur,</span> <span class='ocrx_word' id='word_1_33' title='bbox 605 1045 770 1109; x_wconf 87' lang='lat' dir='ltr'><strong>militantis</strong></span> <span class='ocrx_word' id='word_1_34' title='bbox 792 1045 932 1110; x_wconf 85' lang='lat' dir='ltr'><strong>ecclesie</strong></span> <span class='ocrx_word' id='word_1_35' title='bbox 949 1059 1002 1110; x_wconf 88' lang='lat' dir='ltr'><strong>res</strong></span> <span class='ocrx_word' id='word_1_36' title='bbox 1024 1045 1151 1125; x_wconf 83' lang='lat' dir='ltr'><strong>publicu</strong></span> <span class='ocrx_word' id='word_1_37' title='bbox 1175 1044 1207 1108; x_wconf 92' lang='lat' dir='ltr'><strong>iu</strong></span> <span class='ocrx_word' id='word_1_38' title='bbox 1231 1043 1329 1125; x_wconf 83' lang='lat' dir='ltr'><strong>spiri-</strong></span> 
     </span>
     <span class='ocr_line' id='line_1_6' title="bbox 242 1143 1329 1226; baseline 0 -19"><span class='ocrx_word' id='word_1_39' title='bbox 242 1143 385 1208; x_wconf 80' lang='lat' dir='ltr'>tualibus</span> <span class='ocrx_word' id='word_1_40' title='bbox 406 1155 437 1208; x_wconf 93' lang='lat' dir='ltr'><strong>et</strong></span> <span class='ocrx_word' id='word_1_41' title='bbox 452 1145 682 1224; x_wconf 79' lang='lat' dir='ltr'><strong>temporalibus</strong></span> <span class='ocrx_word' id='word_1_42' title='bbox 705 1161 778 1208; x_wconf 89' lang='lat' dir='ltr'><strong>curn</strong></span> <span class='ocrx_word' id='word_1_43' title='bbox 794 1145 972 1209; x_wconf 88' lang='lat' dir='ltr'><strong>animarum</strong></span> <span class='ocrx_word' id='word_1_44' title='bbox 996 1145 1100 1208; x_wconf 85' lang='lat' dir='ltr'><strong>salute</strong></span> <span class='ocrx_word' id='word_1_45' title='bbox 1119 1144 1252 1226; x_wconf 82' lang='lat' dir='ltr'><strong>geritur,</strong></span> <span class='ocrx_word' id='word_1_46' title='bbox 1270 1160 1329 1224; x_wconf 89' lang='lat' dir='ltr'><strong>pax</strong></span> 
     </span>
    </p>
   </div>
   <div class='ocr_carea' id='block_1_2' title="bbox 241 1243 1429 1325">
    <p class='ocr_par' dir='ltr' id='par_1_2' title="bbox 241 1243 1429 1325">
     <span class='ocr_line' id='line_1_7' title="bbox 241 1243 1429 1325; baseline -0.001 -18"><span class='ocrx_word' id='word_1_47' title='bbox 241 1253 275 1307; x_wconf 91' lang='lat' dir='ltr'><strong>et</strong></span> <span class='ocrx_word' id='word_1_48' title='bbox 305 1243 520 1325; x_wconf 86' lang='lat' dir='ltr'><strong>tranquillitas</strong></span> <span class='ocrx_word' id='word_1_49' title='bbox 548 1243 681 1309; x_wconf 78' lang='lat' dir='ltr'><strong>ubilibet</strong></span> <span class='ocrx_word' id='word_1_50' title='bbox 710 1243 901 1319; x_wconf 74' lang='lat' dir='ltr'><strong>solidantur,</strong></span> <span class='ocrx_word' id='word_1_51' title='bbox 929 1244 1099 1325; x_wconf 87' lang='lat' dir='ltr'><strong>omnisque</strong></span> <span class='ocrx_word' id='word_1_52' title='bbox 1127 1243 1330 1308; x_wconf 89' lang='lat' dir='ltr'><strong>condicionis</strong></span> <span class='ocrx_word' id='word_1_53' title='bbox 1428 1283 1429 1286; x_wconf 56' lang='lat'><em>=</em></span> 
     </span>
    </p>
   </div>
   <div class='ocr_carea' id='block_1_3' title="bbox 241 1341 1328 1524">
    <p class='ocr_par' dir='ltr' id='par_1_3' title="bbox 241 1341 1328 1524">
     <span class='ocr_line' id='line_1_8' title="bbox 242 1341 1328 1424; baseline 0.002 -20"><span class='ocrx_word' id='word_1_54' title='bbox 242 1341 878 1423; x_wconf 84' lang='lat' dir='ltr'><strong>humanedilataturprosperiras‚nostre</strong></span> <span class='ocrx_word' id='word_1_55' title='bbox 888 1342 1086 1424; x_wconf 89' lang='lat' dir='ltr'><strong>prouisionis</strong></span> <span class='ocrx_word' id='word_1_56' title='bbox 1099 1341 1328 1407; x_wconf 85' lang='lat' dir='ltr'><strong>sollicitudinis</strong></span> 
     </span>
     <span class='ocr_line' id='line_1_9' title="bbox 241 1441 1168 1524; baseline -0.002 -18"><span class='ocrx_word' id='word_1_57' title='bbox 241 1455 305 1524; x_wconf 89' lang='lat' dir='ltr'><strong>ope</strong></span> <span class='ocrx_word' id='word_1_58' title='bbox 320 1441 571 1524; x_wconf 79' lang='lat' dir='ltr'><strong>apostolicisque</strong></span> <span class='ocrx_word' id='word_1_59' title='bbox 587 1441 751 1506; x_wconf 77' lang='lat' dir='ltr'><strong>fauoribus</strong></span> <span class='ocrx_word' id='word_1_60' title='bbox 767 1442 964 1523; x_wconf 77' lang='lat' dir='ltr'>propensius</span> <span class='ocrx_word' id='word_1_61' title='bbox 979 1443 1168 1508; x_wconf 70' lang='lat' dir='ltr'>exonerans.</span> 
     </span>
    </p>
   </div>
   <div class='ocr_carea' id='block_1_4' title="bbox 522 1605 1045 1676">
    <p class='ocr_par' dir='ltr' id='par_1_4' title="bbox 522 1605 1045 1676">
     <span class='ocr_line' id='line_1_10' title="bbox 522 1605 1045 1676; baseline 0.004 -14"><span class='ocrx_word' id='word_1_62' title='bbox 522 1605 672 1676; x_wconf 67' lang='lat' dir='ltr'><strong>&amp;supplicare</strong></span> <span class='ocrx_word' id='word_1_63' title='bbox 688 1623 751 1663; x_wconf 77' lang='lat' dir='ltr'><strong>cccc</strong></span> <span class='ocrx_word' id='word_1_64' title='bbox 768 1613 914 1663; x_wconf 71' lang='lat' dir='ltr'><strong>retronea</strong></span> <span class='ocrx_word' id='word_1_65' title='bbox 933 1609 1045 1676; x_wconf 77' lang='lat' dir='ltr'><strong>tappet.</strong></span> 
     </span>
    </p>
   </div>
   <div class='ocr_carea' id='block_1_5' title="bbox 240 1725 1331 4286">
    <p class='ocr_par' dir='ltr' id='par_1_5' title="bbox 240 1725 1331 4286">
     <span class='ocr_line' id='line_1_11' title="bbox 285 1725 1329 1813; baseline 0 -19"><span class='ocrx_word' id='word_1_66' title='bbox 285 1731 367 1796; x_wconf 89' lang='lat' dir='ltr'><strong>Sane</strong></span> <span class='ocrx_word' id='word_1_67' title='bbox 385 1749 443 1811; x_wconf 92' lang='lat' dir='ltr'><strong>pro</strong></span> <span class='ocrx_word' id='word_1_68' title='bbox 460 1729 548 1813; x_wconf 86' lang='lat' dir='ltr'><strong>parte</strong></span> <span class='ocrx_word' id='word_1_69' title='bbox 570 1729 760 1796; x_wconf 88' lang='lat' dir='ltr'><strong>dilectorum</strong></span> <span class='ocrx_word' id='word_1_70' title='bbox 783 1729 922 1796; x_wconf 78' lang='lat' dir='ltr'><strong>illiorum</strong></span> <span class='ocrx_word' id='word_1_71' title='bbox 947 1727 1065 1794; x_wconf 87' lang='lat' dir='ltr'><strong>nobilis</strong></span> <span class='ocrx_word' id='word_1_72' title='bbox 1089 1725 1149 1792; x_wconf 82' lang='lat' dir='ltr'><strong>viri</strong></span> <span class='ocrx_word' id='word_1_73' title='bbox 1173 1728 1329 1794; x_wconf 86' lang='lat' dir='ltr'><strong>iohannis</strong></span> 
     </span>
     <span class='ocr_line' id='line_1_12' title="bbox 241 1827 1328 1912; baseline -0.004 -17"><span class='ocrx_word' id='word_1_74' title='bbox 241 1831 336 1896; x_wconf 89' lang='lat' dir='ltr'><strong>ducis</strong></span> <span class='ocrx_word' id='word_1_75' title='bbox 357 1831 543 1904; x_wconf 83' lang='lat' dir='ltr'><strong>Brabancie,</strong></span> <span class='ocrx_word' id='word_1_76' title='bbox 560 1847 598 1895; x_wconf 92' lang='lat' dir='ltr'><strong>ac</strong></span> <span class='ocrx_word' id='word_1_77' title='bbox 622 1829 788 1912; x_wconf 81' lang='lat' dir='ltr'><strong>prepositi.</strong></span> <span class='ocrx_word' id='word_1_78' title='bbox 806 1830 931 1904; x_wconf 87' lang='lat' dir='ltr'><strong>decani,</strong></span> <span class='ocrx_word' id='word_1_79' title='bbox 949 1827 1112 1894; x_wconf 77' lang='lat' dir='ltr'><strong>scolastici</strong></span> <span class='ocrx_word' id='word_1_80' title='bbox 1143 1838 1175 1894; x_wconf 89' lang='lat' dir='ltr'><strong>et</strong></span> <span class='ocrx_word' id='word_1_81' title='bbox 1198 1827 1328 1909; x_wconf 90' lang='lat' dir='ltr'><strong>capituli</strong></span> 
     </span>
     <span class='ocr_line' id='line_1_13' title="bbox 241 1928 1329 2011; baseline -0.004 -16"><span class='ocrx_word' id='word_1_82' title='bbox 241 1929 381 1995; x_wconf 89' lang='lat' dir='ltr'><strong>ecclesie</strong></span> <span class='ocrx_word' id='word_1_83' title='bbox 397 1929 500 1994; x_wconf 89' lang='lat' dir='ltr'><strong>sancti</strong></span> <span class='ocrx_word' id='word_1_84' title='bbox 517 1929 612 2002; x_wconf 84' lang='lat' dir='ltr'><strong>Petri,</strong></span> <span class='ocrx_word' id='word_1_85' title='bbox 631 1943 754 1994; x_wconf 85' lang='lat' dir='ltr'><strong>necnon</strong></span> <span class='ocrx_word' id='word_1_86' title='bbox 772 1929 1108 2011; x_wconf 77' lang='lat' dir='ltr'><strong>burgirnagistrorum</strong></span> <span class='ocrx_word' id='word_1_87' title='bbox 1123 1928 1329 1992; x_wconf 88' lang='lat' dir='ltr'><strong>scabinorum</strong></span> 
     </span>
     <span class='ocr_line' id='line_1_14' title="bbox 241 2025 1329 2108; baseline -0.003 -15"><span class='ocrx_word' id='word_1_88' title='bbox 241 2038 275 2093; x_wconf 87' lang='lat' dir='ltr'><strong>et</strong></span> <span class='ocrx_word' id='word_1_89' title='bbox 286 2028 525 2092; x_wconf 86' lang='lat' dir='ltr'><strong>communitatis</strong></span> <span class='ocrx_word' id='word_1_90' title='bbox 536 2028 621 2108; x_wconf 90' lang='lat' dir='ltr'><strong>opidi</strong></span> <span class='ocrx_word' id='word_1_91' title='bbox 635 2027 859 2102; x_wconf 66' lang='lat' dir='ltr'><strong>cocornensis,</strong></span> <span class='ocrx_word' id='word_1_92' title='bbox 872 2027 1059 2092; x_wconf 72' lang='lat' dir='ltr'><strong>leodiensis</strong></span> <span class='ocrx_word' id='word_1_93' title='bbox 1072 2026 1224 2101; x_wconf 87' lang='lat' dir='ltr'><strong>diocesis,</strong></span> <span class='ocrx_word' id='word_1_94' title='bbox 1236 2025 1329 2090; x_wconf 89' lang='lat' dir='ltr'><strong>nobis</strong></span> 
     </span>
     <span class='ocr_line' id='line_1_15' title="bbox 243 2123 1328 2208; baseline -0.003 -18"><span class='ocrx_word' id='word_1_95' title='bbox 243 2143 346 2208; x_wconf 80' lang='lat' dir='ltr'><strong>nuper</strong></span> <span class='ocrx_word' id='word_1_96' title='bbox 361 2123 498 2190; x_wconf 85' lang='lat' dir='ltr'><strong>exhibita</strong></span> <span class='ocrx_word' id='word_1_97' title='bbox 520 2125 634 2207; x_wconf 84' lang='lat' dir='ltr'><strong>peticio</strong></span> <span class='ocrx_word' id='word_1_98' title='bbox 657 2127 842 2192; x_wconf 87' lang='lat' dir='ltr'><strong>continebat</strong></span> <span class='ocrx_word' id='word_1_99' title='bbox 858 2126 956 2208; x_wconf 81' lang='lat' dir='ltr'><strong>quod,</strong></span> <span class='ocrx_word' id='word_1_100' title='bbox 975 2125 1048 2190; x_wconf 90' lang='lat' dir='ltr'><strong>licet</strong></span> <span class='ocrx_word' id='word_1_101' title='bbox 1071 2123 1102 2188; x_wconf 90' lang='lat' dir='ltr'><strong>ia</strong></span> <span class='ocrx_word' id='word_1_102' title='bbox 1119 2125 1235 2190; x_wconf 86' lang='lat' dir='ltr'><strong>ducatu</strong></span> <span class='ocrx_word' id='word_1_103' title='bbox 1253 2125 1328 2188; x_wconf 88' lang='lat' dir='ltr'><strong>Bra·</strong></span> 
     </span>
     <span class='ocr_line' id='line_1_16' title="bbox 242 2223 1329 2307; baseline -0.002 -18"><span class='ocrx_word' id='word_1_104' title='bbox 242 2223 357 2290; x_wconf 76' lang='lat' dir='ltr'><strong>cancie</strong></span> <span class='ocrx_word' id='word_1_105' title='bbox 379 2235 410 2290; x_wconf 91' lang='lat' dir='ltr'><strong>et</strong></span> <span class='ocrx_word' id='word_1_106' title='bbox 431 2226 503 2288; x_wconf 87' lang='lat' dir='ltr'><strong>aliis</strong></span> <span class='ocrx_word' id='word_1_107' title='bbox 524 2226 677 2307; x_wconf 75' lang='lat' dir='ltr'><strong>dominiis</strong></span> <span class='ocrx_word' id='word_1_108' title='bbox 691 2226 794 2305; x_wconf 89' lang='lat' dir='ltr'><strong>ipsius</strong></span> <span class='ocrx_word' id='word_1_109' title='bbox 816 2225 909 2290; x_wconf 82' lang='lat' dir='ltr'><strong>ducis</strong></span> <span class='ocrx_word' id='word_1_110' title='bbox 933 2239 1058 2289; x_wconf 78' lang='lat' dir='ltr'><strong>necnon</strong></span> <span class='ocrx_word' id='word_1_111' title='bbox 1082 2225 1182 2289; x_wconf 83' lang='lat' dir='ltr'><strong>eoiurn</strong></span> <span class='ocrx_word' id='word_1_112' title='bbox 1207 2223 1238 2286; x_wconf 90' lang='lat' dir='ltr'><strong>ln</strong></span> <span class='ocrx_word' id='word_1_113' title='bbox 1252 2225 1329 2288; x_wconf 76' lang='lat' dir='ltr'><strong>leo·</strong></span> 
     </span>
     <span class='ocr_line' id='line_1_17' title="bbox 241 2319 1329 2400; baseline -0.002 -13"><span class='ocrx_word' id='word_1_114' title='bbox 241 2321 361 2400; x_wconf 78' lang='lat' dir='ltr'><strong>aiensi,</strong></span> <span class='ocrx_word' id='word_1_115' title='bbox 384 2321 620 2398; x_wconf 83' lang='lat' dir='ltr'><strong>Cameracensi‚</strong></span> <span class='ocrx_word' id='word_1_116' title='bbox 644 2323 850 2398; x_wconf 72' lang='lat' dir='ltr'><strong>antoniensi,</strong></span> <span class='ocrx_word' id='word_1_117' title='bbox 877 2323 1051 2388; x_wconf 88' lang='lat' dir='ltr'><strong>ltorinensi</strong></span> <span class='ocrx_word' id='word_1_118' title='bbox 1078 2333 1110 2390; x_wconf 87' lang='lat' dir='ltr'><strong>et</strong></span> <span class='ocrx_word' id='word_1_119' title='bbox 1132 2319 1329 2388; x_wconf 80' lang='lat' dir='ltr'><strong>Torn‘aoonsi</strong></span> 
     </span>
     <span class='ocr_line' id='line_1_18' title="bbox 240 2417 1330 2505; baseline -0.003 -19"><span class='ocrx_word' id='word_1_120' title='bbox 240 2422 430 2488; x_wconf 75' lang='lat' dir='ltr'><strong>uiooesilrus</strong></span> <span class='ocrx_word' id='word_1_121' title='bbox 442 2425 623 2505; x_wconf 75' lang='lat' dir='ltr'><strong>ceterisque</strong></span> <span class='ocrx_word' id='word_1_122' title='bbox 635 2424 751 2489; x_wconf 80' lang='lat' dir='ltr'><strong>laidem</strong></span> <span class='ocrx_word' id='word_1_123' title='bbox 765 2421 1006 2488; x_wconf 76' lang='lat' dir='ltr'><strong>circumvicinis</strong></span> <span class='ocrx_word' id='word_1_124' title='bbox 1022 2423 1168 2503; x_wconf 85' lang='lat' dir='ltr'><strong>partious</strong></span> <span class='ocrx_word' id='word_1_125' title='bbox 1180 2429 1212 2487; x_wconf 89' lang='lat' dir='ltr'><strong>el</strong></span> <span class='ocrx_word' id='word_1_126' title='bbox 1226 2417 1330 2486; x_wconf 84' lang='lat' dir='ltr'><strong>domi-</strong></span> 
     </span>
     <span class='ocr_line' id='line_1_19' title="bbox 243 2521 1329 2604; baseline -0.002 -20"><span class='ocrx_word' id='word_1_127' title='bbox 243 2521 307 2602; x_wconf 76' lang='lat' dir='ltr'><strong>niis</strong></span> <span class='ocrx_word' id='word_1_128' title='bbox 323 2523 420 2586; x_wconf 91' lang='lat' dir='ltr'><strong>multa</strong></span> <span class='ocrx_word' id='word_1_129' title='bbox 436 2523 556 2586; x_wconf 76' lang='lat' dir='ltr'><strong>famosa</strong></span> <span class='ocrx_word' id='word_1_130' title='bbox 572 2532 603 2587; x_wconf 90' lang='lat' dir='ltr'><strong>et</strong></span> <span class='ocrx_word' id='word_1_131' title='bbox 623 2522 760 2604; x_wconf 82' lang='lat' dir='ltr'><strong>insignia</strong></span> <span class='ocrx_word' id='word_1_132' title='bbox 776 2523 846 2587; x_wconf 90' lang='lat' dir='ltr'><strong>loca</strong></span> <span class='ocrx_word' id='word_1_133' title='bbox 863 2523 983 2602; x_wconf 90' lang='lat' dir='ltr'><strong>populu</strong></span> <span class='ocrx_word' id='word_1_134' title='bbox 1005 2521 1161 2586; x_wconf 89' lang='lat' dir='ltr'><strong>cristiano</strong></span> <span class='ocrx_word' id='word_1_135' title='bbox 1175 2529 1206 2586; x_wconf 87' lang='lat' dir='ltr'><strong>ct</strong></span> <span class='ocrx_word' id='word_1_136' title='bbox 1223 2531 1329 2584; x_wconf 89' lang='lat' dir='ltr'><strong>rerum</strong></span> 
     </span>
     <span class='ocr_line' id='line_1_20' title="bbox 241 2617 1329 2701; baseline -0.002 -17"><span class='ocrx_word' id='word_1_137' title='bbox 241 2620 333 2699; x_wconf 85' lang='lat' dir='ltr'><strong>copia</strong></span> <span class='ocrx_word' id='word_1_138' title='bbox 349 2621 519 2685; x_wconf 81' lang='lat' dir='ltr'><strong>admodum</strong></span> <span class='ocrx_word' id='word_1_139' title='bbox 534 2621 686 2701; x_wconf 88' lang='lat' dir='ltr'><strong>opulenta</strong></span> <span class='ocrx_word' id='word_1_140' title='bbox 702 2621 852 2695; x_wconf 83' lang='lat' dir='ltr'><strong>existant.</strong></span> <span class='ocrx_word' id='word_1_141' title='bbox 871 2621 980 2684; x_wconf 90' lang='lat' dir='ltr'><strong>nullus</strong></span> <span class='ocrx_word' id='word_1_142' title='bbox 996 2629 1102 2684; x_wconf 90' lang='lat' dir='ltr'><strong>tamen</strong></span> <span class='ocrx_word' id='word_1_143' title='bbox 1120 2620 1151 2682; x_wconf 91' lang='lat' dir='ltr'><strong>in</strong></span> <span class='ocrx_word' id='word_1_144' title='bbox 1169 2617 1234 2684; x_wconf 91' lang='lat' dir='ltr'><strong>illts</strong></span> <span class='ocrx_word' id='word_1_145' title='bbox 1249 2619 1329 2683; x_wconf 85' lang='lat' dir='ltr'><strong>lacit</strong></span> 
     </span>
     <span class='ocr_line' id='line_1_21' title="bbox 242 2717 1329 2802; baseline -0.004 -18"><span class='ocrx_word' id='word_1_146' title='bbox 242 2731 317 2784; x_wconf 84' lang='lat' dir='ltr'><strong>esse</strong></span> <span class='ocrx_word' id='word_1_147' title='bbox 330 2720 475 2784; x_wconf 88' lang='lat' dir='ltr'><strong>noscitur</strong></span> <span class='ocrx_word' id='word_1_148' title='bbox 495 2720 526 2782; x_wconf 93' lang='lat' dir='ltr'><strong>in</strong></span> <span class='ocrx_word' id='word_1_149' title='bbox 544 2735 608 2801; x_wconf 83' lang='lat' dir='ltr'><strong>quo</strong></span> <span class='ocrx_word' id='word_1_150' title='bbox 623 2721 735 2784; x_wconf 85' lang='lat' dir='ltr'><strong>saltem</strong></span> <span class='ocrx_word' id='word_1_151' title='bbox 750 2720 901 2802; x_wconf 73' lang='lat' dir='ltr'><strong>generale</strong></span> <span class='ocrx_word' id='word_1_152' title='bbox 922 2717 1028 2800; x_wconf 75' lang='lat' dir='ltr'><strong>rigeat</strong></span> <span class='ocrx_word' id='word_1_153' title='bbox 1042 2719 1184 2783; x_wconf 85' lang='lat' dir='ltr'><strong>sturlium</strong></span> <span class='ocrx_word' id='word_1_154' title='bbox 1206 2718 1329 2782; x_wconf 82' lang='lat' dir='ltr'><strong>litters·</strong></span> 
     </span>
     <span class='ocr_line' id='line_1_22' title="bbox 242 2815 1328 2899; baseline -0.004 -17"><span class='ocrx_word' id='word_1_155' title='bbox 242 2831 326 2882; x_wconf 86' lang='lat' dir='ltr'><strong>rum.</strong></span> <span class='ocrx_word' id='word_1_156' title='bbox 344 2817 432 2883; x_wconf 84' lang='lat' dir='ltr'><strong>Vrrde</strong></span> <span class='ocrx_word' id='word_1_157' title='bbox 448 2820 590 2898; x_wconf 88' lang='lat' dir='ltr'><strong>parcium</strong></span> <span class='ocrx_word' id='word_1_158' title='bbox 613 2817 738 2882; x_wconf 90' lang='lat' dir='ltr'><strong>illarum</strong></span> <span class='ocrx_word' id='word_1_159' title='bbox 756 2819 900 2899; x_wconf 83' lang='lat' dir='ltr'><strong>plerique</strong></span> <span class='ocrx_word' id='word_1_160' title='bbox 919 2818 1089 2882; x_wconf 86' lang='lat' dir='ltr'><strong>commodo</strong></span> <span class='ocrx_word' id='word_1_161' title='bbox 1112 2826 1144 2882; x_wconf 91' lang='lat' dir='ltr'><strong>et</strong></span> <span class='ocrx_word' id='word_1_162' title='bbox 1159 2833 1214 2880; x_wconf 80' lang='lat' dir='ltr'><strong>usu</strong></span> <span class='ocrx_word' id='word_1_163' title='bbox 1231 2815 1328 2897; x_wconf 76' lang='lat' dir='ltr'><strong>stutlii</strong></span> 
     </span>
     <span class='ocr_line' id='line_1_23' title="bbox 242 2911 1327 2998; baseline 0 -17"><span class='ocrx_word' id='word_1_164' title='bbox 242 2927 391 2982; x_wconf 86' lang='lat' dir='ltr'><strong>carentes</strong></span> <span class='ocrx_word' id='word_1_165' title='bbox 413 2919 461 2982; x_wconf 88' lang='lat' dir='ltr'><strong>rel</strong></span> <span class='ocrx_word' id='word_1_166' title='bbox 484 2917 665 2981; x_wconf 84' lang='lat' dir='ltr'><strong>lruiusmcui</strong></span> <span class='ocrx_word' id='word_1_167' title='bbox 690 2917 866 2982; x_wconf 86' lang='lat' dir='ltr'><strong>litterarum</strong></span> <span class='ocrx_word' id='word_1_168' title='bbox 887 2915 1052 2998; x_wconf 83' lang='lat' dir='ltr'><strong>impericia</strong></span> <span class='ocrx_word' id='word_1_169' title='bbox 1074 2916 1254 2991; x_wconf 79' lang='lat' dir='ltr'><strong>subiacent,</strong></span> <span class='ocrx_word' id='word_1_170' title='bbox 1276 2911 1327 2981; x_wconf 81' lang='lat' dir='ltr'><strong>rel</strong></span> 
     </span>
     <span class='ocr_line' id='line_1_24' title="bbox 240 3015 1327 3097; baseline -0.006 -14"><span class='ocrx_word' id='word_1_171' title='bbox 240 3015 273 3083; x_wconf 73' lang='lat' dir='ltr'><strong>ln</strong></span> <span class='ocrx_word' id='word_1_172' title='bbox 300 3015 432 3080; x_wconf 89' lang='lat' dir='ltr'><strong>remotis</strong></span> <span class='ocrx_word' id='word_1_173' title='bbox 459 3017 602 3096; x_wconf 90' lang='lat' dir='ltr'><strong>partious</strong></span> <span class='ocrx_word' id='word_1_174' title='bbox 624 3015 741 3097; x_wconf 75' lang='lat' dir='ltr'><strong>degere</strong></span> <span class='ocrx_word' id='word_1_175' title='bbox 762 3015 893 3091; x_wconf 79' lang='lat' dir='ltr'><strong>lrabeat,</strong></span> <span class='ocrx_word' id='word_1_176' title='bbox 920 3017 1062 3081; x_wconf 87' lang='lat' dir='ltr'><strong>sciencie</strong></span> <span class='ocrx_word' id='word_1_177' title='bbox 1084 3015 1270 3080; x_wconf 86' lang='lat' dir='ltr'><strong>huiusmodi</strong></span> <span class='ocrx_word' id='word_1_178' title='bbox 1295 3015 1327 3077; x_wconf 84' lang='lat' dir='ltr'><strong>tn</strong></span> 
     </span>
     <span class='ocr_line' id='line_1_25' title="bbox 242 3111 1328 3196; baseline 0 -18"><span class='ocrx_word' id='word_1_179' title='bbox 242 3117 291 3178; x_wconf 87' lang='lat' dir='ltr'><strong>ets</strong></span> <span class='ocrx_word' id='word_1_180' title='bbox 310 3125 474 3179; x_wconf 87' lang='lat' dir='ltr'><strong>sectantes</strong></span> <span class='ocrx_word' id='word_1_181' title='bbox 496 3111 739 3179; x_wconf 78' lang='lat' dir='ltr'><strong>incrementum,</strong></span> <span class='ocrx_word' id='word_1_182' title='bbox 759 3111 874 3179; x_wconf 85' lang='lat' dir='ltr'><strong>Verum</strong></span> <span class='ocrx_word' id='word_1_183' title='bbox 897 3115 1026 3195; x_wconf 87' lang='lat' dir='ltr'><strong>opidum</strong></span> <span class='ocrx_word' id='word_1_184' title='bbox 1052 3113 1220 3196; x_wconf 81' lang='lat' dir='ltr'><strong>prelatum,</strong></span> <span class='ocrx_word' id='word_1_185' title='bbox 1242 3111 1328 3194; x_wconf 77' lang='lat' dir='ltr'><strong>quod</strong></span> 
     </span>
     <span class='ocr_line' id='line_1_26' title="bbox 242 3211 1327 3293; baseline -0.003 -16"><span class='ocrx_word' id='word_1_186' title='bbox 242 3211 284 3277; x_wconf 82' lang='lat' dir='ltr'><strong>rle</strong></span> <span class='ocrx_word' id='word_1_187' title='bbox 296 3214 466 3293; x_wconf 88' lang='lat' dir='ltr'><strong>temporali</strong></span> <span class='ocrx_word' id='word_1_188' title='bbox 481 3211 625 3277; x_wconf 84' lang='lat' dir='ltr'><strong>dominio</strong></span> <span class='ocrx_word' id='word_1_189' title='bbox 641 3212 745 3293; x_wconf 87' lang='lat' dir='ltr'><strong>ipsius</strong></span> <span class='ocrx_word' id='word_1_190' title='bbox 760 3213 852 3278; x_wconf 84' lang='lat' dir='ltr'><strong>ducis</strong></span> <span class='ocrx_word' id='word_1_191' title='bbox 866 3214 986 3290; x_wconf 87' lang='lat' dir='ltr'><strong>existit,</strong></span> <span class='ocrx_word' id='word_1_192' title='bbox 1004 3211 1085 3278; x_wconf 79' lang='lat' dir='ltr'><strong>allec</strong></span> <span class='ocrx_word' id='word_1_193' title='bbox 1101 3225 1206 3278; x_wconf 90' lang='lat' dir='ltr'><strong>rerum</strong></span> <span class='ocrx_word' id='word_1_194' title='bbox 1223 3213 1327 3293; x_wconf 86' lang='lat' dir='ltr'><strong>copia,</strong></span> 
     </span>
     <span class='ocr_line' id='line_1_27' title="bbox 242 3311 1331 3394; baseline -0.001 -19"><span class='ocrx_word' id='word_1_195' title='bbox 242 3311 329 3376; x_wconf 83' lang='lat' dir='ltr'><strong>aeris</strong></span> <span class='ocrx_word' id='word_1_196' title='bbox 355 3312 520 3392; x_wconf 79' lang='lat' dir='ltr'><strong>temporie,</strong></span> <span class='ocrx_word' id='word_1_197' title='bbox 545 3311 759 3377; x_wconf 79' lang='lat' dir='ltr'><strong>multitudinis</strong></span> <span class='ocrx_word' id='word_1_198' title='bbox 784 3312 964 3392; x_wconf 79' lang='lat' dir='ltr'><strong>capacitate</strong></span> <span class='ocrx_word' id='word_1_199' title='bbox 988 3321 1083 3394; x_wconf 86' lang='lat' dir='ltr'><strong>atquc</strong></span> <span class='ocrx_word' id='word_1_200' title='bbox 1105 3313 1274 3376; x_wconf 82' lang='lat' dir='ltr'><strong>dumorum</strong></span> <span class='ocrx_word' id='word_1_201' title='bbox 1298 3317 1331 3375; x_wconf 89' lang='lat' dir='ltr'><strong>et</strong></span> 
     </span>
     <span class='ocr_line' id='line_1_28' title="bbox 241 3409 1328 3492; baseline -0.001 -19"><span class='ocrx_word' id='word_1_202' title='bbox 241 3409 376 3474; x_wconf 81' lang='lat' dir='ltr'><strong>aliarum</strong></span> <span class='ocrx_word' id='word_1_203' title='bbox 391 3425 498 3474; x_wconf 89' lang='lat' dir='ltr'><strong>rerum</strong></span> <span class='ocrx_word' id='word_1_204' title='bbox 520 3409 775 3475; x_wconf 82' lang='lat' dir='ltr'><strong>necessariarum</strong></span> <span class='ocrx_word' id='word_1_205' title='bbox 791 3411 1018 3476; x_wconf 84' lang='lat' dir='ltr'><strong>commoditate</strong></span> <span class='ocrx_word' id='word_1_206' title='bbox 1043 3427 1099 3492; x_wconf 87' lang='lat' dir='ltr'><strong>per</strong></span> <span class='ocrx_word' id='word_1_207' title='bbox 1115 3409 1170 3475; x_wconf 84' lang='lat' dir='ltr'><strong>[tei</strong></span> <span class='ocrx_word' id='word_1_208' title='bbox 1190 3411 1328 3492; x_wconf 72' lang='lat' dir='ltr'><strong>graciam</strong></span> 
     </span>
     <span class='ocr_line' id='line_1_29' title="bbox 241 3509 1328 3591; baseline -0.004 -17"><span class='ocrx_word' id='word_1_209' title='bbox 241 3519 293 3574; x_wconf 86' lang='lat' dir='ltr'><strong>est</strong></span> <span class='ocrx_word' id='word_1_210' title='bbox 318 3509 483 3580; x_wconf 83' lang='lat' dir='ltr'><strong>retortum.</strong></span> <span class='ocrx_word' id='word_1_211' title='bbox 513 3510 598 3590; x_wconf 84' lang='lat' dir='ltr'><strong>quod</strong></span> <span class='ocrx_word' id='word_1_212' title='bbox 635 3509 673 3573; x_wconf 87' lang='lat' dir='ltr'><strong>ad</strong></span> <span class='ocrx_word' id='word_1_213' title='bbox 705 3510 889 3574; x_wconf 79' lang='lat' dir='ltr'><strong>huiusmodi</strong></span> <span class='ocrx_word' id='word_1_214' title='bbox 920 3511 1149 3591; x_wconf 70' lang='lat' dir='ltr'><strong>receptionum</strong></span> <span class='ocrx_word' id='word_1_215' title='bbox 1180 3510 1328 3574; x_wconf 79' lang='lat' dir='ltr'><strong>refouen-</strong></span> 
     </span>
     <span class='ocr_line' id='line_1_30' title="bbox 240 3605 1327 3690; baseline -0.001 -19"><span class='ocrx_word' id='word_1_216' title='bbox 240 3605 382 3690; x_wconf 70' lang='lat' dir='ltr'><strong>tompus</strong></span> <span class='ocrx_word' id='word_1_217' title='bbox 398 3609 539 3672; x_wconf 82' lang='lat' dir='ltr'><strong>studium</strong></span> <span class='ocrx_word' id='word_1_218' title='bbox 555 3619 663 3690; x_wconf 86' lang='lat' dir='ltr'><strong>aptum</strong></span> <span class='ocrx_word' id='word_1_219' title='bbox 681 3610 854 3689; x_wconf 88' lang='lat' dir='ltr'><strong>plurimum</strong></span> <span class='ocrx_word' id='word_1_220' title='bbox 871 3620 902 3674; x_wconf 87' lang='lat' dir='ltr'><strong>et</strong></span> <span class='ocrx_word' id='word_1_221' title='bbox 917 3605 1076 3690; x_wconf 79' lang='lat' dir='ltr'><strong>ydoneum</strong></span> <span class='ocrx_word' id='word_1_222' title='bbox 1100 3610 1239 3674; x_wconf 74' lang='lat' dir='ltr'><strong>existere</strong></span> <span class='ocrx_word' id='word_1_223' title='bbox 1252 3621 1327 3690; x_wconf 86' lang='lat' dir='ltr'><strong>per·</strong></span> 
     </span>
     <span class='ocr_line' id='line_1_31' title="bbox 243 3707 1329 3790; baseline 0.002 -20"><span class='ocrx_word' id='word_1_224' title='bbox 243 3707 383 3771; x_wconf 80' lang='lat' dir='ltr'><strong>hibetur.</strong></span> <span class='ocrx_word' id='word_1_225' title='bbox 412 3707 612 3788; x_wconf 79' lang='lat' dir='ltr'><strong>Quapropter</strong></span> <span class='ocrx_word' id='word_1_226' title='bbox 636 3709 707 3789; x_wconf 89' lang='lat' dir='ltr'><strong>ipse</strong></span> <span class='ocrx_word' id='word_1_227' title='bbox 732 3711 807 3784; x_wconf 84' lang='lat' dir='ltr'><strong>uun,</strong></span> <span class='ocrx_word' id='word_1_228' title='bbox 836 3710 1031 3790; x_wconf 86' lang='lat' dir='ltr'><strong>prepositus,</strong></span> <span class='ocrx_word' id='word_1_229' title='bbox 1062 3711 1223 3782; x_wconf 81' lang='lat' dir='ltr'><strong>decanus,</strong></span> <span class='ocrx_word' id='word_1_230' title='bbox 1255 3719 1329 3772; x_wconf 87' lang='lat' dir='ltr'><strong>soo-</strong></span> 
     </span>
     <span class='ocr_line' id='line_1_32' title="bbox 242 3803 1330 3889; baseline 0.001 -21"><span class='ocrx_word' id='word_1_231' title='bbox 242 3805 389 3882; x_wconf 80' lang='lat' dir='ltr'><strong>lastious‚</strong></span> <span class='ocrx_word' id='word_1_232' title='bbox 414 3807 600 3887; x_wconf 83' lang='lat' dir='ltr'><strong>capitulum,</strong></span> <span class='ocrx_word' id='word_1_233' title='bbox 625 3803 875 3889; x_wconf 74' lang='lat' dir='ltr'><strong>bur-gimegium,</strong></span> <span class='ocrx_word' id='word_1_234' title='bbox 901 3808 1022 3872; x_wconf 80' lang='lat' dir='ltr'><strong>scabini</strong></span> <span class='ocrx_word' id='word_1_235' title='bbox 1049 3815 1083 3872; x_wconf 89' lang='lat' dir='ltr'><strong>et</strong></span> <span class='ocrx_word' id='word_1_236' title='bbox 1102 3807 1330 3880; x_wconf 81' lang='lat' dir='ltr'><strong>communitas,</strong></span> 
     </span>
     <span class='ocr_line' id='line_1_33' title="bbox 244 3905 1330 3988; baseline -0.001 -19"><span class='ocrx_word' id='word_1_237' title='bbox 244 3905 489 3970; x_wconf 77' lang='lat' dir='ltr'><strong>considerantes</strong></span> <span class='ocrx_word' id='word_1_238' title='bbox 516 3905 675 3970; x_wconf 79' lang='lat' dir='ltr'><strong>artensius</strong></span> <span class='ocrx_word' id='word_1_239' title='bbox 702 3908 786 3988; x_wconf 84' lang='lat' dir='ltr'><strong>quod</strong></span> <span class='ocrx_word' id='word_1_240' title='bbox 814 3907 898 3972; x_wconf 89' lang='lat' dir='ltr'><strong>inter</strong></span> <span class='ocrx_word' id='word_1_241' title='bbox 925 3917 1031 3972; x_wconf 87' lang='lat' dir='ltr'><strong>cetera</strong></span> <span class='ocrx_word' id='word_1_242' title='bbox 1057 3907 1209 3970; x_wconf 84' lang='lat' dir='ltr'><strong>uirtutum</strong></span> <span class='ocrx_word' id='word_1_243' title='bbox 1233 3915 1330 3986; x_wconf 82' lang='lat' dir='ltr'><strong>opera</strong></span> 
     </span>
     <span class='ocr_line' id='line_1_34' title="bbox 243 4003 1330 4086; baseline 0 -18"><span class='ocrx_word' id='word_1_244' title='bbox 243 4020 307 4084; x_wconf 82' lang='lat' dir='ltr'><strong>que</strong></span> <span class='ocrx_word' id='word_1_245' title='bbox 329 4015 488 4086; x_wconf 84' lang='lat' dir='ltr'><strong>tamquam</strong></span> <span class='ocrx_word' id='word_1_246' title='bbox 511 4016 641 4086; x_wconf 90' lang='lat' dir='ltr'><strong>accepta</strong></span> <span class='ocrx_word' id='word_1_247' title='bbox 657 4021 784 4069; x_wconf 89' lang='lat' dir='ltr'><strong>summo</strong></span> <span class='ocrx_word' id='word_1_248' title='bbox 811 4021 917 4070; x_wconf 89' lang='lat' dir='ltr'><strong>rerum</strong></span> <span class='ocrx_word' id='word_1_249' title='bbox 933 4005 1058 4070; x_wconf 89' lang='lat' dir='ltr'><strong>auctori</strong></span> <span class='ocrx_word' id='word_1_250' title='bbox 1081 4003 1250 4080; x_wconf 77' lang='lat' dir='ltr'><strong>sacrificia,</strong></span> <span class='ocrx_word' id='word_1_251' title='bbox 1268 4019 1330 4084; x_wconf 87' lang='lat' dir='ltr'><strong>quo</strong></span> 
     </span>
     <span class='ocr_line' id='line_1_35' title="bbox 243 4103 1331 4184; baseline 0.002 -20"><span class='ocrx_word' id='word_1_252' title='bbox 243 4119 302 4183; x_wconf 82' lang='lat' dir='ltr'><strong>per</strong></span> <span class='ocrx_word' id='word_1_253' title='bbox 324 4119 437 4169; x_wconf 83' lang='lat' dir='ltr'><strong>manus</strong></span> <span class='ocrx_word' id='word_1_254' title='bbox 459 4103 639 4170; x_wconf 80' lang='lat' dir='ltr'><strong>offeruntur</strong></span> <span class='ocrx_word' id='word_1_255' title='bbox 657 4105 828 4181; x_wconf 82' lang='lat' dir='ltr'><strong>humanas,</strong></span> <span class='ocrx_word' id='word_1_256' title='bbox 854 4105 908 4168; x_wconf 83' lang='lat' dir='ltr'><strong>ille</strong></span> <span class='ocrx_word' id='word_1_257' title='bbox 931 4104 1040 4169; x_wconf 81' lang='lat' dir='ltr'><strong>diuine</strong></span> <span class='ocrx_word' id='word_1_258' title='bbox 1063 4103 1219 4168; x_wconf 86' lang='lat' dir='ltr'><strong>maiestati</strong></span> <span class='ocrx_word' id='word_1_259' title='bbox 1238 4110 1331 4184; x_wconf 79' lang='lat' dir='ltr'><strong>grata</strong></span> 
     </span>
     <span class='ocr_line' id='line_1_36' title="bbox 243 4201 1331 4286; baseline 0.003 -23"><span class='ocrx_word' id='word_1_260' title='bbox 243 4201 417 4285; x_wconf 88' lang='lat' dir='ltr'><strong>plurimum</strong></span> <span class='ocrx_word' id='word_1_261' title='bbox 441 4203 623 4268; x_wconf 87' lang='lat' dir='ltr'><strong>nullatenus</strong></span> <span class='ocrx_word' id='word_1_262' title='bbox 638 4203 855 4285; x_wconf 83' lang='lat' dir='ltr'><strong>ambiguntur,</strong></span> <span class='ocrx_word' id='word_1_263' title='bbox 874 4219 932 4285; x_wconf 89' lang='lat' dir='ltr'><strong>per</strong></span> <span class='ocrx_word' id='word_1_264' title='bbox 946 4219 1009 4286; x_wconf 78' lang='lat' dir='ltr'><strong>aas</strong></span> <span class='ocrx_word' id='word_1_265' title='bbox 1031 4203 1071 4268; x_wconf 85' lang='lat' dir='ltr'><strong>etl</strong></span> <span class='ocrx_word' id='word_1_266' title='bbox 1088 4201 1331 4286; x_wconf 78' lang='lat' dir='ltr'><strong>suscipiendum</strong></span> 
     </span>
    </p>
   </div>
   <div class='ocr_carea' id='block_1_6' title="bbox 0 0 1566 4942">
    <p class='ocr_par' dir='ltr' id='par_1_6' title="bbox 0 0 1566 4942">
     <span class='ocr_line' id='line_1_37' title="bbox 0 0 1566 4942; baseline 0 0"><span class='ocrx_word' id='word_1_267' title='bbox 0 0 1566 4942; x_wconf 95' lang='lat' dir='ltr'><strong> </strong></span> 
     </span>
    </p>
   </div>
  </div>
 </body>
</html>
