3112 4942
612 455 776 520 -69-

135 633 291 716 eiusdem
318 633 441 700 domini
465 633 637 726 millesimo
653 637 970 720 quadringentesimo
992 638 1148 704 vicesimo
1163 635 1237 722 sepi

140 733 237 808 timo,
268 732 447 798 indictione
482 734 604 814 quinta,
635 735 758 802 mensis
794 735 988 816 septembris
1025 737 1078 803 die
1110 737 1234 804 decima

139 841 275 908 octaua,
292 832 371 896 hora
386 847 511 898 summe
528 832 626 898 misse
640 833 691 899 vel
707 833 846 909 circitor,
865 829 1233 916 pontificatus-'sanctis-

142 929 221 995 simi
252 930 285 993 in
317 929 441 996 cbristo
471 930 571 1010 patris
606 939 637 996 et
666 931 787 998 domini
824 933 926 1002 nostri
955 927 1076 999 domini
1107 934 1232 1000 llartlni

139 1027 257 1093 diuina
276 1027 477 1109 prouidentia
500 1028 596 1094 buius
612 1030 752 1096 nominis
768 1047 849 1113 pape
870 1029 973 1113 quinti
988 1047 1073 1098 anno
1088 1032 1231 1108 docimo;

144 1127 178 1190 io
210 1125 411 1191 honorabilis
438 1127 497 1190 viri
515 1127 678 1218 lolianois
705 1128 745 1195 do
773 1129 873 1211 lloyo,
901 1129 1000 1194 villici
1026 1147 1083 1196 scu
1113 1132 1235 1196 locum-

140 1225 285 1290 tenentis
301 1241 359 1306 pro
376 1233 520 1306 tempore
534 1225 745 1292 illustrissimi
760 1227 916 1309 principis
930 1237 961 1318 ot
973 1228 1094 1294 domini
1110 1229 1232 1294 domini

144 1323 282 1405 Philippi
307 1323 405 1389 llucis
430 1323 646 1406 lotharingie,
676 1327 855 1402 brabantie,
885 1336 963 1407 otc,
994 1327 1075 1392 inlra
1102 1329 1233 1409 opidum

143 1423 362 1499 Lousoieose,
380 1423 569 1489 leodiensis
592 1424 746 1500 diocesis,
765 1425 891 1506 meique
915 1425 1029 1490 notarii
1054 1426 1173 1507 publici
1196 1443 1234 1492 ac

141 1522 276 1586 testium
315 1522 573 1604 subscriptorum
597 1524 776 1602 presentia
818 1524 1031 1604 personaliter
1065 1519 1234 1592 constituti

143 1619 274 1698 prouidi
290 1637 326 1685 ac
342 1620 568 1702 circumspecti
592 1620 651 1684 uiri
674 1621 796 1686 domini
820 1622 1073 1704 Burgimagistri,
1091 1623 1231 1698 scabini,

140 1718 304 1783 Consules
334 1735 372 1782 ac
397 1717 636 1784 Gubernatores
662 1721 902 1786 communitatis
929 1719 1015 1800 opidi
1043 1721 1230 1802 supradicti,

141 1815 227 1880 inira
256 1831 417 1880 cameram
447 1816 563 1881 domus
588 1816 772 1882 consularis
799 1817 944 1899 eiusdem
974 1818 1074 1898 opidi,
1104 1829 1233 1901 propter

142 1914 361 1994 infrascripta,
378 1923 410 1978 vt
432 1923 653 1988 asseruerunt.
679 1915 799 1996 pariter
819 1917 1023 1998 congregati3
1048 1928 1233 1984 asserentes

143 2029 181 2077 se
205 2014 246 2076 ab
270 2011 431 2094 aliquibus
457 2012 531 2076 licet
553 2013 614 2078 sub
640 2013 763 2078 incerto
786 2015 951 2080 audiuisse
974 2016 1121 2090 relatum,
1146 2019 1230 2098 quod

142 2111 347 2176 reuerendus
366 2110 398 2174 in
420 2111 542 2176 cbristo
566 2119 655 2192 pater
670 2119 701 2176 et
723 2111 873 2178 dominus
895 2113 1046 2178 dominus
1067 2113 1231 2180 lohannes

137 2212 182 2274 de
208 2209 409 2280 lleusbercb,
427 2209 607 2289 Episcopus
622 2209 822 2286 leodiensis,
838 2227 876 2274 ac
901 2211 979 2276 certi
1003 2211 1228 2292 archydiacooi

141 2311 173 2372 in
197 2307 336 2373 ecclesia
352 2308 523 2372 leodiensi
546 2323 604 2372 scu
621 2307 731 2390 vicari]
755 2309 942 2374 eorumdem
967 2310 1135 2392 quamdam
1158 2328 1230 2390 pre·

141 2420 269 2470 tensam
296 2415 407 2471 contra
436 2407 683 2471 insinuationem
711 2425 767 2472 seu
797 2407 1043 2488 publicationem
1070 2413 1229 2475 certarum

143 2505 324 2568 litterarum
347 2505 597 2585 apostolicarum
621 2520 658 2568 ac
674 2505 916 2587 priuilegiorum
937 2523 953 2568 a
970 2507 1175 2572 sanctissimo
1195 2509 1228 2572 in

139 2601 267 2668 cbristo
291 2611 381 2684 patre
401 2613 433 2666 et
455 2602 585 2668 domino
602 2614 713 2668 nostro
737 2619 816 2684 papa
839 2604 1025 2686 supradicto
1048 2605 1109 2686 ipsi
1131 2605 1230 2687 opido

141 2717 199 2766 seu
227 2700 434 2766 Vniuersitati
461 2701 547 2782 opidi
575 2701 719 2766 eiusdem
745 2715 783 2767 ac
811 2703 937 2767 Rectori
963 2713 996 2767 et
1023 2703 1227 2779 Ductoribus,

139 2797 316 2880 llagistris,
336 2799 531 2875 licentiatis,
551 2799 742 2882 baccalarijs
757 2811 789 2866 et
802 2801 982 2866 scolaribus
998 2801 1230 2868 ecclesiasticis

142 2909 205 2962 tam
229 2897 432 2962 secularibus
455 2913 548 2978 quam
576 2897 777 2979 regularibus
799 2899 831 2961 io
853 2899 966 2964 eodem
989 2900 1097 2966 studio
1119 2900 1228 2981 legen·

141 2995 241 3071 tibus,
259 3005 314 3060 aut
334 2997 413 3060 elias
437 2997 614 3060 litterarum
638 2996 745 3062 studio
768 2996 845 3061 inibi
868 2998 1108 3079 quomodolibet
1131 2999 1229 3063 insis-

141 3093 299 3172 tentibus,
331 3094 525 3159 indultarum
555 3111 611 3159 seu
642 3094 839 3159 indultorum
870 3096 910 3160 ad
940 3103 1082 3162 sanctam
1111 3097 1226 3162 Sedem

139 3192 358 3274 apostolicam
381 3202 436 3257 aut
457 3192 536 3256 alias
559 3192 823 3272 interposuerunt
841 3194 1100 3275 appellationem.
1126 3195 1225 3270 Quam

140 3302 247 3354 tameo
284 3291 530 3370 appellationem
560 3299 740 3370 protensam
777 3291 874 3357 iidem
911 3292 1032 3358 domini
1061 3293 1225 3374 Burgima-

137 3388 244 3470 gistri,
272 3388 413 3465 scabini,
440 3388 599 3454 Consules
624 3404 662 3453 ac
687 3389 924 3456 Gubernatores
950 3391 1046 3472 ipsis,
1075 3399 1109 3456 vt
1134 3407 1225 3458 asse·

139 3497 287 3561 ruerunt,
306 3488 487 3552 nullatenus
504 3487 678 3552 intimatam
694 3488 742 3552 rel
766 3488 969 3560 insinuatam,
988 3506 1044 3570 per
1067 3489 1225 3570 premissa

136 3595 192 3650 aut
221 3581 403 3666 subscripta
435 3601 632 3666 nequaquam
668 3587 846 3666 approbant
879 3587 929 3652 vel
961 3589 1144 3661 admittunt,
1171 3599 1226 3654 aut

134 3683 317 3764 approbare
333 3685 380 3747 rel
399 3683 565 3748 admittere
581 3683 692 3747 volunt
716 3691 770 3748 aut
785 3684 968 3759 intendunl3
987 3701 1097 3750 verum
1118 3686 1227 3765 potius

137 3795 288 3863 tauquam
310 3783 468 3858 iriuolum,
487 3783 658 3848 indebitam
682 3791 712 3846 et
728 3783 877 3863 injustam
894 3793 925 3849 et
941 3783 1048 3849 minus
1071 3785 1226 3852 canonice

138 3882 363 3962 interpositam
380 3881 429 3946 vel
451 3891 654 3960 prosecutam
675 3893 729 3946 aut
751 3883 1007 3963 prosequendam
1024 3883 1224 3965 impugnare,

137 3977 325 4060 intringere,
353 3980 520 4045 arritullare
545 3991 577 4044 ct
602 3979 740 4054 irritare,
765 3979 793 4044 si
817 3991 849 4045 et
876 3981 1063 4062 inquantum
1090 3983 1131 4048 de
1153 3982 1227 4064 iure

114 4079 204 4164 *tisri
223 4079 338 4158 possit,
356 4078 396 4144 de
417 4095 481 4159 quo
498 4077 623 4159 publice
648 4079 922 4158 protestabantur;
942 4097 981 4144 ne
1005 4090 1109 4146 tamen
1126 4097 1227 4159 super·

133 4179 247 4242 eadem
270 4190 384 4243 contra
410 4179 532 4244 litteras
554 4178 750 4255 apostolicas
771 4187 826 4242 aut
849 4178 1015 4261 priuilegia
1039 4189 1225 4260 supratauta
