3260 4944
725 529 764 548 ·-
788 491 909 558 363-

303 678 345 774 l.
368 677 630 758 Quiasentcntia
641 677 763 746 domini
775 677 923 747 Rectoris
935 675 1145 761 appellabunt
1157 675 1198 744 ad
1210 676 1362 753 dominos
1465 685 1468 690 '

269 777 409 862 judices,
423 780 528 861 primo
544 777 682 846 termino
693 795 804 845 coram
819 777 961 845 dominis
969 775 1135 860 iudicibus
1148 775 1234 844 iutra
1247 776 1362 845 decem

273 877 355 954 dies,
369 885 540 962 postquam
552 878 593 944 de
609 878 767 960 apostolis
779 892 974 961 responsum
985 875 1061 956 erit,
1073 875 1362 952 servando,coram

272 978 396 1046 eisdem
407 976 459 1044 vel
475 994 588 1045 eorum
607 978 835 1046 commissario
850 977 1017 1046 domarent
1031 992 1072 1042 an
1087 993 1127 1044 ex
1142 975 1263 1043 eisdem
1278 975 1359 1044 actis

269 1076 603 1160 deposueramus
620 1093 702 1144 nora
713 1078 797 1144 lacta
808 1078 961 1159 allegare,
974 1083 1028 1143 aut
1042 1075 1135 1157 prius
1149 1089 1214 1144 non
1228 1075 1363 1158 pmbata

271 1176 409 1258 probare
422 1175 534 1244 velint.
551 1176 589 1242 llt
605 1175 633 1242 si
649 1177 690 1243 de
706 1177 831 1244 eisdem
846 1176 930 1243 actis
942 1175 996 1258 ius
1011 1181 1132 1258 petant,
1149 1181 1226 1242 tuuc
1247 1174 1361 1244 endem

271 1275 330 1342 utto
344 1275 484 1343 termino
500 1283 620 1358 partes,
638 1292 696 1344 seu
712 1291 825 1343 eorum
842 1282 1084 1358 procuratores.
1100 1273 1209 1340 omnia
1224 1289 1308 1358 quae
1321 1276 1362 1342 ad

273 1373 509 1443 ordinationem
525 1374 591 1440 titis
608 1376 783 1457 pertinent,
801 1392 865 1442 unc
881 1376 1061 1457 eodemque
1080 1379 1232 1441 contextu
1248 1373 1362 1442 obser·

271 1483 358 1550 vent,
376 1473 453 1540 etin
470 1489 568 1540 causa
590 1475 799 1542 concludant.
815 1475 848 1540 Si
864 1492 940 1542 vero
961 1474 1162 1558 appellantes
1178 1474 1362 1542 declarave-

273 1572 337 1639 rint
352 1589 390 1640 se
404 1588 486 1640 nova
503 1573 584 1640 lacta
599 1573 684 1640 velle
699 1591 894 1656 proponere,
908 1581 964 1640 aut
978 1591 1043 1640 nou
1060 1573 1194 1656 probata
1210 1573 1362 1656 probare,

274 1682 350 1739 tunc
372 1673 455 1738 intra
478 1672 661 1754 quindecim
685 1673 756 1740 dics
781 1673 945 1754 proximos
967 1672 1152 1755 hujusmodi
1175 1689 1259 1740 nova
1281 1673 1362 1741 iacta

276 1780 470 1854 proponant,
486 1771 537 1838 vsl
553 1773 683 1855 antiqua
699 1772 782 1839 lacta
796 1773 960 1855 probanda
976 1772 1166 1855 designent3
1182 1772 1269 1855 quod
1284 1773 1314 1839 si
1328 1773 1361 1840 iu

275 1869 331 1938 illo
353 1870 493 1938 termino
513 1871 703 1950 defecerint,
723 1871 789 1938 siut
810 1870 851 1936 ab
872 1871 960 1938 omui
983 1871 1128 1938 ulteriori
1151 1871 1360 1948 exhibitione.

273 1969 498 2053 designatione
511 1977 544 2036 et
559 1970 751 2052 probatione
771 1970 913 2049 exclusi;
930 1971 1056 2054 eritque
1071 1987 1111 2038 eo
1127 1969 1200 2054 ipso
1214 1970 1248 2036 lu
1263 1987 1361 2040 causa

272 2068 475 2146 conclusum,
499 2085 537 2136 ac
556 2068 685 2152 judices
709 2069 749 2135 ad
771 2068 1010 2152 expeditionem
1032 2083 1151 2136 causae
1173 2070 1363 2151 pronuntia·

272 2167 457 2251 lienemque
469 2168 849 2236 sententiaeiucivilibus
861 2168 969 2238 causis
978 2168 1062 2235 intra
1073 2167 1160 2236 diem
1170 2168 1361 2252 vigesimum

273 2267 462 2350 procedant.

312 2400 342 2464 a.
366 2399 456 2476 Quod
474 2399 515 2466 de
530 2400 801 2486 appellationibus
817 2402 856 2467 ab
872 2401 1126 2470 interlocutoriis
1142 2401 1263 2469 domiui
1279 2401 1359 2470 liec-

272 2500 351 2564 toris
378 2516 442 2565 nou
469 2500 661 2566 habentibus
689 2501 751 2565 vim
778 2501 964 2568 definitivae
991 2510 1145 2594 statutum
1174 2509 1236 2580 est,
1265 2501 1360 2569 etiam

272 2598 355 2680 apud
373 2595 524 2666 dominos
537 2597 664 2681 judices
679 2599 881 2666 observetur.

313 2731 343 2796 6.
367 2729 427 2808 Qui
441 2749 498 2813 per
512 2732 663 2799 dominos
672 2731 801 2816 judices
816 2733 1032 2801 declarabitur
1044 2743 1166 2802 temere
1178 2735 1360 2818 appellasse

270 2829 462 2896 asententia
485 2831 608 2898 domini
624 2832 785 2907 Rectene,
803 2850 842 2899 eo
866 2833 938 2914 ipso
954 2834 1075 2900 ineidat
1098 2835 1130 2900 in
1148 2851 1284 2916 poenam
1302 2835 1360 2902 tri-

271 2928 358 3012 ginta
375 2929 572 2996 stulerorum
588 2931 794 2998 universitati
811 2933 1088 3016 applicandorum.

313 3109 400 3176 voici
424 3111 508 3178 deux
531 3111 722 3179 documents
745 3115 798 3196 qui
816 3123 979 3182 montrent
1001 3115 1222 3198 l'importance
1246 3115 1287 3182 du
1305 3115 1361 3182 tri-

271 3207 366 3274 bunal
389 3209 448 3276 des
464 3209 537 3291 cinq
550 3209 645 3292 juges
668 3212 804 3294 d'appel.
823 3215 864 3281 Le
888 3215 1039 3296 premier,
1057 3215 1099 3280 du
1116 3215 1155 3278 29
1173 3231 1258 3280 mars
1282 3215 1362 3279 tnta

267 3311 309 3386 (n.
327 3309 390 3386 st),
407 3319 515 3374 estun
531 3309 618 3374 arret
640 3311 682 3374 du
699 3309 826 3376 Couseil
849 3314 889 3378 de
906 3314 1045 3379 Brabant
1060 3314 1203 3380 donnaut
1226 3314 1300 3396 gain
1320 3315 1360 3380 de

268 3421 365 3471 cause
381 3423 419 3472 au
437 3406 576 3472 tribunal
599 3417 712 3475 contre
726 3410 804 3476 lean
816 3411 987 3488 lloliueus,
1004 3413 1110 3495 dopen
1133 3411 1174 3478 de
1189 3411 1359 3502 SbPierm,

268 3503 468 3582 albuvain3
494 3507 525 3572 le
548 3508 681 3584 second,
699 3509 741 3575 du
766 3509 802 3574 31
829 3513 905 3577 aodt
929 3511 1022 3590 1633,
1046 3521 1095 3578 est
1119 3529 1162 3578 un
1185 3511 1296 3577 decret
1317 3511 1358 3576 du

268 3602 398 3670 Conseil
424 3605 555 3688 general
582 3607 624 3674 de
650 3607 853 3677 ltlniversite
876 3621 1075 3678 concernunt
1097 3611 1294 3694 l'obligatiou
1320 3612 1361 3678 de

268 3703 442 3788 consignes
464 3715 556 3774 entre
579 3707 628 3775 les
645 3709 748 3776 mains
771 3709 813 3776 du
838 3711 963 3778 notaire
986 3711 1026 3777 de
1042 3712 1072 3776 la
1088 3729 1167 3780 cour
1189 3711 1219 3777 la
1235 3727 1360 3779 somme

267 3801 308 3868 de
323 3803 426 3870 douze
442 3804 556 3872 llcrins
572 3805 614 3872 du
632 3807 727 3882 Rutu,
746 3818 891 3876 moutant
906 3810 947 3876 de
962 3810 1120 3877 l’amende
1139 3809 1360 3894 qu'encourait

268 3901 352 3970 celui
369 3903 422 3984 qui
439 3905 522 3970 avait
538 3907 652 3988 appele
667 3907 763 3976 d'une
779 3917 932 3976 sentence
950 3909 1107 3977 rectorale
1126 3907 1188 3976 tta
1204 3908 1313 3994 legere
1328 3918 1360 3977 et

268 4017 345 4066 sens
362 4003 471 4069 nuntiis
487 4004 627 4072 serieux.
