3100 4942
597 501 781 568 -139-

138 681 270 747 institui
284 698 321 748 ac
334 681 364 746 in
377 681 579 764 corporalem
593 683 680 749 illius
694 700 750 748 seu
768 683 896 748 illorum
912 683 950 746 ad
968 698 1062 763 quem
1078 698 1135 746 seu
1153 698 1235 764 quos

142 781 419 861 presentabumur
445 799 504 863 pro
526 792 682 864 tempore,
708 782 890 862 lariumque
911 791 943 846 et
965 779 1233 860 pertinenciarum

136 895 214 944 our-
232 888 240 960 t
258 879 346 944 nium
373 897 506 946 suorum
530 881 638 947 induci
662 891 694 946 et
715 882 881 946 inductum
905 879 1032 945 delendi
1057 879 1173 944 amotis
1195 895 1234 943 err

141 977 197 1043 illa
220 994 280 1043 seu
302 979 367 1043 illis
390 979 511 1044 illicitis
532 979 753 1046 detentoribus
775 979 1031 1061 quibuscumque
1045 995 1084 1042 ac
1099 994 1232 1058 presen-

139 1077 262 1144 tandos
287 1078 325 1141 ad
344 1077 523 1160 prebendas
543 1078 574 1142 in
590 1079 706 1160 ouibus
723 1079 930 1144 instituentur
945 1078 977 1142 in
993 1079 1078 1142 dicta
1095 1077 1232 1142 eeclesia

141 1176 248 1242 sancti
274 1177 359 1242 Petri
386 1177 418 1240 in
445 1177 625 1244 Garronicos
647 1178 731 1242 etin
755 1179 871 1242 iratres
893 1177 992 1258 recipi
1015 1177 1110 1241 stallo
1131 1175 1179 1239 eis
1201 1175 1232 1238 in

137 1273 252 1341 choro
274 1285 306 1341 et
328 1276 399 1342 loco
422 1275 452 1338 in
478 1275 624 1356 capitulo
649 1277 752 1358 ipsius
774 1276 911 1342 ecclesie
938 1292 1011 1340 cum
1035 1275 1233 1356 plenitudine

141 1375 226 1440 iuris
241 1374 389 1439 canonici
406 1375 591 1456 assignatis,
609 1385 641 1440 et
656 1376 694 1440 ad
713 1376 892 1456 plebanium
909 1375 1092 1440 huiusmodi
1111 1373 1117 1455 1
1138 1383 1170 1440 ut
1185 1379 1235 1438 est

141 1473 248 1538 moris
273 1473 409 1548 admitti,
437 1475 566 1554 illisque
587 1475 627 1540 de
655 1474 802 1555 plebanie
823 1491 862 1538 ac
889 1473 984 1538 trium
1006 1491 1046 1538 ex
1069 1473 1181 1538 decem
1203 1481 1235 1538 et

138 1581 220 1638 octo
250 1572 500 1637 canonicatibus
530 1583 561 1638 et
592 1573 777 1652 prebendis,
808 1589 933 1640 necnon
964 1575 1175 1638 creandorum
1203 1580 1235 1636 et

143 1671 419 1738 instituendorum
443 1669 693 1736 Canonicetuum
713 1687 744 1736 et
761 1671 997 1752 prebendarum
1014 1679 1107 1750 prout
1123 1685 1235 1752 quem·

139 1770 223 1836 libet
239 1787 352 1836 eorum
368 1771 545 1852 continget,
563 1771 721 1836 fructibus
738 1772 916 1836 redditibus
933 1770 1144 1852 prouentibus
1160 1768 1235 1834 iuri·

141 1869 208 1933 bus
233 1879 267 1934 et
291 1869 544 1934 obtentionibus
571 1871 733 1936 uniuersis
760 1871 884 1952 integre
911 1869 1100 1950 responderi
1130 1869 1235 1934 lacere

139 1968 248 2032 libere
263 1985 302 2032 ac
321 1968 408 2032 licite
431 1969 556 2048 possint
578 1980 609 2034 ct
632 1969 727 2034 debc-
745 1973 752 2048 Ι
771 1979 825 2034 arrt
846 1969 968 2050 absque
989 1968 1076 2034 omni
1099 1966 1233 2048 impedi-

140 2076 273 2141 mento;
296 2067 448 2147 quodque
470 2068 519 2132 sic
540 2069 713 2148 presentati
731 2078 762 2134 et
777 2068 913 2132 instituti
931 2085 988 2148 pro
1005 2077 1150 2148 tempore
1167 2067 1234 2146 ple-

142 2164 251 2230 banus
281 2178 313 2230 et
342 2165 494 2230 Carionici
524 2167 710 2246 prebendati
738 2167 823 2232 dicte
852 2166 990 2232 ecclesie
1020 2166 1123 2230 sancti
1150 2164 1233 2230 l‘etri

141 2264 252 2330 solum
269 2274 300 2328 et
316 2267 467 2330 duntaxat
482 2276 676 2332 censeantur
691 2276 722 2332 et
738 2267 886 2341 existant,
904 2265 1045 2347 quandiu
1062 2265 1094 2328 in
1110 2265 1234 2345 prelato

143 2364 256 2430 studio
269 2364 341 2428 sine
354 2364 594 2432 intermissione
606 2367 743 2449 legerint
757 2367 808 2432 uel
822 2366 972 2438 rexerint,
982 2365 1112 2445 acquod
1122 2379 1232 2430 eorum

142 2462 286 2544 singulis
308 2463 538 2544 impedimento
562 2483 624 2530 non
648 2477 777 2531 extante
800 2466 954 2546 legitimo,
972 2465 1004 2528 in
1028 2465 1100 2544 ipso
1126 2463 1234 2528 studio

142 2561 255 2643 tepere
274 2571 306 2628 et
324 2561 331 2644 Ι
350 2579 462 2644 regere
482 2565 698 2639 cessantibus,
717 2566 913 2631 cessantium
930 2565 1039 2646 legere
1055 2563 1106 2628 uel
1124 2579 1236 2643 regere

138 2661 333 2726 eorumdem
347 2661 407 2725 nisi
420 2663 501 2726 inira
518 2673 640 2730 certum
658 2665 908 2746 peremptorium
925 2672 1163 2744 competentem
1180 2676 1237 2741 per

141 2760 298 2826 Abbatem
325 2760 528 2842 Propositum
556 2765 606 2829 uel
640 2766 800 2829 [lecanum
831 2765 995 2844 predictus
1026 2761 1074 2826 eis
1104 2761 1143 2826 ad
1175 2761 1237 2826 boc

138 2859 372 2940 assignandum
396 2863 568 2926 terminum
592 2863 701 2940 legere
723 2863 773 2928 uel
798 2879 909 2943 regere
926 2878 999 2926 cum
1015 2859 1130 2927 ellectu
1148 2860 1234 2924 rein-

140 2958 290 3038 ceperint
305 2969 338 3024 et
353 2959 423 3024 sine
444 2961 556 3026 bande
577 2962 849 3035 continuauerint‚
868 2961 1014 3041 plebanis
1035 2977 1073 3025 ac
1097 2958 1233 3024 Canoni-

143 3067 237 3122 catus
263 3067 295 3122 et
322 3059 484 3138 prebende
511 3077 568 3140 per
592 3063 806 3127 cessationem
830 3062 966 3144 buius-l
990 3059 1076 3124 modi
1098 3075 1137 3124 eo
1161 3059 1233 3138 ipso

144 3171 262 3222 uacare
274 3167 458 3234 censeatur,
473 3160 543 3225 siue
554 3171 759 3238 censeantur,
770 3178 806 3226 ac
818 3161 849 3224 in
862 3177 975 3226 eorum
988 3159 1069 3226 lucis
1081 3158 1233 3240 quotiens

143 3253 174 3318 id
197 3255 332 3320 euenire
355 3257 526 3338 eontigerit
551 3259 603 3340 aiij
631 3261 736 3324 modis
763 3269 794 3324 et
820 3260 932 3324 lormis
958 3258 1120 3323 similibus
1146 3257 1232 3321 illico

140 3354 358 3419 sustituantur
373 3366 406 3420 et
419 3369 641 3438 surrogentur,
660 3377 759 3440 super
773 3359 891 3440 quibus
906 3358 1058 3424 omnibus
1072 3365 1103 3421 et
1119 3356 1230 3434 singu·

141 3451 183 3516 lis
198 3452 294 3517 uobis
309 3464 342 3518 et
356 3454 421 3518 illis
438 3455 562 3535 plenam
579 3468 611 3522 et
627 3458 762 3524 liberam
779 3468 890 3523 tenore
913 3455 1109 3538 presentium
1133 3454 1231 3518 licen-

143 3551 221 3614 tiam
241 3551 451 3618 concedimus
473 3565 505 3620 et
525 3555 620 3620 etlam
644 3557 839 3622 facultatem.
857 3555 1003 3620 Ceterum
1025 3552 1231 3632 utpremissa

141 3650 252 3714 omnia
271 3651 281 3732 Ιι
295 3660 328 3716 et
338 3651 462 3733 singula
475 3654 584 3719 debito
596 3656 782 3736 quantotius
796 3655 922 3720 ualeant
934 3651 1120 3720 demandari
1137 3649 1230 3716 effec-

144 3747 190 3812 tui
212 3759 244 3813 et
267 3766 325 3829 per
347 3751 409 3815 boc
432 3752 557 3818 tructus
580 3755 712 3820 accedat
733 3753 949 3836 adoptatus,a
973 3750 1111 3834 siugulis
1127 3759 1233 3815 recto·

143 3845 234 3911 ribus
258 3847 471 3929 singularium
498 3853 744 3931 parrochialium
771 3853 984 3918 ecclesiarum
1013 3867 1052 3914 ac
1082 3847 1232 3930 personis

140 3945 365 4013 obtinentibus
380 3950 419 4011 ad
437 3967 572 4029 presens
588 3951 768 4032 plebaniam
785 3959 816 4016 et
832 3950 980 4032 singulos
1003 3967 1041 4014 ex
1065 3948 1170 4012 tribus
1191 3947 1232 4012 de

139 4043 253 4110 decem
275 4057 307 4110 et
328 4055 402 4112 octo
424 4047 672 4114 canonicatibus
694 4059 725 4114 et
747 4049 920 4131 prebendis
937 4047 1068 4128 prelatis
1085 4045 1231 4126 plebanie

141 4143 391 4225 etsingulorum
407 4146 564 4212 extribus
580 4148 827 4214 canonicatibus
848 4154 879 4212 et
898 4159 904 4230 ι
923 4145 1096 4228 prebendis
1119 4143 1231 4208 buius·

145 4241 230 4307 modi
255 4243 491 4326 resignationcs
513 4247 540 4311 si
564 4263 619 4312 eas
642 4247 737 4312 simul
761 4247 812 4312 uel
838 4245 1028 4312 successiue
1052 4243 1085 4308 in
1113 4241 1232 4309 uestris
