3246 4944
749 413 934 477 -tttt-
1019 410 1026 426 ⁴

300 594 332 657 in
349 601 461 659 senatu
486 603 597 658 nostro
614 593 803 659 Brabantiae
819 593 1003 660 consiliario
1019 593 1194 668 ordinario,
1213 593 1383 675 plurimum

302 693 396 758 nobis
408 693 547 769 dilectis,
559 711 760 782 quorumque
774 694 867 759 nobis
881 695 973 767 tides,
987 693 1158 760 sinceritas
1171 702 1200 758 et
1214 693 1385 776 singularis

302 793 469 876 prudentia
498 802 570 859 nota
597 803 658 870 est,
684 793 903 858 mandavimus
930 802 962 858 et
987 792 1195 875 injunximus,
1219 801 1249 858 et
1274 792 1384 873 vigore

301 891 518 973 praesentium
535 893 721 958 mandamus
736 902 768 957 et
784 891 991 974 injungimus,
1006 900 1040 958 ut
1055 891 1249 973 conjunctim
1265 892 1383 956 dietam

303 991 547 1057 Universitatem
573 999 712 1056 nostram
737 1001 799 1056 tam
824 992 856 1055 in
880 999 946 1057 toto
970 1007 1106 1072 corpore
1128 1007 1221 1072 quam
1248 989 1385 1071 siugulis

303 1091 456 1155 membris
479 1091 620 1166 visitent,
642 1107 798 1172 personas
821 1107 1040 1174 quascumque
1062 1099 1126 1154 tam
1148 1089 1384 1156 ecclesiasticas

302 1206 396 1269 uuam
420 1190 614 1263 saeculares,
633 1191 734 1256 eidem
759 1190 963 1254 universitati
987 1189 1214 1271 subjecisset
1236 1207 1317 1269 opus
1334 1187 1385 1266 sitl

301 1298 450 1354 accurate
466 1298 498 1354 et
520 1289 550 1352 iu
574 1290 722 1355 omnibus
746 1290 882 1370 negotiis
907 1290 989 1354 hane
1012 1288 1227 1355 visitationem
1250 1305 1385 1354 conuer-

303 1385 452 1450 nentibus
478 1387 608 1452 audiant
634 1397 664 1452 et
690 1388 884 1464 examinent,
902 1395 1076 1468 erectaque
1104 1404 1178 1452 sese
1199 1386 1383 1459 informent,

303 1501 343 1548 an
373 1483 548 1551 laudabiles
578 1487 681 1552 dictae
708 1487 932 1552 Universitatis
958 1485 1191 1561 ordinationes,
1212 1493 1386 1551 consuetu·

306 1582 409 1658 dines,
438 1585 686 1651 constitutiones
722 1595 752 1651 et
790 1585 993 1652 fundationes
1023 1585 1083 1651 rite
1112 1593 1206 1666 atque
1235 1584 1388 1649 decenter

306 1683 519 1750 observentur
534 1693 565 1750 el
587 1685 831 1764 adimpleantur,
848 1685 1040 1766 debitosque
1062 1685 1143 1750 ordo
1164 1691 1196 1749 et
1218 1683 1386 1762 disciplina
1414 1685 1415 1689 ’

308 1781 391 1847 inter
426 1800 539 1847 orarves
576 1794 735 1865 regentes,
765 1785 954 1864 praefectos,
983 1781 1147 1848 studiosos
1183 1783 1384 1856 observetur,

304 1879 426 1961 vigeat3
444 1892 634 1962 caeteraque
650 1884 756 1946 omitia
780 1883 906 1956 lactant,
925 1898 1005 1962 uuae
1020 1881 1057 1946 ad
1076 1882 1158 1946 banc
1174 1880 1384 1946 visitationem

305 1980 498 2053 conducent,
517 1990 561 2059 ut,
580 1982 704 2047 illorum
724 1983 875 2047 relatione
891 1983 1009 2056 audite,
1027 1998 1044 2045 a
1062 1979 1153 2046 nobis
1170 1979 1386 2062 provideatur,

305 2088 399 2158 prout
423 2097 479 2159 pro
503 2081 626 2160 publica
651 2081 746 2145 totius
770 2081 992 2145 Universitatis
1016 2080 1140 2145 utilitati
1162 2077 1334 2145 convenire
1356 2086 1389 2142 et

305 2178 456 2258 expedire
479 2179 669 2255 videbimus,
688 2179 778 2248 vobis
807 2180 1005 2255 mandantes,
1025 2187 1057 2242 ut
1081 2177 1252 2258 praedictis
1270 2177 1390 2242 nostris

306 2277 537 2342 commissoriis
568 2278 597 2340 in
630 2279 802 2360 praedictis
830 2279 980 2343 orunrbus
1010 2287 1042 2343 et
1075 2277 1224 2358 siugulis,
1252 2274 1390 2340 debitam

306 2375 511 2450 audientiam,
531 2376 624 2442 fidem
642 2387 672 2442 et
687 2378 883 2442 credentiam
907 2377 1065 2451 tribuatis,
1085 2385 1245 2458 tamquam
1262 2384 1392 2440 nostrae

308 2481 477 2556 personae,
495 2477 521 2538 si
539 2477 576 2539 ad
595 2478 656 2540 boc
672 2493 784 2541 vacare
801 2477 957 2558 integrum
975 2476 1068 2542 loret.

351 2595 363 2631 v
384 2572 589 2638 venerabiles
605 2585 635 2640 et
652 2575 858 2656 singulariter
875 2575 967 2640 nobis
983 2575 1103 2648 dilecti,
1119 2575 1204 2640 Deus
1220 2571 1291 2654 0pt.
1308 2571 1390 2635 ltux.

307 2688 364 2734 vos
396 2671 620 2736 Universitatis
651 2684 781 2738 nostrae
812 2674 895 2738 bono
926 2673 1105 2739 incolumes
1136 2680 1254 2737 servet.
1279 2671 1392 2734 Datum

308 2770 486 2846 bruxellae,
503 2771 554 2834 die
571 2771 610 2834 28
627 2773 746 2836 mensis
760 2773 829 2853 iulii
847 2774 920 2836 antri
939 2773 1063 2838 ltomini
1080 2771 1241 2835 millesimi
1259 2787 1393 2835 sexcen-

309 2867 412 2932 tesimi
430 2871 568 2950 septimi.
586 2872 784 2951 llrcnlnnnur]
802 2877 829 2935 v¹
846 2877 895 2950 tl).
910 2907 950 2917 -
965 2871 1184 2936 ALBERTUS.
1206 2903 1236 2914 -
1254 2871 1360 2933 Patra.
1379 2893 1393 2930 u

354 3089 366 3124 n
388 3067 448 3130 Les
477 3069 604 3130 extraits
632 3067 686 3131 des
716 3074 809 3132 Actes
838 3068 876 3130 de
905 3069 1118 3147 l'Universite‚
1146 3069 1251 3131 re'unis
1280 3087 1337 3149 par
1366 3068 1396 3130 le

310 3164 441 3227 docteur
468 3168 617 3250 Francois
639 3169 709 3230 Van
731 3167 769 3229 de
785 3167 894 3244 Velde,
912 3187 993 3230 nous
1008 3167 1200 3232 sournissent
1214 3167 1268 3230 des
1283 3166 1396 3232 de'tails

309 3266 437 3328 curieux
456 3286 509 3327 sur
525 3265 552 3328 le
567 3279 834 3330 commencement
850 3267 888 3330 de
903 3267 932 3328 ln
950 3268 1047 3332 Visite
1063 3271 1112 3346 (a).

354 3463 443 3528 «Die
483 3462 594 3528 martis
636 3463 745 3528 ultime
782 3462 852 3543 julii
888 3462 976 3546 [anni
1015 3461 1148 3546 l607]...
1178 3469 1302 3527 servata
1339 3462 1399 3526 l'uit

313 3561 489 3641 deputatio.
525 3560 559 3624 ln
590 3579 651 3642 qua
682 3563 871 3643 magnificus
899 3562 1049 3627 dominus
1076 3563 1193 3627 Rector
1222 3561 1285 3642 [qui
1321 3567 1399 3624 tuno

351 3805 388 3880 tl)
410 3805 581 3863 Uest-adire
609 3809 759 3864 Richardot
785 3815 860 3866 vidit.
882 3809 1035 3865 Richardot
1060 3809 1127 3865 eluit
1151 3810 1176 3864 le
1202 3805 1340 3879 president
1362 3807 1400 3860 dn

314 3897 424 3952 Conseil
438 3899 521 3969 privo.

350 3989 388 4058 (2)
410 3989 447 4044 lte
471 3991 622 4045 manuscrit
646 3993 679 4046 de
703 3991 762 4046 Van
786 3993 820 4045 ds
842 3991 937 4054 Valde,
957 3992 1005 4063 qui
1029 3990 1202 4063 apparteneit
1226 3985 1357 4044 snlrsfois
1385 3995 1403 4042 tt

314 4079 379 4147 Mgr
404 4080 442 4133 De
465 4079 546 4148 Ram,
569 4098 598 4134 se
620 4087 717 4136 trouve
739 4081 912 4150 aujourd'bui
935 4099 989 4135 aux
1012 4083 1145 4137 Archives
1167 4082 1202 4134 du
1224 4081 1403 4152 Roysumerl

315 4171 471 4226 Bruxelles.
488 4173 551 4241 Mgr
566 4173 604 4226 Do
618 4173 687 4228 Ram
705 4191 739 4227 eu
758 4190 775 4227 s
795 4171 888 4244 publia
909 4189 962 4227 uus
983 4173 1071 4246 pertis
1090 4175 1158 4226 dans
1177 4171 1347 4225 l'Annuairc
1367 4173 1402 4223 de

316 4261 492 4318 l’Unioeraite'
502 4263 653 4330 catholicus
666 4270 699 4318 de
713 4266 847 4330 mucela,
865 4263 947 4333 1840,
962 4282 1007 4336 pp.
1023 4263 1075 4319 221
1092 4281 1148 4318 svv.
