3240 4946
709 492 894 557 435..

258 670 462 752 congregatio
487 671 705 738 uniuersitatis
728 673 811 753 apud
835 671 1091 756 augustinenses
1113 671 1198 753 jnter
1225 684 1340 738 nonam

257 776 289 857 et
303 768 459 834 decimam
477 771 574 835 noras
590 782 663 836 ante
680 771 846 838 meridiem
863 789 960 852 super
975 771 1038 853 les
1053 770 1207 837 articulis.

298 971 457 1042 Quantum
473 969 512 1032 ad
529 977 676 1051 quartum
693 969 900 1035 articulum...
919 970 1055 1048 insuper
1075 968 1216 1034 narrauit
1239 968 1342 1036 domi-

260 1083 320 1132 nus
347 1075 453 1133 rector
478 1069 616 1149 qualiter
635 1068 669 1150 jn
693 1069 923 1134 reformatione
945 1068 1034 1132 curie
1057 1067 1343 1133 conseruatorialis

261 1165 438 1230 nouissime
453 1165 534 1231 facta
550 1177 581 1232 et
599 1167 734 1249 principi
752 1175 910 1247 porrecta,
927 1167 1109 1232 continetur
1127 1167 1212 1248 quod
1235 1183 1343 1231 asses·

261 1281 316 1329 sor
341 1264 437 1328 nichil
459 1281 476 1328 a
493 1266 637 1345 partibus
653 1267 797 1348 recipere
814 1267 956 1341 deberet,
975 1267 1031 1330 sed
1048 1265 1133 1347 quod
1149 1265 1343 1331 uniuersitas

261 1362 364 1428 cidem
401 1365 586 1443 prouiderat
619 1365 659 1430 de
695 1374 823 1432 centum
858 1365 969 1446 petris,
1007 1374 1039 1430 ct
1074 1382 1114 1430 ne
1150 1365 1343 1431 uniuersitas

258 1459 498 1540 incommodum
522 1471 663 1544 reportet
685 1481 723 1529 ex
748 1463 931 1529 huiusmodi
954 1473 1081 1529 centum
1106 1465 1216 1545 petris,
1240 1463 1344 1544 posuit

261 1559 411 1641 antiquus
436 1561 586 1627 dominus
613 1573 720 1628 rector
744 1565 909 1645 [magister
934 1563 1094 1628 Adrianus
1120 1563 1283 1642 Florentii]
1309 1562 1344 1643 jn

261 1658 490 1725 deliberatione
515 1661 717 1726 dominorum
745 1679 785 1726 an
814 1679 853 1728 ne
880 1656 1004 1742 placeat
1033 1663 1119 1744 quod
1149 1672 1257 1742 partes
1288 1679 1345 1742 pro

263 1757 405 1838 quolibet
431 1758 568 1824 termino
594 1761 723 1826 soluent
747 1761 927 1826 octodecim
954 1761 1059 1838 mitae,
1083 1771 1114 1826 et
1140 1761 1167 1826 si
1195 1762 1256 1826 boc
1282 1777 1346 1824 non

264 1856 412 1931 sufficiat,
446 1866 540 1938 prout
574 1859 734 1941 aliquibus
770 1861 907 1932 videtur,
939 1861 1023 1942 quod
1053 1860 1181 1924 soluant
1211 1859 1346 1924 mediam

265 1956 444 2020 blanckam.
460 1957 563 2038 Super
579 1977 642 2038 quo
658 1960 853 2024 uniuersitas
875 1959 1058 2024 deliberans
1080 1959 1239 2024 conclusit
1261 1958 1345 2039 quod

267 2072 324 2134 pro
347 2055 530 2120 huiusmodi
555 2066 681 2121 cenlmn
707 2057 806 2138 petris
826 2057 991 2124 soluendis
1007 2057 1200 2122 uniuersitas
1217 2055 1350 2138 recipiat

266 2155 439 2236 aqualibet
456 2166 544 2235 parte
561 2173 618 2236 pro
635 2157 778 2236 quolibet
794 2156 930 2221 termino
947 2173 1054 2222 coram
1071 2155 1202 2221 domino
1217 2171 1350 2220 cunser-

267 2263 379 2318 uatore
394 2253 598 2318 obseruando
615 2255 751 2320 mediam
769 2255 950 2319 blanciam.

422 2387 492 2442 Acta
510 2389 708 2457 Universftotls
725 2387 758 2454 V,
775 2389 823 2444 fol.
840 2388 953 2460 lxxxviij
970 2396 996 2442 r⁰
1009 2393 1036 2444 et
1050 2387 1145 2442 lxxxix
1157 2395 1197 2444 ν’.

307 2517 326 2580 9
341 2519 404 2582 moi
421 2519 511 2583 lbbl.
530 2518 679 2584 Rectorat
694 2519 734 2584 de
750 2519 858 2585 Plerre
874 2519 1061 2602 l’Apostole.

311 2649 367 2714 uie
390 2649 509 2730 sabbat]
534 2649 684 2715 vicesima
709 2667 793 2715 nona
816 2651 938 2716 mensis
962 2650 1032 2732 maij
1052 2649 1173 2731 indicta
1195 2648 1254 2713 fuit
1275 2664 1353 2712 con-

269 2748 425 2829 gregatim
441 2749 660 2815 uniuersitatis
690 2751 773 2831 apud
805 2749 1028 2816 Predicatores
1055 2750 1142 2830 jnter
1173 2764 1287 2814 nonam
1325 2755 1357 2812 et

271 2848 427 2912 decimam
444 2848 540 2912 boras
556 2857 629 2914 ante
646 2850 811 2914 meridiem
827 2866 925 2931 super
941 2849 1003 2931 bijs
1020 2848 1176 2914 articulis.

313 3043 359 3106 3²¹·
389 3051 438 3109 est
459 3045 497 3108 ad
521 3046 714 3112 audiendum
734 3047 838 3128 aliqua
859 3047 992 3128 proponi
1010 3045 1236 3113 concernentia
1253 3045 1353 3112 refor-

272 3143 427 3208 mationes
453 3144 542 3208 curie
568 3145 688 3208 domini
716 3146 957 3212 conseruatoris
983 3155 1016 3211 et
1044 3145 1082 3210 ad
1112 3144 1353 3210 deliberandum

271 3243 422 3323 desuper.

313 3443 469 3512 Quarntum
492 3439 531 3504 ad
556 3437 689 3505 lercium
713 3439 882 3505 articulum
904 3439 1071 3522 proposuit
1085 3437 1235 3504 dominus
1251 3445 1357 3502 rector

274 3539 410 3620 qualiter
432 3540 581 3604 dominus
607 3549 818 3604 conseruator
844 3557 901 3618 pro
929 3537 1156 3604 reformatione
1182 3537 1272 3602 curie
1298 3553 1357 3601 suc

274 3646 361 3701 certa
384 3640 533 3718 concepit
556 3637 753 3703 auisementa
776 3655 838 3719 que
856 3636 986 3703 tradidit
1007 3636 1067 3718 sibj
1091 3635 1221 3701 domino
1238 3633 1355 3714 rectori

274 3735 312 3798 ad
340 3735 435 3800 linem
463 3746 496 3801 vt
525 3736 716 3802 uniuersitas
746 3737 885 3816 desuper
915 3735 1107 3800 deliberaret
1136 3733 1164 3798 si
1195 3733 1358 3813 placerent

275 3850 387 3907 necne,
405 3835 550 3899 addendo
566 3835 615 3900 vel
632 3836 830 3900 detrabeudo
843 3834 963 3900 eisdem
977 3850 1039 3916 que
1051 3834 1200 3898 videntur
1211 3830 1356 3896 addenda

275 3931 324 3996 vel
336 3932 546 3998 detrahenda.
562 3933 629 4008 Que
645 3934 773 4016 quidem
789 3934 987 4000 auisamenta
998 3933 1070 4014 ipse
1087 3931 1237 3996 dominus
1253 3936 1360 3995 rector

275 4031 526 4098 communicauit
548 4032 680 4098 decanis
704 4033 901 4115 singularum
925 4032 1109 4098 facultatum
1125 4032 1164 4095 ad
1180 4029 1360 4095 deliberan-

276 4129 351 4196 dum
375 4148 473 4212 super
495 4132 630 4197 eisdem.
655 4132 715 4197 Sed
740 4132 813 4214 quia
836 4132 1003 4213 bucusque
1025 4129 1218 4195 uniuersitas
1234 4127 1359 4192 nullam

277 4227 521 4296 conclusionem
558 4232 654 4312 cepit,
683 4229 755 4314 jpse
788 4231 938 4297 dominus
967 4237 1178 4296 conseruator
1206 4229 1359 4307 deinceps
