3194 4940
707 437 894 530 ..111-

248 643 475 735 illiderentur,
483 639 698 737 subirenlque
719 653 900 736 oportunus
922 633 1053 720 iabores
1072 649 1110 717 ad
1129 646 1342 732 interpretari

249 745 326 825 ditm
348 757 433 822 allos
457 749 568 822 diuina
593 746 710 820 meniis
736 753 914 839 conceptus
941 763 974 820 et
999 745 1148 820 salubres
1175 735 1343 822 sacr'oruu'r

250 845 410 923 'canonum
433 850 657 929 intelieclus,⁸
650 843 689 917 ad
709 847 783 918 iidei
798 849 958 918 catholice
974 837 1219 917 incrementum.
1237 823 1344 958 Quare

249 939 335 1020 idem
351 947 524 1019 cardinalis
540 951 727 1016 eorumdem
745 935 949 1015 Maximiliani
966 942 1058 1015 ducis
1074 959 1105 1014 et
1116 925 1345 1014 uniuersitatis

251 1042 383 1118 nbmltie
398 1051 575 1117 affectuose
591 1045 763 1114 admodum
781 1049 876 1115 nobis
892 1045 1101 1132 supplicauit,
1118 1055 1151 1112 ut
1166 1043 1251 1112 diclc
1265 1021 1341 1110 ¹[ini-

251 1147 409 1228 densitati,
422 1164 486 1234 oue
499 1145 592 1215 nobis
604 1159 636 1215 et
648 1149 827 1229 apostolice
838 1144 907 1214 sedi
922 1164 1053 1230 semper
1065 1142 1122 1212 iuit
1137 1131 1295 1212 obediens
1311 1152 1343 1210 et

250 1245 381 1326 deuota,
395 1245 581 1314 huiusmodi
597 1247 780 1313 facultatem
792 1243 987 1322 concedere,
1001 1245 1168 1328 aliasque
1160 1262 1192 1310 111
1210 1243 1343 1326 premis·

251 1339 298 1414 sis
310 1353 469 1429 oponunc
483 1341 656 1428 prouidere
669 1341 709 1411 de
722 1341 918 1429 benignitate
931 1339 1108 1427 apostolica
1121 1341 1344 1444 dignaremur

440 1557 602 1616 concam„
621 1578 657 1615 ou
676 1566 761 1616 octrci
780 1543 812 1614 ds
832 1565 860 1616 lc
879 1567 977 1624 tamur·
995 1564 1152 1615 domanda

295 1744 360 1814 Nos
387 1748 495 1832 igilur,
517 1748 570 1829 qui
594 1745 626 1812 in
653 1745 770 1814 studiis
793 1743 977 1814 huiusmodi
1003 1747 1128 1812 dierum
1155 1755 1340 1812 nostrorum

256 1858 403 1930 magnam
427 1857 549 1930 partem
573 1845 711 1928 egimus,
729 1863 766 1912 ac
781 1845 908 1912 labores
932 1846 1091 1912 almerita
1115 1844 1252 1910 lldcliter
1274 1853 1346 1908 stu·

254 1936 414 2024 dentium,
432 1943 635 2027 fructumque
655 1944 730 2010 inde
748 1943 901 2012 Ecclesiis
917 1957 950 2010 et
965 1943 1038 2010 ildei
1055 1945 1212 2010 catholice
1229 1959 1341 2023 proue-

254 2044 395 2108 nientem
427 2043 595 2118 nouimus,
627 2043 747 2126 quique
776 2043 973 2110 incrementa
999 2043 1148 2109 doctrine
1174 2042 1342 2123 cupientes

255 2133 421 2209 'utilitatem
439 2141 599 2224 publicam
615 2155 689 2208 ante
705 2143 818 2208 oculos
831 2160 960 2224 semper
972 2143 1140 2218 babemus,
1156 2141 1341 2206 huiusmodi

253 2239 544 2322 supplicationibus
557 2239 711 2317 inclinati,
726 2257 764 2305 ac
777 2239 887 2321 prolati
901 2241 1075 2306 cardinalis
1087 2251 1176 2321 grata
1189 2241 1347 2305 interces-

252 2338 345 2404 sione
361 2349 392 2404 ct
408 2337 493 2404 ddeli
511 2337 650 2404 consilio
663 2339 797 2415 inducti,
813 2339 940 2406 Rectori
954 2339 1101 2404 eiusdem
1114 2333 1342 2404 Urtiuersitatis

253 2437 1343 2520 protemporeexistentidequinquemagistrorumadbucincon-

254 2535 441 2620 gregatione
456 2537 552 2601 solita
568 2535 671 2620 ipsius
688 2535 914 2602 Uniuersitstis
931 2537 1186 2619 deputandorum
1203 2538 1347 2616 consilio

254 2643 285 2701 ct
301 2651 451 2710 assensu,
472 2633 657 2700 nominandi
674 2637 813 2718 singulis
830 2637 976 2717 prelatis,
994 2637 1154 2718 capitulis,
1172 2637 1341 2702 conuenti-

253 2733 326 2807 bus,
340 2730 488 2815 collegiis
501 2745 531 2798 ct
545 2733 693 2814 personis
708 2735 939 2801 ecclesiasticis
953 2735 1121 2818 utriusque
1132 2753 1345 2812 sexus,secu-

253 2831 375 2895 laribus
392 2843 423 2895 et
440 2833 656 2912 regularibus,
674 2833 799 2898 etiamsi
816 2835 1016 2908 abbatissali,
1034 2835 1196 2912 abbatiali,
1214 2836 1342 2914 episco-

255 2931 329 3010 pali,
348 2929 615 3012 archiepiscopali
633 2945 688 2996 aut
703 2934 921 2998 cardinalatus
945 2931 1118 3014 iungantur
1133 2935 1288 3014 dignitate
1309 2945 1337 3000 ct

253 3027 388 3102 bonore,
414 3027 452 3092 ad
477 3045 572 3110 quos,
596 3048 678 3112 quas
702 3031 751 3095 vel
776 3050 848 3112 que,
874 3033 1121 3096 canonicatuum
1146 3043 1177 3096 et
1201 3033 1339 3120 preben-

253 3130 384 3198 darum.
410 3145 447 3193 uc
471 3131 782 3195 administrationum
809 3143 842 3196 et
868 3131 1067 3207 officiorum,
1095 3143 1347 3215 ceterorumque·

251 3225 484 3291 beneilciorum
514 3227 811 3293 ecclesiasticorum
842 3231 1078 3310 quorumlibet,
1106 3247 1179 3294 cum
1205 3248 1281 3296 cura
1309 3243 1345 3298 ct.

253 3325 323 3388 sine
340 3338 429 3402 cura,
449 3325 480 3388 in
499 3327 595 3390 terris
611 3327 799 3406 temporalis
815 3327 947 3391 dominii
963 3325 1038 3392 dicti
1055 3329 1160 3402 ducis,
1177 3339 1208 3393 ct
1231 3331 1345 3396 dilecti

253 3419 308 3485 lilii
334 3423 451 3487 nobilis
475 3434 569 3506 atque
593 3428 737 3504 preclare
760 3425 881 3490 rudolis
904 3439 935 3490 el
957 3426 1025 3506 spel
1043 3423 1173 3492 insaniis
1190 3427 1345 3512 Philippi,
1417 3497 1419 3502 ,

252 3521 356 3601 ipsius
379 3517 471 3585 ducis
494 3521 718 3604 primogeniti,
743 3523 990 3588 consistentium
1014 3525 1154 3600 collatio,
1182 3528 1339 3608 prouisis

254 3619 468 3700 presentatio
492 3622 606 3685 electio
630 3639 687 3686 seu
711 3621 827 3704 queuis
850 3624 910 3686 alia
933 3623 1105 3705 dispositio
1127 3627 1347 3692 cornmuniter

253 3712 302 3781 vel
316 3715 445 3782 diuisim
460 3722 607 3800 pertinet,
622 3731 653 3785 et
665 3738 722 3786 eor
725 3739 775 3784 um
789 3721 931 3796 cuilibet,
945 3721 1069 3787 etiarnsi
1082 3724 1203 3806 aliqui
1195 3741 1360 3804 ipsorum.

251 3825 341 3881 extra
364 3825 431 3881 terr
434 3833 469 3882 as
492 3819 622 3884 easdem
646 3822 757 3885 sedern
781 3832 812 3885 ct
836 3819 1043 3886 residentiam
1066 3820 1223 3899 babeant,
1247 3825 1338 3888 dum·

254 3903 350 3980 modo
367 3919 471 3981 lamen
489 3917 562 3999 plns
579 3935 673 4000 quarn
690 3917 729 3985 dc
745 3937 802 3984 sex
819 3917 985 3986 beneficiis
1009 3938 1065 3986 seu
1089 3917 1205 3986 ciliciis
1228 3923 1339 3988 buius·

252 4011 340 4078 modi
369 4015 544 4096 disponere
572 4017 621 4082 vel
653 4017 844 4099 prouidere,
875 4029 929 4082 aut
965 4021 1005 4084 ad
1042 4015 1096 4084 ilic
1133 4033 1342 4100 presentare,

252 4105 374 4194 stipare
389 4109 439 4180 vei
462 4105 641 4187 nominare,
659 4134 716 4182 scu
740 4116 812 4181 aliis
835 4117 888 4181 illa
912 4117 1028 4198 quouis
1048 4116 1193 4184 locorum
1211 4120 1339 4192 lundata

253 4207 574 4288 consecretalem
592 4215 619 4280 si
637 4211 762 4296 proi-iti,
780 4216 902 4296 prelata
917 4221 971 4281 aul
986 4217 1048 4282 alie
1064 4209 1244 4299 singulares
1267 4228 1342 4301 per·
