3246 4944
648 416 897 516 prrs-

260 633 443 698 noosentire
468 649 529 697 non
553 632 692 711 potuerit
713 649 751 697 ac
773 632 894 713 possit;
919 631 949 695 id
972 629 1056 696 enim
1075 647 1136 694 non
1154 647 1191 693 ex
1206 628 1341 710 quadarn

260 732 417 812 protervia
436 731 515 806 fleri,
535 733 590 797 sed
609 741 642 798 ut
658 732 820 814 privilegia
837 748 893 796 sua
910 741 996 794 sarta
1012 739 1044 795 et
1059 739 1140 794 tecta
1157 735 1339 794 conservet.

301 950 314 986 u
336 929 390 993 Die
406 931 440 992 at
457 930 537 1009 junii
554 931 627 996 anni
647 932 736 1007 toln,
752 930 868 995 indicta
885 929 942 994 fuit
956 927 1163 1010 congregotio
1175 927 1339 992 Universi·

258 1027 343 1092 tatis.
363 1029 395 1091 ln
418 1046 478 1109 qua
495 1030 669 1094 declaravit
686 1029 875 1112 magnificus
890 1027 1040 1092 dominus
1056 1026 1174 1091 flector
1190 1041 1338 1091 reveren-

256 1127 331 1192 dum
355 1127 517 1192 dominum
540 1129 693 1193 iacobum
716 1127 903 1192 tonsorium
925 1127 1105 1191 accessisse
1129 1125 1338 1190 reverendum

256 1226 420 1291 dominum
437 1228 581 1292 abbatom
600 1228 803 1302 Parccnsem,
821 1244 858 1291 ac
874 1243 945 1290 cum
963 1227 1075 1290 eodem
1088 1225 1175 1306 iuxta
1192 1223 1338 1288 commis·

256 1327 380 1392 sionem
397 1327 459 1391 sibi
477 1327 626 1393 besterna
642 1328 694 1392 die
711 1345 767 1408 per
789 1327 1031 1392 Universitatcm
1055 1325 1160 1388 datam
1184 1333 1338 1388 tractasse

255 1421 1336 1508 etegisse;eumdemqueevimiumdominumJacobumlansonium

257 1525 406 1591 retulisse
418 1527 502 1607 quod
521 1526 604 1590 inter
616 1534 721 1591 cetera
734 1525 938 1607 responderit
951 1524 1011 1588 sibi
1024 1524 1130 1587 dietus
1143 1523 1338 1588 reverendus

255 1623 406 1688 dominus
428 1625 538 1700 abbas,
557 1625 644 1690 illum
670 1642 731 1690 non
750 1624 959 1706 praetendere
974 1623 1145 1704 quidquam
1162 1621 1336 1702 superiori-

255 1724 327 1788 tatis
350 1733 404 1789 aut
423 1724 656 1805 jurisdictionis
681 1725 711 1788 in
738 1723 982 1789 Universitatem
1011 1723 1145 1803 ejusque
1171 1721 1336 1802 supposita

253 1824 371 1888 virtute
393 1823 721 1903 superintendentiae,
746 1824 883 1905 quaein
907 1823 1090 1886 visitatione
1113 1820 1337 1885 Universitatis

253 1921 313 2001 ipsi
335 1921 495 1999 tribuitur,
514 1923 664 2004 quodque
687 1933 760 1988 ante
784 1922 1031 2002 publicationem
1056 1919 1238 2001 hujusmodi
1261 1919 1337 1983 visi·

254 2022 383 2088 tationis
417 2023 611 2103 praefabitur
640 2039 676 2087 se
706 2037 755 2098 ea,
783 2023 864 2104 quoe
894 2022 979 2086 circa
1009 2021 1090 2086 bane
1120 2018 1336 2083 visitationem

254 2121 327 2186 facit
349 2131 381 2186 et
402 2122 477 2202 agit,
500 2122 605 2188 facere
628 2130 659 2186 et
682 2138 777 2205 agere
800 2139 838 2187 ex
860 2121 1049 2212 auctoritate
1072 2118 1249 2199 apostoliea
1273 2116 1333 2182 sibi

251 2220 330 2284 alios
348 2237 403 2300 per
420 2221 670 2286 illustrissimum
683 2221 846 2285 dominum
862 2219 1017 2284 Nuncium
1034 2217 1246 2298 apostolicum
1262 2216 1334 2280 data

251 2325 282 2382 et
311 2320 496 2384 commisse.
530 2319 584 2384 llis
618 2319 738 2394 relatis,
767 2320 935 2400 proposuit
965 2316 1154 2398 magnificus
1182 2313 1333 2379 dominus

251 2417 368 2482 flector
385 2418 414 2480 in
432 2417 693 2484 deliberationem
712 2435 762 2496 an,
779 2419 852 2482 istis
867 2417 1008 2491 attentis,
1026 2415 1129 2480 dictae
1144 2413 1335 2479 visitationis

251 2516 498 2595 publicationem
536 2535 574 2582 eo
612 2519 705 2583 modo
737 2519 805 2583 lieri
838 2518 969 2597 placeat.
1003 2515 1199 2580 Praebabitis
1228 2504 1349 2578 autem

250 2617 470 2687 conterentiis,
507 2626 709 2681 retraxerunt
746 2633 782 2681 se
819 2617 983 2681 facultates
1020 2615 1057 2682 ad
1095 2614 1334 2679 deliberandum

250 2731 349 2794 super
372 2715 554 2794 huiusmodi
584 2715 761 2794 proposito.
781 2714 818 2778 Et
844 2732 882 2781 ex
908 2731 1017 2780 earum
1047 2713 1185 2778 unanimi
1215 2713 1335 2776 delibe-

252 2813 375 2878 ratione
390 2815 549 2878 conclusit
566 2813 754 2895 magnilicus
770 2815 919 2880 dominus
937 2815 1054 2881 flector
1071 2813 1231 2894 negotium
1256 2812 1333 2876 illud

253 2912 461 2991 publicandae
487 2913 680 2976 visitationis
707 2929 778 2977 cum
806 2913 1026 2978 illustrissimo
1052 2913 1182 2977 domino
1209 2909 1333 2976 Nuncio

250 3011 429 3089 apostolico
459 3027 532 3076 esse
561 3011 803 3088 conferendum,
828 3031 867 3077 oe
898 3012 924 3076 si
956 3013 1075 3086 forsan,
1099 3029 1139 3076 eo
1168 3009 1272 3075 inscio
1301 3017 1332 3074 et

248 3109 338 3189 quasi
368 3111 550 3189 praeterito,
575 3111 748 3192 publicatio
778 3111 880 3186 tieret,
908 3111 1104 3175 Universitas
1134 3110 1166 3173 in
1192 3109 1330 3190 aliquam

149 3212 151 3216 ’
247 3209 433 3290 disgratiam
470 3209 562 3275 Sedis
592 3210 788 3290 apostolicre
819 3212 984 3275 incurrere
1014 3217 1133 3290 posset.
1165 3208 1332 3289 [reputavit

247 3317 351 3372 autem
381 3308 579 3373 Universitas
609 3309 646 3372 ad
678 3309 895 3374 accedendum
926 3309 1045 3374 dictum
1075 3307 1330 3372 illustrissimum

246 3405 402 3470 Nuneium
429 3409 642 3487 apostolicum
669 3417 798 3472 etcum
825 3408 938 3473 eodem
965 3409 1175 3488 superdicto
1202 3407 1330 3488 negotio

179 3495 190 3509 '
246 3504 456 3583 publicandae
479 3505 672 3570 visitationis
688 3508 917 3572 conferendum
933 3507 1068 3571 eximios
1084 3516 1115 3570 et
1131 3506 1329 3570 clarissimos

244 3603 394 3667 dominos
421 3603 575 3669 loannem
607 3605 811 3677 l'aludanum
843 3605 997 3670 loannem
1032 3605 1267 3670 Sobinclvelium
1297 3614 1328 3668 et

244 3702 426 3766 (tomellum
464 3703 609 3781 Silvium,
641 3721 752 3769 sacrae
782 3705 963 3786 theologiae
991 3716 1023 3769 et
1054 3705 1220 3784 utriusque
1245 3703 1328 3784 iuris

244 3799 395 3865 doctores
425 3811 456 3866 et
486 3803 701 3882 professores.
735 3803 855 3869 Placuit
887 3805 983 3868 etiam
1018 3803 1222 3868 Universitati
1259 3802 1328 3866 dari

244 3907 352 3962 certos
382 3900 635 3975 commissarios,
667 3902 719 3982 qui
748 3903 883 3976 interea,
914 3903 988 3966 dum
1019 3903 1072 3966 alii
1101 3914 1329 3984 procuratores

244 3997 410 4062 Bruxellae
446 4000 706 4064 commissionem
738 4003 908 4082 expediant
945 4019 1047 4078 suam,
1088 4005 1252 4067 mittantur
1289 4002 1327 4066 ad

241 4096 454 4159 reverendum
491 4099 655 4162 dominum
691 4099 837 4165 abbatem
877 4103 1084 4174 lercensem,
1117 4103 1328 4183 eumdemque

241 4203 354 4275 rogent
369 4205 526 4276 quatenus
543 4198 660 4262 tamdiu
685 4216 702 4262 a
727 4201 940 4280 publicatione
964 4201 1155 4266 visitationis
1177 4219 1327 4283 superso-
