3194 4940
757 451 942 520 did·—

304 647 379 692 noni
403 629 442 694 de
464 629 586 714 chaque
609 645 740 708 rectem,
759 633 786 696 la
804 633 919 698 inculte
941 633 997 718 qui
1022 631 1061 698 l'e
1078 633 1206 716 designt
1229 633 1388 706 soitdene

302 748 359 792 son
376 729 457 804 sein,
474 731 536 796 suit
551 731 631 800 dens
645 735 710 796 'une
725 747 815 797 autre
832 733 958 799 saeuite.

308 875 311 882 »
345 829 390 894 Le
402 829 522 912 qualite
533 830 572 893 de
585 830 763 914 protesseur
774 831 881 896 n'e'teit
890 851 945 914 pas
958 832 1081 915 requise
1093 849 1175 912 pour
1188 830 1387 912 i'eiigibitire.

303 929 390 994 Pour
406 930 542 1010 pouvoir
562 933 628 994 titre
642 929 727 996 cleve
750 951 811 992 aux
827 931 988 996 fonctions
1009 931 1188 1005 remordes,
1208 930 1229 994 il
1253 929 1388 995 suffisait

301 1027 398 1092 d’etre
415 1027 556 1092 membre
577 1027 621 1092 du
644 1029 765 1093 conseil
786 1028 826 1092 de
841 1029 1058 1094 l'Universite'.
1079 1029 1225 1094 Pendant
1246 1029 1291 1094 les
1315 1049 1386 1113 pre-

302 1126 415 1191 mieres
428 1130 557 1202 euntes,
571 1148 614 1192 on
630 1143 742 1194 trouve
762 1129 919 1210 plusieurs
935 1142 1072 1194 recteurs
1093 1129 1151 1212 qui
1167 1128 1315 1194 n'e'teient
1331 1149 1388 1212 pas

303 1226 507 1310 prolesscurs.

333 1327 405 1391 ‚Les
416 1325 510 1410 eigles
526 1349 534 1390 :
549 1328 591 1390 D.
604 1336 636 1394 et
648 1331 702 1404 P.‚
716 1328 796 1394 dont
810 1348 892 1392 nous
905 1348 987 1392 nous
999 1349 1127 1392 serious
1140 1329 1384 1412 trequemment.

302 1425 465 1510 signifieat
478 1427 592 1491 doctor
606 1436 638 1494 et
649 1427 830 1511 professor.

661 1661 804 1726 uertens
824 1661 1024 1724 trimestriele.

303 1841 395 1917 tite,
413 1841 431 1905 6
445 1841 636 1924 septembris.
647 1841 836 1908 wilhelmus
848 1843 1089 1924 Nepotie‚vulgo
1105 1844 1219 1922 illectis,
1236 1839 1388 1922 magister

343 1953 345 1958 ·
459 1941 586 2013 artium.
601 1941 684 2022 juris
706 1941 852 2006 senonici
878 1941 1108 2007 baccalaureus
1123 1951 1154 2005 et
1170 1939 1388 2006 scholasticus

457 2040 616 2106 ecelesiae
631 2040 664 2104 S.
684 2040 767 2106 Petri
785 2040 1007 2117 lovaniensia,
1024 2056 1041 2104 e
1061 2039 1195 2104 llartino
1210 2038 1234 2100 V
1250 2039 1281 2102 in
1300 2038 1387 2102 butte

455 2139 654 2204 fundationis
685 2140 867 2204 nominatus
898 2137 936 2203 ed
967 2138 1241 2221 quinquennium,
1270 2145 1387 2218 sponte

458 2237 625 2320 privilegio
645 2255 705 2304 suo
720 2237 832 2303 cessit.
848 2239 1000 2303 Attamen
1011 2237 1043 2300 in
1061 2237 1197 2317 primum
1214 2237 1384 2317 Rectorem

456 2347 653 2418 assumptus.
672 2354 711 2402 eo
735 2354 869 2402 munere
893 2338 1021 2402 iunctus
1043 2344 1094 2401 est
1114 2334 1271 2417 usquead
1289 2333 1384 2400 tinem

458 2436 578 2501 mensis
596 2436 669 2500 maii
685 2437 760 2501 anni
777 2437 944 2517 sequentis
957 2437 1006 2514 (i).

333 2617 373 2688 (l)
392 2617 550 2673 Guilleume
569 2619 660 2674 Neeffe
679 2635 714 2674 ou
736 2619 851 2690 Nepotis
871 2619 946 2673 eveit
967 2618 1017 2674 leit
1036 2635 1081 2674 ses
1099 2617 1196 2674 studes
1217 2617 1252 2673 de
1273 2616 1347 2672 droit
1369 2621 1386 2670 tt

297 2709 474 2764 l’Universite
499 2707 533 2764 de
561 2709 691 2778 Cologue.
717 2710 738 2763 ll
764 2727 781 2781 y
805 2711 847 2764 t'ut
870 2708 967 2764 inserit
990 2718 1006 2763 d
1029 2711 1056 2763 le
1079 2709 1117 2763 tln
1138 2708 1173 2764 de
1200 2708 1270 2763 1420
1288 2723 1323 2762 ou
1347 2723 1385 2762 eu

296 2809 530 2856 oommeueement
549 2800 583 2854 de
602 2799 708 2856 l'ennee
728 2799 854 2856 suivante
876 2819 882 2854 :
906 2802 1042 2856 Dominus
1069 2799 1232 2854 thdetrnus
1255 2799 1385 2865 Nepotis,

298 2896 430 2958 magnisi-
454 2896 568 2950 artium.
596 2894 752 2947 scolasticus
780 2891 978 2956 Loeantenete5
1005 2897 1036 2944 in
1058 2887 1134 2960 inne.
1163 2889 1304 2952 deesses,
1334 2889 1386 2944 Die

298 2983 430 3035 Matrikel
440 2987 489 3035 der
504 2979 667 3034 Universum
681 2983 766 3046 Kdln,
780 2983 802 3050 1,
815 3000 841 3052 p.
858 2981 920 3046 lll,
932 3000 960 3040 11.
972 2983 1001 3038 7.
1014 3010 1049 3022 -
1063 2981 1127 3036 Led
1137 2981 1289 3052 septembre
1304 2979 1382 3040 1426.

296 3070 462 3126 e’ssts-dire
486 3071 512 3125 le
529 3075 596 3141 jour
619 3072 707 3126 meme
729 3077 764 3126 oii
788 3072 809 3126 il
833 3074 875 3126 tut
894 3073 939 3126 diu
960 3073 1079 3127 Recteur
1098 3086 1208 3143 perses
1232 3070 1383 3140 colligum,

297 3162 390 3217 Neetls
405 3161 479 3216 eunii
495 3160 613 3217 renoncd
624 3171 640 3216 a
651 3163 678 3216 le
688 3163 786 3218 ieveur
801 3163 837 3217 du
856 3169 974 3219 rectorst
989 3162 1180 3235 quinquennet
1199 3161 1247 3233 qui
1264 3160 1305 3215 lui
1318 3161 1385 3216 diiii

296 3253 363 3307 suite
388 3269 438 3323 per
464 3255 491 3307 le
518 3251 594 3308 bulle
619 3253 653 3306 de
676 3253 779 3308 Martio
798 3253 831 3310 V.
856 3257 962 3309 annno
985 3252 1065 3316 1426,
1089 3251 1253 3324 septembris
1276 3251 1321 3306 die
1340 3251 1381 3319 6¹,

297 3367 310 3392 s
326 3343 408 3398 lit-ou
421 3343 491 3398 dens
510 3343 651 3407 Minatus.
668 3345 789 3411 Dtplom.
810 3349 888 3412 delo..
909 3345 952 3404 ed.
973 3346 1108 3416 Foppeus‚
1131 3343 1153 3406 1,
1178 3362 1205 3414 p.
1227 3343 1293 3406 227,
1314 3342 1383 3397 born

298 3459 311 3480 ι
327 3449 501 3505 vespersrum
514 3441 564 3488 sut
576 3433 695 3498 circiter,
711 3435 740 3489 in
753 3436 835 3490 domo
848 3436 1008 3491 consulatus
1021 3435 1105 3505 hujus
1121 3433 1215 3506 oppidi
1234 3433 1384 3488 Lovauieu·

297 3550 310 3571 ·
326 3525 374 3592 sis,
389 3526 494 3580 electus
508 3541 556 3596 per
570 3525 781 3581 Universitatem
794 3525 823 3581 in
835 3527 977 3582 Rectorem
988 3526 1108 3598 primum
1118 3526 1152 3580 ed
1163 3523 1383 3598 quinquennium

297 3641 310 3664 n
326 3615 365 3682 M.
383 3615 551 3672 Guilielmue
564 3617 689 3688 Nepotis,
706 3618 836 3688 megister
849 3617 877 3672 in
891 3618 998 3674 artibus
1010 3624 1037 3674 et
1052 3618 1125 3688 juris
1139 3617 1264 3672 canonici
1284 3617 1382 3672 becce-

297 3732 309 3754 ·
326 3707 448 3776 laureue,
464 3723 514 3762 nec
527 3723 582 3762 non
596 3707 727 3763 eeclesiae
740 3708 904 3778 collegiatae
920 3708 976 3762 diii
997 3707 1071 3763 Petri
1090 3707 1286 3770 scholasticus,
1307 3713 1382 3778 post·

296 3822 309 3844 r·
325 3813 409 3870 quem
423 3797 600 3870 privilegium
614 3797 666 3852 sibi
681 3815 839 3856 concessum
860 3817 877 3853 e
895 3799 1018 3854 Mertino
1039 3815 1110 3870 pepe
1124 3797 1157 3851 V.
1173 3797 1263 3869 quoed
1277 3796 1381 3852 dietum

296 3913 308 3932 n
325 3894 491 3944 rectoratum
504 3888 632 3943 cessisset
644 3893 672 3943 et
684 3891 873 3944 transtulisset
885 3907 918 3944 sc
932 3889 1099 3957 resignasset
1112 3888 1140 3942 iu
1161 3887 1249 3959 ipsam
1266 3887 1382 3943 Univer-

297 4005 309 4026 υ
325 3977 444 4048 sitetein,
461 3979 540 4034 modo
554 3979 645 4041 ilium.
658 3980 730 4034 sieut
741 3997 920 4050 praemissum
930 3987 982 4046 est,
994 3981 1128 4050 eligerent
1138 3997 1187 4034 seu
1198 3985 1381 4042 assumerent,

296 4069 310 4116 n*
325 4085 534 4140 permansurum
548 4069 583 4122 ed
598 4079 716 4140 tempus,
732 4085 787 4142 quo
800 4072 836 4125 eb
849 4070 950 4142 oppido
962 4069 1125 4126 Loveniensi
1138 4069 1335 4140 requireretur,
1351 4075 1382 4121 ut

298 4185 310 4204 ·
326 4160 361 4214 ab
373 4159 663 4230 an'usrnodireetorie
677 4159 830 4226 desisteret,
846 4161 886 4215 vel
901 4163 990 4231 ipsum
1006 4161 1139 4214 rectoriae
1152 4157 1273 4213 silleium
1283 4158 1382 4212 dimit·

299 4273 313 4298 ·
329 4253 407 4317 teret,
428 4255 456 4305 et
475 4250 504 4306 in
527 4253 555 4305 et
574 4249 609 4304 ed
630 4267 728 4305 munus
741 4243 934 4307 Univensitetis
954 4247 1120 4322 resignaret,
1135 4239 1290 4322 intusque
1303 4248 1379 4302 aluid
