3236 4944
788 435 970 506 -ttta-

322 635 375 692 aut
391 625 459 692 suis
476 623 750 708 procuratoribus,
765 607 863 706 super
876 624 926 688 liis
944 623 1047 690 lorent
1061 622 1216 704 requisiti,
1231 623 1271 688 de
1283 621 1408 704 predic-

322 726 363 792 tis
379 736 410 792 et
425 725 497 791 aliis
513 723 662 808 personis
678 723 876 806 quibuslibet
891 741 990 804 super
1006 722 1207 788 restitutione
1224 723 1408 788 liuiusmodi

226 859 232 870 ·
321 836 513 902 castrorum,
530 825 687 900 villarum,
707 833 875 897 terrarum,
895 823 1050 897 locorum,
1065 822 1196 903 jurium,
1211 821 1407 904 jurisdictio·

323 942 409 1002 uum,
428 925 622 1000 reddituum,
641 932 856 1006 prouentuum
872 932 904 987 et
919 921 1055 986 aliorum
1071 921 1229 986 bonorum
1253 939 1406 1003 quorum·

322 1021 411 1098 libet,
430 1039 554 1088 necnon
578 1023 618 1088 de
642 1023 810 1104 quibusuis
827 1021 996 1098 molestiis,
1014 1020 1141 1102 injuriis
1158 1031 1252 1102 atque
1268 1022 1406 1096 demnis,

269 1159 274 1167 ·
322 1121 503 1204 celerisque
519 1123 664 1203 ipsorum
681 1130 742 1186 tem
760 1121 899 1186 realibus
915 1138 1008 1202 quem
1027 1121 1251 1201 personalibus
1274 1121 1407 1184 actioni·

322 1222 395 1297 bus,
414 1221 617 1300 presentibus
640 1229 671 1286 et
694 1220 821 1294 tuturis,
839 1219 869 1282 in
891 1219 954 1284 illis
971 1219 1131 1294 videlicet,
1148 1236 1210 1300 que
1223 1218 1407 1300 judicialem

322 1319 487 1402 requirunt
502 1320 696 1400 indaginem,
715 1319 899 1393 summarie,
918 1318 1107 1398 simpliciter
1121 1328 1153 1384 et
1176 1318 1216 1383 de
1240 1317 1345 1398 plano,
1370 1334 1407 1383 ac

322 1418 394 1484 sine
416 1419 551 1498 strepitu
574 1425 606 1483 et
630 1418 729 1500 ligura
751 1417 925 1498 iudiciiin
950 1417 1020 1482 aliis
1044 1433 1131 1491 vero,
1152 1426 1245 1498 prout
1271 1416 1409 1498 qualitas

323 1517 524 1600 negotiorum
551 1517 702 1598 exigeret,
727 1515 853 1598 iustitie
879 1515 1167 1597 complementum
1195 1517 1409 1596 occupatores

322 1633 379 1681 seu
404 1617 599 1692 detentores,
625 1617 863 1692 molestatores,
885 1622 1128 1696 presumpturos
1150 1623 1180 1680 et
1204 1615 1409 1696 injuriatores

323 1714 518 1792 huiusmodi,
551 1730 675 1779 necnon
712 1714 969 1780 contradictores
1006 1711 1166 1794 quoslibet
1197 1721 1229 1778 et
1257 1714 1407 1788 rebelles,

322 1813 556 1893 cuiuscumque
571 1812 745 1893 dignitatis,
764 1821 878 1888 status,
895 1812 1026 1892 gradus,
1044 1811 1168 1876 ordinis
1188 1812 1236 1878 vel
1253 1813 1410 1878 conditio·

323 1912 374 1976 nis
396 1911 582 1988 existerent,
600 1911 867 1992 quandocumque
889 1917 922 1974 et
943 1909 1211 1992 quotiescumque
1231 1911 1408 1992 expediret,

322 2010 510 2076 auctoritate
525 2008 702 2090 apostolica
721 2025 962 2090 percensuram
986 2008 1250 2084 ecclesiasticam,
1268 2009 1410 2092 appella-

324 2109 410 2174 tione
440 2108 630 2189 postposita,
655 2107 905 2188 compescendo,
930 2107 1080 2172 inuocato
1106 2107 1144 2172 ad
1173 2107 1245 2182 boc,
1270 2108 1298 2173 si
1325 2125 1409 2190 opus

323 2209 417 2283 loret,
435 2207 553 2272 auxilio
570 2206 690 2272 bracliii
707 2205 874 2272 secularis.
891 2206 936 2272 llc
952 2206 1051 2271 voluit
1067 2213 1099 2270 et
1114 2205 1198 2271 dictu
1219 2208 1410 2274 auctoritate

322 2306 477 2380 decreuit,
503 2305 587 2386 quod
614 2305 748 2385 quilibet
773 2321 886 2370 eornm
908 2303 1052 2385 iudicum
1079 2313 1110 2369 et
1137 2305 1409 2372 conseruato‘rum

323 2405 475 2488 prosequi
511 2403 631 2468 valeret
667 2402 835 2468 articulum
872 2403 966 2468 etiam
997 2419 1053 2484 per
1082 2403 1178 2467 alium
1208 2404 1404 2480 inchoatum,

322 2503 470 2586 quamuis
493 2502 577 2568 idern
601 2501 757 2566 iuclioans
782 2501 868 2566 nullo
892 2503 974 2567 soret
997 2501 1225 2583 impedimento
1251 2504 1408 2570 canonico

325 2601 529 2684 prepeditus;
547 2599 698 2680 quodque
720 2616 737 2664 a
754 2599 826 2664 data
842 2600 1000 2665 dictarum
1016 2601 1193 2666 litterarum
1210 2613 1298 2668 essct
1313 2604 1361 2668 eis
1377 2614 1410 2670 et

323 2699 496 2780 unicuique
513 2713 624 2763 eorum
648 2698 679 2760 iu
705 2698 873 2778 premissis
895 2699 1046 2764 omnibus
1068 2709 1100 2764 et
1122 2717 1233 2766 corum
1257 2701 1406 2783 singulis,

324 2797 448 2877 coeptis
477 2806 509 2862 et
540 2813 603 2861 nou
633 2797 768 2878 coeptis,
803 2797 1007 2878 presentibus
1037 2808 1069 2864 et
1098 2799 1226 2878 suturis,
1256 2812 1409 2882 perpetua

327 2903 469 2980 potestas
493 2903 524 2961 et
537 2895 720 2976 iurisdictio
736 2897 897 2971 attributa,
916 2906 948 2961 ut
964 2914 1002 2962 eo
1018 2897 1127 2980 vigore
1144 2915 1244 2980 eaque
1261 2899 1410 2966 firmitate

326 3003 460 3077 possent
483 2995 514 3057 in
538 2995 705 3076 premissis
732 2993 882 3061 omnibus
909 3003 940 3060 et
964 2997 1112 3077 siugulis,
1137 2998 1259 3080 coeptis
1286 3007 1317 3064 et
1344 3017 1407 3064 non

313 3093 457 3177 coeptis,
475 3093 680 3174 presentibus
703 3101 734 3158 et
759 3094 887 3169 tuturis,
905 3106 936 3160 et
961 3113 1018 3176 pro
1042 3096 1195 3175 predictis
1219 3098 1407 3177 procedere,

320 3210 357 3258 ac
380 3193 407 3258 si
432 3193 575 3274 predicta
598 3192 704 3258 omnia
728 3201 759 3258 et
783 3193 908 3273 singula
925 3209 1034 3258 coram
1050 3196 1098 3259 eis
1114 3205 1227 3276 coepta
1244 3197 1359 3274 iurent,
1376 3208 1409 3272 et

318 3290 500 3372 jurisdictio
517 3307 629 3355 eorum
645 3298 676 3354 et
691 3291 864 3356 cuiuslibet
879 3291 1023 3371 ipsorum
1041 3292 1072 3356 in
1089 3295 1242 3374 predictis
1258 3296 1408 3360 omnibus

322 3400 354 3456 et
384 3388 518 3471 singulis
549 3404 607 3470 per
637 3390 820 3453 citationem
850 3391 898 3454 vel
930 3390 1058 3456 moduni
1091 3393 1186 3456 alium
1225 3405 1408 3475 perpetuata

323 3487 464 3569 legitime
482 3486 651 3562 extitisset,
671 3494 764 3566 prout
779 3487 811 3550 in
828 3487 922 3552 dictis
939 3487 1055 3553 litteris
1072 3488 1198 3569 plenius
1214 3493 1407 3558 continetur.

325 3587 362 3650 at
387 3584 504 3651 deinde
530 3601 601 3659 nos,
627 3584 664 3648 ed
693 3585 959 3668 supplicationem
987 3586 1094 3651 dilecti
1123 3587 1179 3650 lilii
1206 3588 1323 3654 nobilis
1349 3590 1407 3654 viri

324 3683 440 3759 Caroli,
469 3683 653 3764 burgundie
682 3691 713 3748 et
740 3685 909 3750 brabentie
936 3686 1039 3761 ducis,
1068 3687 1099 3748 in
1123 3687 1214 3752 cuius
1242 3689 1408 3768 temporali

323 3782 464 3848 dominio
487 3782 605 3848 dictum
626 3783 778 3864 oppidum
796 3785 957 3860 consistit,
976 3801 1099 3852 neuiton
1117 3785 1275 3851 dictorum
1292 3786 1406 3852 Recto-

324 3883 379 3960 ris,
411 3882 591 3962 doctorum,
624 3883 864 3966 magistrorum,
894 3885 1090 3950 scholarium
1129 3895 1160 3949 et
1196 3903 1408 3966 personarum

324 3981 447 4045 litteras
476 3981 637 4061 predictas
668 3991 753 4048 ratas
783 3983 938 4049 habentes
968 3990 1000 4050 ct
1029 3993 1146 4064 gratas,
1172 3985 1243 4050 illas
1273 3996 1304 4050 et
1334 3986 1409 4050 iude

325 4087 434 4143 secuta
472 4095 674 4162 quecumque
711 4081 873 4164 perpetuis
910 4083 1024 4148 suturis
1059 4084 1255 4164 temporibus
1286 4085 1349 4148 vim
1379 4095 1411 4149 et

326 4176 468 4258 vigorem
482 4177 633 4244 babuisse
644 4191 675 4246 et
692 4181 809 4246 babere
824 4197 861 4245 ac
878 4182 998 4246 viribus
1014 4181 1203 4256 subsistere,
1218 4181 1409 4263 plenamque
