3112 4942
686 459 835 524 ,μ

214 638 243 701 la
273 637 442 702 londation
472 638 511 700 de
538 638 754 704 l'Universlte.
789 639 848 702 Les
881 639 1061 721 originaux.
1080 650 1162 710 sont¹
1181 637 1308 721 pardus

215 737 328 820 depuis
350 736 542 818 longtemps.
563 737 806 826 Pournfaciliter
828 738 1049 820 l'intelligence
1070 737 1110 800 de
1132 757 1181 798 ces
1203 738 1308 812 docus

215 851 334 911 ments,
354 855 436 898 nous
452 849 633 917 ponctuons
649 839 834 902 sobrcment
846 838 876 902 le
890 851 972 902 texte
987 834 1108 918 d'apris
1125 836 1154 902 lc
1169 835 1307 918 systimc

217 935 381 1010 medune,
398 948 429 1000 et
448 955 532 998 nous
550 935 579 999 le
593 937 735 1008 divisons
757 957 796 1000 en
812 937 931 1000 alindas
952 937 1100 1018 precedes
1122 935 1200 1001 d'un
1217 954 1306 1001 sorn-⁸

217 1035 316 1097 maire
332 1043 388 1116 qui
404 1054 443 1096 en
461 1035 594 1118 indique
608 1035 636 1098 le
651 1050 803 1102 contenu.
851 1075 853 1080 ,

750 1266 774 1329 l.

216 1481 259 1544 le
270 1497 351 1562 pope
370 1481 485 1544 Martia
506 1479 690 1557 V‘oatorise,
707 1497 781 1543 sous
803 1481 954 1543 cerloincs
977 1479 1158 1552 conciliaus,
1183 1477 1213 1540 lo
1235 1473 1307 1555 sort-²

257 1580 375 1653 dolica,
398 1581 418 1640 d
445 1581 593 1653 laocoor'n,
619 1577 691 1642 don
718 1579 860 1644 studium
883 1577 1034 1659 generale
1059 1595 1098 1640 oa
1124 1574 1303 1648 Unioanite,

253 1695 335 1760 poor
355 1675 598 1757 l'euseipncment
622 1679 659 1741 de
681 1685 782 1742 toutes
804 1677 847 1741 les
869 1679 1050 1752 selerciaco
1071 1673 1306 1756 l'anceptioadc

258 1779 289 1842 lo
311 1776 470 1856 tidolopie.

618 1925 635 1980 9
656 1922 799 1982 dicernbrc
821 1925 901 1982 1425.

379 2082 453 2137 Titre
470 2088 507 2136 du
525 2089 673 2138 souverain
690 2089 796 2150 pontile
814 2091 838 2135 el
855 2098 958 2152 arenga
975 2099 1012 2136 ou
1026 2083 1149 2148 prc'locc.

259 2223 413 2288 manricus
429 2221 593 2286 Eotscoous
613 2241 725 2286 senuus
749 2239 906 2286 sonuonou
928 2240 988 2286 oet.
1006 2220 1052 2286 An
1068 2238 1240 2286 conserunt
1257 2235 1307 2282 ast

217 2329 383 2386 aaronita.
414 2320 581 2401 sapiencie
611 2321 903 2398 immarcessibilis,
933 2321 1026 2386 cuius
1062 2317 1324 2400 inextinguibile

217 2419 351 2484 irradiat
376 2418 496 2493 lumen,
524 2419 683 2500 cuiusque
716 2419 860 2484 inlicitus
890 2427 939 2484 est
966 2419 1150 2492 thesaurus,
1178 2429 1307 2480 omnem

218 2518 343 2582 habens
354 2517 510 2598 vigorem,
525 2527 557 2582 et
569 2518 697 2582 virtutis
709 2517 858 2582 altissimi
872 2518 909 2596 (Ι)
921 2514 1306 2596 dispeusatonomnium·

218 2635 281 2700 que
297 2617 502 2682 carismatum
519 2616 681 2697 elargitur,
697 2617 771 2698 jpsc
786 2618 937 2682 dominus
959 2617 997 2679 ad
1016 2617 1077 2682 lroc
1099 2632 1158 2680 sue
1174 2615 1308 2680 misera·

219 2715 318 2782 tionis
333 2716 463 2798 dignata
481 2714 586 2791 nobis,
603 2715 678 2780 licet
699 2715 880 2796 immeritis,
897 2731 1017 2796 sponse
1034 2730 1093 2786 sue
1115 2711 1309 2778 universalis

215 2815 357 2880 ecclesio
386 2814 527 2895 regimen
564 2813 886 2896 piadispensationc
920 2812 1093 2886 commisit,
1125 2821 1156 2876 et
1196 2820 1308 2876 nostro

214 2913 392 2980 debilitatis
410 2913 505 2978 oculo
521 2912 631 2994 iugum
647 2913 802 2993 imposuit
825 2913 1006 2993 apostolice
1025 2911 1192 2977 seruitutis
1207 2919 1254 2986 vt,
1274 2909 1308 2974 in

214 3011 575 3094 carlummannum,
593 3022 752 3093 tamquam
775 3011 816 3076 de
832 3029 984 3092 supremo
1002 3010 1121 3076 vertice
1144 3009 1183 3074 ad
1199 3008 1310 3072 infima

215 3110 326 3176 mundi
352 3111 650 3192 prothoplauslique
673 3111 823 3191 posteris,
842 3111 894 3192 qui
912 3127 975 3174 non
997 3109 1173 3174 natiuitatis
1188 3107 1309 3188 depos.

214 3219 292 3274 cunt
309 3209 448 3287 tructos,
464 3208 522 3274 scd
538 3209 756 3290 iutelligencic
775 3209 890 3290 spiritu
915 3209 1050 3274 candem
1067 3207 1159 3272 cuius
1176 3206 1308 3270 inicium

214 3307 386 3372 verissima
397 3316 449 3372 est
464 3305 635 3386 discipline
647 3306 909 3387 concupiscentia
925 3305 1162 3388 perstringendi
1178 3304 1309 3385 sapien.

215 3407 298 3472 ciam
324 3405 444 3470 diuinis
459 3405 638 3470 educantur
660 3405 810 3486 eloquiis,
829 3405 1033 3470 reflectentes
1051 3403 1213 3477 intuitum,
1229 3400 1310 3483 quid

214 3522 275 3587 pro
291 3504 537 3584 indisciplinatis
552 3504 733 3570 amancium
755 3503 908 3570 curandis
925 3503 1098 3579 mentibus,
1116 3519 1174 3583 pro
1190 3501 1310 3566 huius«.

216 3605 304 3670 modi
328 3604 516 3670 illustranda
539 3604 678 3674 ccclesia
700 3603 740 3668 ad
767 3602 847 3668 lldei.
867 3602 1136 3686 propagacioncm
1163 3602 1309 3667 conterat

216 3702 409 3778 orthodoxe,
444 3702 519 3784 quid
557 3702 864 3774 statuiconucniat
900 3701 1042 3767 fidelium
1078 3699 1308 3782 quorumlibet,

216 3801 454 3882 prospiciamus
465 3801 672 3874 assentisset
687 3801 853 3883 qualitera
867 3801 1016 3870 fidelibus
1029 3800 1121 3882 ipsis.
1132 3797 1309 3881 profugatis
1325 3835 1327 3839 v

216 3899 406 3983 ignoraocie
430 3900 585 3976 tenebris,
609 3901 655 3964 illi
683 3910 756 3981 post
782 3899 1168 3983 supereminentissimam
1192 3895 1310 3964 summi

255 4111 293 4188 (l)
311 4115 457 4186 Besocoup
473 4115 507 4170 da
526 4115 619 4186 copies
636 4115 671 4170 dc
689 4117 717 4170 ln
734 4116 810 4171 bullo
831 4116 865 4170 de
885 4114 1028 4171 londation
1040 4113 1074 4170 de
1088 4086 1263 4168 l'Univcrsild
1276 4111 1311 4168 da

219 4205 344 4264 lanima
358 4206 480 4262 donoent
493 4206 528 4262 ici
541 4211 703 4262 alissimus.
