3112 4942
725 471 766 482 -
786 435 894 514 ³6:7-

643 662 680 672 .
792 616 847 680 tn.
881 661 884 670 .

271 805 350 870 leon
367 797 423 876 l'l',
440 803 499 870 luc
521 799 558 872 tle
580 789 730 871 brabant,
748 799 876 864 occorcie
896 799 928 862 le.
945 787 1022 888 li'brc
1043 799 1127 862 acels
1149 798 1187 860 ric
1201 795 1231 858 lo
1246 781 1316 861 cille
1331 795 1367 860 cic

317 902 451 966 louvain
467 917 531 976 cup
543 901 735 982 professoris
753 905 781 962 el
797 916 861 960 oue
880 896 1194 978 ilndicnls‚.cbrlipue
1215 903 1298 960 entre
1321 895 1366 960 les

313 1002 414 1073 moins
437 1001 476 1062 clu
501 1006 621 1065 rectem·
646 984 731 1066 toute
748 1017 782 1062 so
794 998 973 1077 juridiction
990 1015 1044 1059 sur
1060 995 1103 1060 les
1117 996 1268 1060 triemircs.
1280 1001 1307 1058 et
1323 993 1378 1058 ies.

313 1101 439 1182 suppots.
454 1099 491 1166 cle.
507 1099 710 1172 l'llniuersill,
730 1106 758 1160 el
775 1099 890 1160 oclroic
904 1099 922 1160 b
938 1097 1062 1160 ccccc-ci
1076 1096 1119 1158 les
1134 1094 1256 1160 libertis
1271 1103 1300 1158 ct
1322 1095 1365 1158 les

313 1193 484 1277 sronblrises
507 1197 579 1261 tlont
602 1197 756 1278 jouissent
781 1199 859 1262 iuras
884 1213 932 1259 sert
957 1197 1038 1260 llols
1067 1193 1110 1258 les
1138 1194 1298 1278 bonrprois
1330 1194 1367 1256 tle

315 1299 455 1364 bonociu
473 1299 524 1376 ll).
902 1295 910 1314 ·

675 1430 693 1482 7
713 1429 859 1484 novembro
883 1427 973 1486 ltro..

316 1553 351 1616 ln
376 1551 506 1617 tramine
528 1562 638 1616 sancte
665 1559 695 1616 et
722 1551 889 1616 indiuidua
914 1549 1090 1614 Trinitatis.
1114 1547 1289 1622 lohannes,
1311 1545 1364 1611 ‘dei

273 1651 379 1734 grincis
404 1650 620 1730 Lotlraringic,
648 1649 819 1714 brabantie
842 1659 874 1714 et
897 1649 1088 1730 bpmburgie
1114 1648 1193 1720 ltus,
1218 1637 1382 1727 sacriqbe'

274 1749 405 1829 imperii
436 1749 589 1822 Marclrio,
623 1765 748 1813 necnon
780 1749 958 1822 Hartnonia,
992 1747 1172 1823 bollandie‘,
1202 1745 1363 1820 Zelandie,

276 1847 414 1928 bantini]
431 1858 462 1912 et
480 1847 710 1912 Oesteruandic
728 1863 838 1911 comes
853 1859 885 1910 ct
900 1847 1052 1910 dominus
1069 1845 1182 1910 Frisic.
1199 1844 1366 1910 Vniuersis

272 1955 305 2012 ct
327 1946 475 2026 singulis,
493 1956 556 2008 tam
581 1947 787 2026 presentibus
811 1963 905 2026 quom
929 1945 1057 2021 suturis,
1076 1946 1137 2008 boc
1161 1943 1363 2024 priuilegium

274 2064 332 2112 seu
357 2058 524 2126 presentes
547 2046 669 2109 litteras
693 2045 899 2126 inspecturis,
917 2045 1037 2109 visuris
1059 2061 1117 2109 seu
1140 2043 1297 2108 audituris
1313 2047 1364 2106 sa-

277 2146 375 2212 lutem
392 2155 423 2210 et
439 2144 682 2210 omnebonum.

671 2297 783 2364 Arangn
801 2313 836 2348 on
854 2301 974 2362 priscos.

319 2416 398 2481 bum
420 2417 526 2482 omnis
547 2417 648 2498 gloria
671 2417 742 2482 siue
766 2417 912 2496 potencia
935 2435 972 2483 ac
994 2417 1192 2498 principatus
1208 2417 1239 2478 in
1257 2413 1367 2479 subdi·

277 2525 382 2580 torum
406 2526 531 2580 constat
555 2516 706 2596 precipue
729 2517 863 2580 solidata
890 2517 1039 2592 lortunis,
1063 2517 1155 2580 decet
1180 2523 1212 2580 et
1238 2512 1366 2595 expetiit

276 2625 309 2678 nt
329 2613 463 2694 quilibet
479 2616 510 2677 in
534 2631 734 2694 quacumque
752 2617 988 2694 preeminencie
1011 2615 1206 2679 constitutus
1223 2615 1265 2678 sit
1287 2611 1362 2676 sub·

277 2713 370 2778 lectis
386 2713 416 2775 in
433 2716 540 2792 gracia
557 2715 710 2778 liberalis.
727 2715 816 2778 Tunc
831 2715 915 2778 enim
936 2715 1074 2795 dignitas
1093 2713 1271 2793 principum
1288 2727 1363 2775 carc

277 2811 382 2875 laudis
406 2812 506 2877 titulis
529 2813 719 2877 sublimatur
740 2825 771 2878 ct
792 2815 944 2879 eminenti
962 2815 1080 2880 decore
1100 2811 1268 2894 prciulgat,
1291 2825 1362 2874 cum

279 2910 461 2991 prouincias
485 2928 544 2974 sue
566 2911 678 2976 ditioni
696 2912 858 2977 subiectas
884 2914 922 2976 ad
951 2931 1009 2978 suc
1035 2912 1233 2994 prouisionis
1252 2925 1363 2988 prose·

277 3009 439 3072 cntionem
465 3009 667 3088 prudentium
692 3011 833 3074 virorum
857 3012 949 3092 copia
970 3013 1002 3075 in
1024 3012 1167 3092 qualibet
1189 3011 1364 3073 litterarum

277 3108 624 3173 scientiaeruditorum
649 3108 774 3173 lortuua
792 3111 919 3174 iouente
942 3111 1144 3190 prospexerit
1169 3109 1315 3173 decorari
1336 3115 1367 3170 et

278 3202 356 3269 inibi
381 3223 439 3286 pro
458 3207 542 3271 bono
558 3209 603 3276 rei
621 3207 749 3287 publice
763 3219 796 3272 ct
811 3210 1029 3274 subiectorum
1046 3208 1225 3273 commodis
1242 3207 1273 3268 in
1290 3220 1365 3286 qua·

277 3321 415 3385 cumque
446 3306 648 3384 professione
678 3307 783 3370 studia
813 3307 936 3388 publicu
964 3317 994 3373 et
1023 3307 1184 3390 generalis
1215 3304 1366 3369 meruerit

276 3403 436 3476 oblinere,
461 3413 493 3466 vt
520 3420 651 3468 suarum
675 3405 780 3471 incole
804 3407 1004 3487 aliarumque
1025 3407 1200 3471 vicinarum
1223 3403 1379 3470 extranei

279 3501 452 3580 patriarum
483 3501 579 3566 ieiuni
613 3511 644 3567 ct
674 3504 809 3569 famelici
840 3506 1058 3570 doctrinarum
1090 3505 1255 3570 inueniant
1282 3503 1365 3567 virdo

278 3599 422 3678 ipsorum
445 3599 653 3665 auiditatibus
676 3603 823 3678 satisfiat,
842 3621 901 3669 nec
924 3605 1158 3685 compellantur
1179 3603 1217 3666 ab
1235 3601 1364 3666 investi·

275 3697 398 3778 gastrias
413 3697 570 3762 scienciae
583 3702 770 3783 peregrinas
788 3689 935 3767 nationes
951 3713 1111 3783 expetere,
1130 3719 1189 3766 nac
1205 3705 1236 3764 in
1253 3701 1365 3766 alienis

277 3796 464 3877 regionibus
488 3799 681 3878 mendicare,
699 3811 731 3865 rt
747 3801 824 3866 inibi
849 3803 1020 3883 discipline
1043 3816 1137 3884 atquc
1153 3801 1315 3883 sapiencie
1330 3817 1367 3865 sc

313 3991 351 4066 (l)
371 3994 449 4050 Catia
466 3995 560 4052 charte
582 4003 623 4054 est
646 3997 771 4054 intitules
791 4000 861 4054 dans
876 4001 903 4055 lo
921 3999 1094 4056 manuscrit:
1111 4001 1298 4068 Prlnilcplunc
1315 4015 1368 4066 per·

274 4088 419 4138 dominnm
443 4085 605 4142 Jobonncm
629 4094 726 4146 cincun
752 4091 903 4146 Brabunlis
926 4097 975 4147 elo.
997 4097 1171 4148 uniuersitati
1193 4091 1368 4146 maciensi

276 4189 442 4230 eoncessum.
