3236 4944
679 523 863 589 -lb'l-
947 567 952 574 -

225 704 396 779 minorum,
414 704 498 784 quod
515 705 563 769 sic
579 704 690 786 incipit
708 728 715 769 ε
734 708 829 770 Nemo
851 705 1075 787 suppositorum
1098 707 1205 786 aipintt
1220 707 1309 786 poin-

137 871 143 876 ,
222 822 281 886 pac
295 805 387 866 unctis
403 806 514 879 mittor,
532 813 593 868 etc.
612 807 650 882 tt)

263 953 293 1014 7.
317 949 429 1016 Nullos
446 950 547 1016 libros
571 960 678 1017 emant
698 968 715 1016 a
738 953 887 1033 personis
908 953 998 1018 laicis
1016 953 1182 1035 utriusque
1197 969 1307 1029 sexus,

223 1176 247 1221 ct
260 1183 343 1221 crasa.
358 1171 425 1221 tom.
443 1166 475 1234 V,
492 1184 518 1236 p.
536 1166 596 1222 155.
613 1165 814 1222 Praefationem
830 1165 912 1222 indici
928 1168 1104 1239 praemissam
1119 1168 1164 1224 die
1181 1169 1190 1222 l
1209 1167 1311 1224 mensis
1370 1183 1372 1188 ’

220 1257 295 1326 junii
311 1257 430 1326 signarit
453 1257 616 1312 Benedictus
637 1257 716 1313 Arias
739 1259 900 1328 Montanus3
923 1260 951 1314 in
974 1275 1005 1314 ea
1030 1264 1121 1314 monet
1138 1277 1193 1314 non
1215 1275 1311 1314 omnes

225 1349 320 1414 libros,
337 1349 385 1420 qui
399 1348 501 1418 corrigi
516 1355 543 1403 at
556 1349 705 1421 expurgari
720 1355 856 1421 poterant,
872 1351 924 1405 hoc
938 1351 1028 1406 indice
1041 1351 1245 1422 comprehendi,
1261 1351 1308 1406 scd

224 1457 271 1496 eoa
293 1446 410 1506 tantum,
432 1457 548 1512 quorum
573 1459 652 1496 usum
674 1442 822 1497 lectoribus
845 1444 1068 1514 frequentiorem,
1091 1443 1310 1512 expectationem

225 1531 420 1594 molestiorem,
436 1531 637 1603 expeditionem
648 1550 711 1588 vero
722 1534 877 1604 graviorem
889 1535 1083 1588 lcrecenaorss
1093 1533 1308 1590 arbitrabantur.

225 1622 423 1694 Complectitur
436 1629 529 1678 autem
546 1623 624 1678 index
639 1625 790 1695 nonaginta
804 1641 851 1679 sex
866 1630 1010 1680 auctorum
1024 1640 1107 1696 opera
1120 1626 1309 1696 expurganda.

225 1715 341 1768 Exstant
355 1713 547 1784 theologorum
562 1714 774 1770 Lovaniensium
789 1732 922 1770 censurae
935 1716 969 1769 ad
984 1717 1185 1770 denotationes
1198 1716 1313 1770 Erasma'

225 1811 256 1858 in
269 1805 298 1862 S.
313 1807 514 1872 Augustinum,
531 1823 557 1876 p.
578 1805 587 1859 l
605 1805 714 1871 indicis,
731 1806 758 1860 in
773 1807 800 1863 S.
818 1807 1032 1874 Hieronymum,
1050 1826 1076 1878 p.
1098 1805 1139 1869 ll,
1157 1806 1184 1860 in
1197 1807 1226 1862 S.
1249 1807 1312 1862 Irc-

226 1913 339 1960 aarum,
355 1913 372 1966 p
398 1896 448 1962 aa,
471 1897 629 1952 eorumdem
649 1899 856 1968 repurgationes
872 1899 993 1965 Operum
1006 1899 1130 1960 Ercami,
1151 1915 1177 1969 p.
1193 1896 1312 1962 82-104,

227 1993 254 2042 et
270 1986 384 2041 Consilii
397 1989 542 2042 &cariaci
556 1989 724 2053 lurchonem,
741 2007 758 2060 p
785 1989 830 2044 ta.

268 2079 334 2132 Post
349 2078 453 2133 editum
474 2077 591 2132 indicem
610 2079 836 2149 expurgatorium
848 2079 964 2133 subinde
974 2081 1008 2133 ab
1019 2080 1127 2134 aulaad
1144 2080 1314 2134 Facultatem

229 2167 412 2238 theologicam
427 2169 538 2224 Lovanii
552 2169 732 2224 mittebantur
753 2168 927 2224 examinandi
939 2169 1008 2224 varii
1029 2169 1093 2224 libri
1112 2170 1169 2224 aive
1189 2167 1316 2240 impressi

229 2258 286 2314 sire
299 2257 483 2330 imprimendi,
505 2259 659 2332 dequibus
678 2261 820 2314 doctorum
838 2260 976 2330 judicium
996 2262 1140 2331 petebatur
1167 2261 1316 2316 Praeterea

229 2350 259 2404 in
278 2349 354 2404 Actis
374 2349 440 2404 anni
460 2350 531 2404 1587
551 2356 673 2416 notatm,
695 2350 740 2404 die
758 2349 791 2404 21
811 2351 914 2406 mensis
933 2351 1086 2406 decembris
1106 2351 1208 2405 lectum
1231 2351 1316 2406 luisse

228 2441 310 2495 breve
319 2440 501 2511 apostolicum
512 2441 582 2496 Sixti
595 2441 618 2496 V
632 2443 665 2495 ad
681 2443 852 2496 Facultatem
863 2441 1056 2512 theologicam,
1070 2442 1242 2512 deposcentis
1254 2444 1317 2511 ejus

229 2549 307 2604 opem
321 2531 350 2586 in
364 2533 535 2588 restituendo
547 2539 575 2589 et
587 2534 715 2603 augendo
730 2533 819 2587 indice
834 2531 966 2587 librorum
988 2533 1198 2604 prohibitorum,
1214 2533 1243 2587 in
1261 2550 1316 2604 quo

229 2622 341 2692 negotio
354 2623 509 2678 cardinales
523 2625 631 2696 aliquot
645 2623 769 2694 primarii
784 2621 888 2677 Romae
905 2623 1124 2693 occupabantnr3
1146 2623 1316 2678 Facultatem
1360 2677 1363 2682 Δ
1412 2657 1420 2664 -

231 2730 305 2776 varo,
321 2719 351 2768 ut
365 2713 502 2784 pontilicis
518 2721 578 2769 soto
592 2715 748 2779 satisfieret,
766 2731 844 2768 ssuo
854 2713 951 2768 ordine
960 2712 1025 2768 huic
1037 2714 1147 2782 negotio
1158 2712 1321 2783 praefecisse

234 2803 382 2857 Hearicum
397 2803 540 2870 Granium,
554 2804 688 2858 loannem
704 2803 827 2858 Clarium
841 2796 873 2858 'et
887 2803 1038 2858 Hearicum
1052 2803 1214 2876 Cuyclnium,
1232 2803 1322 2875 iisque

233 2899 262 2948 ut
276 2893 398 2965 aliquem
412 2911 426 2948 e
440 2893 498 2946 suis
512 2895 711 2964 adjungeretis
726 2893 842 2965 reliquis
857 2893 1048 2949 Facultatibus
1062 2893 1234 2964 impetrasse,
1249 2893 1322 2948 scili·

175 3035 178 3042 ,
233 2991 276 3040 cet
295 3001 310 3038 e
330 2985 474 3039 Facultate
492 2986 623 3040 canonica
642 2987 788 3040 Nicolaum
809 2985 919 3046 Goblet,
941 3001 956 3039 e
977 2985 1118 3040 Facultata
1137 2985 1210 3055 juris
1230 2985 1322 3039 civilis

234 3076 401 3132 Ludovicum
419 3076 544 3141 Carrion,
561 3078 734 3132 eFacultate
753 3076 859 3130 medica
879 3077 1011 3130 loannem
1028 3075 1147 3130 Walteri
1162 3074 1319 3144 Viriagum,

233 3166 350 3238 denique
369 3184 384 3223 e
405 3168 546 3222 Facultate
568 3167 670 3222 artium
695 3167 868 3222 licentiatum
896 3166 1102 3220 Fraxinensem.
1128 3165 1199 3229 Quid
1224 3181 1320 3220 eorum

232 3274 315 3328 opera
329 3263 470 3330 peractum
485 3258 578 3322 luerit,
593 3262 763 3330 compertum
779 3273 834 3312 nan
847 3257 991 3312 habemus.

271 3463 308 3535 (ll
327 3465 349 3519 ll
363 3464 444 3534 a'agit
463 3463 574 3520 d'abord
595 3463 630 3518 ici
651 3463 688 3516 du
708 3467 795 3518 statut
815 3479 843 3517 n.
866 3464 893 3520 4.
916 3479 969 3534 que
989 3479 1058 3517 nous
1078 3479 1162 3516 avons
1183 3461 1323 3532 reproduit

234 3553 378 3609 cidessus.
405 3555 442 3610 Le
464 3555 563 3609 second
586 3559 673 3608 statut
695 3551 764 3608 etait
786 3569 872 3621 concu
898 3553 966 3606 dans
989 3553 1029 3606 les
1049 3557 1149 3607 termes
1169 3551 1292 3606 suivauts
1314 3573 1320 3607 :

238 3670 251 3691 a
268 3647 355 3702 Nemo
374 3646 580 3717 suppositorum
600 3643 699 3714 viginti
720 3645 842 3716 quinque
860 3643 941 3698 annia
962 3643 1053 3698 minor
1065 3660 1130 3697 auos
1143 3649 1191 3697 aut
1203 3641 1321 3698 aliorum

238 3761 250 3783 a
268 3735 352 3791 libros
366 3737 488 3791 librariis
502 3741 551 3790 aut
564 3736 651 3790 cuivis
671 3735 752 3792 alieri
772 3725 872 3790 iendat
886 3735 928 3790 vel
949 3735 1052 3788 alienet
1071 3733 1131 3788 sine
1144 3732 1266 3804 regentis
1279 3732 1323 3787 aui

237 3852 250 3874 a
266 3843 411 3888 consensu,
423 3827 446 3880 si
458 3827 556 3881 artista
566 3827 613 3892 sit,
625 3829 676 3881 sub
688 3843 775 3898 poena
789 3826 916 3898 publicae
929 3824 1107 3880 correctionis
1120 3823 1216 3893 virgae
1229 3823 1257 3878 in
1271 3841 1322 3878 suo

238 3941 250 3962 n
266 3915 436 3987 paedagogio
463 3916 617 3984 laciendae;
644 3917 666 3970 si
688 3933 753 3971 roro
776 3916 874 3970 arlista
895 3933 951 3987 pon
979 3914 1031 3979 sit,
1059 3915 1164 3986 absque
1188 3931 1322 3969 consensu

239 4033 251 4053 ··
268 4007 393 4062 Rectoris
415 4024 464 4062 seu
490 4007 607 4078 hospitis
633 4008 667 4062 de
692 4005 809 4062 concilio
835 4005 1028 4062 Universitatis
1054 4004 1207 4068 existentis,
1235 4003 1324 4060 incar·

240 4123 252 4144 n
268 4098 425 4162 ceraticum,
441 4103 489 4154 aut
501 4098 557 4152 alia
570 4097 726 4153 arbitraria.
742 4124 755 4146 π
775 4097 924 4164 Montanus,
940 4095 1012 4151 Hist.
1030 4097 1109 4159 Lea,
1125 4096 1168 4153 ed,
1186 4097 1226 4151 De
1239 4095 1323 4160 Ram,

240 4187 274 4256 ll,
299 4205 344 4258 pp.
367 4187 422 4242 929
444 4205 485 4244 sv.
513 4189 550 4242 Le
574 4195 630 4243 mot
652 4195 750 4242 arricta
773 4193 814 4244 cst
835 4187 961 4260 employa
984 4187 1020 4241 ici
1044 4203 1115 4258 pour
1136 4186 1264 4256 designor
1287 4203 1324 4241 un

239 4278 364 4334 studiant
377 4279 411 4334 de
425 4280 452 4334 la
466 4277 567 4336 laculte
580 4280 628 4335 des
642 4284 709 4338 arta.
