3112 4942
793 429 957 496 „pp-

331 610 364 676 in
381 617 563 692 protensam
584 609 819 676 contumaciam
842 626 899 676 scu
915 609 995 676 alias
1017 610 1078 676 sub
1094 609 1205 676 nubilo
1227 618 1282 676 ant
1304 609 1423 676 dolose

331 709 381 776 vel
408 717 558 790 pretence
583 707 714 788 prooedi
740 708 916 790 contingat,
942 709 1131 791 supralibati
1156 707 1279 776 domini
1305 708 1417 790 Burgi-

332 805 1181 889 magistriscauini,consulescronberuatores,tam
1194 807 1263 874 suis
1276 807 1421 894 propriis

331 923 425 988 quam
448 904 552 972 tocius
574 905 815 972 communitatis
836 905 924 986 opidi
946 905 1090 972 eiusdem
1115 906 1310 982 nominibus,
1333 905 1414 972 citra

331 1003 569 1072 reuocationem
578 1003 715 1069 aliorum
727 1021 861 1070 snorum
874 1005 1203 1086 procuratorumalias
1217 1006 1325 1070 lorsan
1337 1021 1418 1086 quo·

329 1103 563 1184 modoenmqne
585 1101 848 1178 constitutorum,
867 1102 929 1168 snb
951 1104 1183 1184 protestatione
1206 1111 1360 1186 protacta,
1377 1120 1414 1170 ea

330 1202 488 1268 mediante
509 1211 542 1266 et
565 1217 629 1266 non
650 1200 741 1278 alias,
760 1201 947 1268 melioribus
963 1202 1024 1277 via,
1039 1201 1124 1284 jnre,
1142 1203 1250 1277 modo,
1267 1218 1365 1268 cansa
1380 1214 1414 1268 et

329 1301 430 1366 lorma
444 1299 561 1381 quibus
578 1291 764 1381 potuerunt,
777 1299 935 1377 iecerunt,
948 1301 1196 1378 constituerunt,
1213 1309 1366 1368 crearunt
1380 1311 1415 1366 et

326 1398 515 1466 eminerent
531 1406 595 1464 mm
610 1397 807 1464 coniunctim
820 1414 915 1480 quam
930 1398 1074 1472 dinisim,
1088 1417 1165 1464 suos
1181 1415 1287 1474 veros,
1301 1407 1412 1464 certos

326 1507 359 1566 et
379 1496 539 1579 legitimos
563 1505 803 1577 procuratores,
827 1506 966 1576 actores,
985 1498 1123 1564 lectores
1146 1506 1179 1564 et
1200 1497 1410 1578 negociorum

327 1611 460 1662 snorum
471 1605 619 1676 gestores
631 1611 669 1660 ac
685 1595 821 1660 nuncios
834 1595 992 1676 speciales
1006 1605 1038 1662 et
1048 1595 1234 1677 generalem
1248 1596 1291 1660 ita
1303 1604 1411 1661 mmen

326 1694 412 1776 quod
427 1693 628 1776 generalitati
643 1693 827 1774 specialitas
843 1710 908 1758 noo
923 1695 1067 1776 deroget,
1086 1712 1145 1760 nec
1159 1704 1303 1772 econtra,
1317 1711 1413 1760 vene·

327 1792 445 1858 rabiles
459 1793 548 1857 viros
565 1791 736 1873 magistros
752 1803 784 1858 et
796 1793 948 1859 dominos
962 1793 1169 1860 iohannem
1184 1794 1310 1875 crept,
1327 1793 1413 1859 litte·

325 1907 431 1956 rarum
448 1890 696 1972 apostolicarum
713 1892 903 1973 scriptorem
919 1901 951 1958 et
966 1891 1234 1967 abbreuietorem,
1251 1892 1410 1958 decanum

324 1989 567 2070 auennensem,
585 1989 702 2054 ibidem
726 1999 907 2070 presentem
929 1999 961 2054 et
983 2007 1066 2056 onus
1087 1990 1271 2056 buiusmodi
1292 2006 1407 2070 procu-

327 2089 459 2153 rationis
475 2087 506 2152 in
522 2105 558 2153 se
569 2087 812 2169 suscipientem,
826 2105 952 2154 necnon
964 2087 1168 2154 Arnolrtum
1180 2089 1225 2154 de
1240 2089 1406 2169 Glymez,

324 2191 357 2250 in
385 2203 475 2252 sacra
505 2187 678 2268 theologia
710 2185 942 2260 Baccalarinm,
974 2187 1172 2268 prepositum
1202 2188 1242 2252 tle
1272 2187 1407 2264 lleirse,

324 2286 528 2351 brnoldum
556 2285 683 2360 wilte,
707 2284 901 2352 Cerronicnm
929 2285 1174 2360 bononiensem,
1200 2285 1405 2352 lobannem

325 2386 370 2450 de
395 2385 576 2460 Louanio,
604 2385 814 2450 Licentietnm
840 2385 872 2448 in
897 2385 1049 2460 decretis,
1079 2385 1274 2452 canonicum
1303 2383 1406 2450 sancti

324 2483 458 2565 Seruatij
474 2482 702 2560 Traiectansis,
720 2483 908 2548 leodiensis
928 2483 1081 2560 diocesis,
1096 2483 1303 2548 lobannem
1319 2482 1407 2548 liel-

323 2583 582 2655 linc,decanum
596 2580 1148 2662 osnaburgensemliermanunm
1162 2581 1406 2658 Wideleirse,

323 2680 516 2756 canonicum
547 2679 684 2746 ecclesie
714 2687 899 2744 sanctorum
929 2680 1158 2759 Apostolorum
1187 2679 1405 2755 coloniensis,

322 2779 526 2844 tcbannem
548 2779 592 2844 dc
608 2778 932 2853 Wacbtenrlcuclr,
950 2779 1143 2844 Canonicnm
1160 2778 1299 2844 ecclesie
1314 2777 1407 2842 beate

323 2877 422 2942 illaria
439 2877 478 2941 ad
500 2878 619 2958 gratius
641 2875 856 2950 Coloniensis,
874 2877 1112 2942 wilhelmum
1135 2877 1308 2958 Nepotis,
1326 2877 1406 2941 Sco-

321 2977 469 3041 lasticnm
485 2975 621 3041 ecclesie
636 2975 739 3040 sancti
757 2976 840 3040 Petri
864 2975 1087 3051 bononiensis,
1103 2975 1310 3040 iohannem
1333 2975 1406 3039 Ro·

322 3075 439 3140 deren
455 3074 495 3138 de
510 3072 641 3138 Colonia
657 3073 912 3138 etlobanncm
928 3073 1247 3140 deScbrinamsin
1262 3073 1404 3138 Romana

321 3173 414 3238 Curia
427 3183 652 3256 procuratores
664 3174 716 3250 (l),
731 3173 882 3238 absentes
894 3183 1043 3254 tanlquam
1061 3182 1239 3252 presentes,
1253 3181 1285 3237 ct
1299 3187 1406 3252 qnem-

322 3272 398 3337 libet
423 3288 535 3337 eorum
562 3271 593 3334 in
620 3271 773 3345 solioum,
798 3270 840 3334 ita
863 3269 948 3351 quod
972 3287 1035 3335 non
1058 3270 1101 3335 sit
1123 3270 1233 3350 pocior
1255 3267 1406 3334 condicio

321 3371 523 3452 occupantis,
543 3371 600 3434 sed
624 3369 709 3450 quod
733 3385 816 3434 vnns
839 3385 949 3434 eornm
974 3369 1129 3450 inceperit
1151 3369 1231 3434 alter
1254 3367 1405 3448 prosequi

322 3472 436 3546 ualeat,
454 3469 595 3534 mediare
614 3481 646 3534 et
669 3467 772 3546 linire,
790 3468 829 3531 ad
846 3469 999 3534 tuendum
1016 3478 1048 3534 et
1064 3466 1298 3533 defendendum
1316 3467 1407 3548 ipsos

323 3568 471 3635 dominos
486 3567 732 3645 constituentes,
751 3583 875 3632 necnon
893 3566 1015 3632 litteras
1035 3566 1228 3648 apostolicas
1251 3575 1283 3629 et
1304 3565 1405 3645 priui-

321 3667 403 3748 legia
416 3665 740 3747 supradictascontra
753 3664 1404 3746 appellantespretensossnpradictoseas

321 3765 371 3830 vel
386 3780 424 3830 ea
439 3761 681 3844 quomodolibet
703 3761 879 3844 intringere
900 3772 1053 3828 conantes
1076 3779 1133 3828 sen
1158 3761 1404 3842 pretendentem

357 3975 394 4050 (1)
413 3977 450 4031 Ce
462 3981 524 4031 sont
537 3975 578 4030 les
592 3981 694 4029 memes
707 3975 803 4030 londes
823 3977 856 4030 ds
869 3975 985 4048 pouvoir
1004 3991 1058 4047 que
1071 3991 1141 4030 ceux
1162 3991 1215 4046 que
1229 3971 1406 4029 l’Unirersite

322 4083 442 4136 nomme,
466 4068 493 4122 le
515 4067 602 4122 meme
620 4069 696 4137 jour,
722 4083 793 4138 pour
814 4064 944 4122 deiondrs
966 4083 1009 4121 sss
1028 4065 1123 4124 croto.
1145 4065 1235 4138 Voyez
1254 4065 1405 4132 ci·dessns,

320 4175 371 4230 pp.
384 4157 489 4219 tl-t5.
