3246 4944
660 536 784 602 -603
807 571 848 584 —

721 734 774 798 tlt.

248 865 285 930 Et
300 865 457 955 siquidem
476 867 631 932 tumultus
654 866 695 932 de
712 875 804 934 nocte
821 864 946 930 excitati
965 865 1093 940 luerint,
1112 864 1161 930 vel
1177 863 1292 946 lapidi-

206 965 266 1029 bus
299 965 436 1046 atiisque
467 966 566 1031 armis
599 965 682 1032 ostia
712 967 760 1031 vel
797 966 957 1032 fenestrae
991 963 1204 1030 officiatorum
1238 971 1292 1030 aut

206 1063 447 1146 suppositorum
474 1065 579 1132 dictae
605 1064 842 1141 universitatis,
869 1063 919 1129 vel
946 1064 1041 1129 eliam
1069 1064 1290 1146 magistratus,

206 1171 259 1227 ant
281 1162 398 1228 civium
422 1163 498 1229 dicti
522 1165 644 1246 oppidi,
667 1164 787 1240 invasa,
805 1163 969 1229 conlracta
986 1162 1035 1228 vel
1052 1171 1145 1244 rupta
1161 1162 1287 1237 tuerint,

205 1271 237 1328 et
252 1270 400 1328 auctores
417 1263 492 1328 sciri
510 1274 561 1328 aut
580 1263 715 1330 inveniri
733 1279 796 1328 non
811 1261 982 1344 potuerint,
997 1260 1024 1325 si
1038 1270 1142 1326 tamen
1155 1260 1196 1326 de
1209 1261 1291 1326 tarto

205 1369 342 1434 constet,
374 1360 460 1426 illico
491 1361 619 1444 publico
652 1369 886 1444 programmate
916 1359 955 1424 ad
983 1359 1090 1424 valvas
1117 1358 1181 1424 divi
1207 1359 1291 1424 Petri

204 1459 295 1525 citari
313 1460 540 1542 praecipimus,
555 1469 588 1526 ut
603 1478 712 1527 coram
731 1462 867 1526 Rectore
879 1475 915 1525 sc
928 1459 1044 1524 sistant
1057 1459 1137 1524 inira
1153 1458 1290 1540 spatium

205 1557 315 1639 viginti
345 1567 481 1640 quatuor
510 1559 679 1635 horarum;
715 1568 747 1625 et
776 1559 935 1641 siquidem
972 1575 1036 1624 non
1073 1565 1290 1639 compareant,

206 1667 355 1738 tanquam
382 1658 485 1724 dictae
514 1659 740 1740 Universitatis
771 1658 1012 1740 perturbatores
1041 1665 1072 1722 et
1098 1657 1225 1722 ltectcri
1255 1673 1292 1720 ac

206 1755 409 1822 Universitati
433 1757 571 1823 rebelles
594 1758 634 1822 ab
657 1759 766 1824 eadem
784 1757 999 1823 Universitate
1022 1755 1148 1838 publice
1163 1755 1291 1820 abscin-

205 1856 332 1922 dantur.
347 1857 379 1922 Si
392 1865 495 1922 tamen
510 1865 621 1938 postea
634 1857 842 1933 innotuerint,
857 1855 897 1921 iis
910 1853 1141 1921 testimoniales
1154 1854 1290 1924 litterae.

206 1955 332 2020 etiamsi
360 1955 520 2037 petierint,
549 1957 758 2038 denegentur,
787 1956 904 2037 quibus
933 1955 965 2018 in
995 1955 1138 2019 absentia
1170 1954 1292 2018 tructus

208 2054 436 2120 beneticiorum
460 2073 592 2121 suorum
617 2057 772 2136 consequi
795 2055 917 2130 sclvnt;
941 2064 973 2120 et
995 2054 1134 2136 deniqne
1155 2051 1292 2132 praetori

207 2151 284 2218 dicti
300 2153 409 2235 oppidi
427 2154 653 2235 permittimur,
671 2164 704 2220 ut
727 2153 801 2219 illos
817 2155 859 2219 ita
881 2153 1061 2218 declaratos
1081 2161 1112 2217 et
1128 2151 1293 2217 abscissos

205 2253 419 2332 corporaliter
436 2254 667 2334 apprehendat,
685 2261 716 2319 et
732 2260 843 2318 contra
858 2251 990 2318 eosdem
1008 2267 1070 2316 uon
1087 2267 1182 2317 secus
1198 2266 1291 2333 quam

207 2359 319 2415 contra
336 2351 436 2416 laicos
452 2352 538 2418 cives
553 2353 630 2418 dicti
646 2351 754 2434 oppidi
771 2351 1012 2434 perturbatores
1030 2350 1193 2430 procedat.

731 2501 769 2564 tt.

251 2629 288 2696 ttt
311 2640 344 2696 ut
367 2633 466 2714 magis
491 2641 665 2700 nocturnae
689 2632 761 2700 illae
784 2632 975 2698 insolentiae
998 2630 1204 2714 periculaque
1219 2629 1294 2695 inde

208 2731 427 2811 provenientia
451 2733 676 2813 impediantur,
700 2733 845 2799 districte
869 2731 1095 2814 praecipimus,
1124 2739 1158 2795 ut
1184 2729 1290 2794 nullus

205 2829 446 2908 suppositorum
465 2831 699 2908 Universitatis,
724 2833 809 2897 sicut
823 2832 917 2898 etiam
935 2831 1042 2896 nullus
1065 2829 1196 2903 civium,
1216 2828 1291 2909 byc-

208 2926 280 2990 mali
308 2935 452 3009 ternpore
479 2941 553 3012 post
578 2932 689 2996 boram
718 2947 832 2996 nonam
860 2929 1087 3011 vespertinam,
1115 2936 1146 2992 et
1171 2925 1292 2992 aestivo

208 3034 281 3106 post
302 3026 469 3102 decimam,
494 3029 615 3110 absque
638 3029 758 3094 lumine
782 3045 839 3108 per
863 3029 984 3108 plateas
1000 3026 1151 3091 incedere
1166 3023 1293 3090 audeat.

207 3124 245 3188 Et
260 3124 288 3190 si
304 3125 375 3206 quis
392 3126 453 3191 boc
469 3131 733 3208 praesumpserit,
758 3127 826 3192 sive
848 3126 1050 3208 suppositum
1071 3124 1113 3188 sit
1129 3122 1294 3187 Universi-

209 3222 294 3299 tatis,
311 3223 380 3289 sive
395 3225 598 3305 suppositum
614 3225 763 3303 civitatis,
782 3225 851 3291 sive
866 3224 989 3305 quisvis
1006 3223 1099 3298 alius,
1117 3238 1133 3284 a
1148 3228 1295 3302 praetore

208 3329 321 3388 nostro
352 3323 422 3403 capi
458 3324 560 3404 possit
593 3333 623 3389 et
657 3323 805 3388 detineri.
834 3323 894 3388 Sed
921 3322 948 3386 si
975 3321 1071 3387 luerit
1093 3318 1296 3400 suppositum

206 3419 439 3497 Universitatis,
473 3439 565 3490 mane
603 3422 793 3488 restituetur
831 3421 972 3496 Rectori,
1005 3428 1039 3486 ut
1077 3435 1134 3500 pro
1173 3416 1295 3483 meritis

206 3517 445 3600 delinquentem
464 3522 587 3604 puniat.

724 3653 778 3718 xt.

251 3781 350 3847 Porro
374 3791 407 3848 ut
431 3784 517 3849 nulla
540 3786 718 3868 suppositis
741 3785 855 3866 iniuria
879 3783 1046 3859 irroratur,
1068 3777 1295 3845 Universitatis

207 3891 374 3960 promotor
397 3898 468 3947 curn
492 3883 560 3948 suis
583 3886 776 3950 satellitibus
799 3901 835 3949 se
862 3882 1001 3964 praetori
1025 3889 1136 3946 nostro
1161 3878 1297 3959 iungere

208 3975 337 4059 poterit,
366 3990 397 4045 et
426 3981 545 4061 pariter
573 3983 738 4048 nocturnis
764 3979 962 4064 temporibus
988 3978 1172 4045 circumire.
1203 3975 1295 4040 Etsi

206 4091 300 4156 quem
324 4077 555 4146 circumeundo
580 4083 736 4164 ceperint,
761 4082 788 4146 si
811 4081 979 4146 studiosus
1002 4079 1069 4144 sive
1092 4075 1295 4157 suppositum

208 4172 434 4242 Universitatis
451 4179 557 4254 tuerit,
576 4181 719 4246 tradetur
737 4178 931 4262 promotori;
956 4177 1049 4260 isque
1072 4174 1233 4256 captivum
1257 4170 1295 4236 ad

211 4287 291 4338 suos
313 4289 461 4342 carceres
484 4277 596 4356 ducet;
620 4280 646 4346 si
673 4288 776 4346 autem
800 4279 841 4344 sit
864 4277 1021 4360 quispiam
1044 4275 1138 4350 alius,
1168 4281 1297 4354 praetor

210 4384 285 4442 oum
300 4377 489 4444 reservabit.
