3100 4942
744 409 929 475 -130-

293 593 423 666 niensis,
436 609 523 654 anno
540 603 611 662 cto.
624 603 727 656 6666.
743 603 790 654 xl.
802 593 841 670 (tl
858 591 996 654 Romam
1012 589 1175 672 ablegatus
1190 589 1252 655 luit
1269 591 1386 654 Petrus

293 691 332 754 de
357 691 457 766 Mera,
477 690 609 753 Henrici
633 689 727 756 irater
751 703 782 755 et
805 691 838 752 in
861 691 1016 754 decanatu
1040 709 1215 766 successor,
1241 689 1298 772 qui
1322 690 1381 752 ibi·

295 790 369 852 dem
391 789 572 872 procuravit
594 789 840 872 impetravitque
861 789 1017 852 unionem
1039 802 1070 853 et
1089 788 1380 872 incorporationem

294 889 393 952 trium
411 889 671 951 canonicatuum
695 901 726 952 et
740 889 995 971 praebendarum
1018 887 1050 949 in
1066 887 1196 950 ecclesia
1216 887 1383 969 collegiata

297 988 339 1052 D.
359 987 456 1061 Petri,
474 1007 539 1050 una
558 1006 631 1050 cum
651 987 804 1050 Plebania
825 986 980 1068 ejusdem,
997 986 1141 1069 itemque
1161 986 1270 1048 decem
1287 986 1383 1048 eccle-

295 1085 415 1148 siarum
429 1086 658 1168 parochialium
670 1091 719 1166 (a),
736 1105 793 1169 pro
805 1085 991 1167 quindecim
1004 1085 1052 1148 vel
1066 1099 1126 1161 tot,
1140 1099 1237 1168 prout
1249 1083 1392 1167 singulis-

297 1183 432 1247 sollicite
446 1185 653 1248 consideratis
674 1185 847 1258 videretur,
864 1183 1117 1248 canonicatibus
1136 1197 1166 1248 et
1181 1183 1382 1264 praebendis,

297 1283 330 1345 in
345 1283 455 1345 cadem
478 1283 607 1346 ecclesia
625 1285 665 1346 D.
687 1283 770 1346 Petri
792 1283 831 1345 de
847 1302 931 1345 novo
953 1282 1096 1345 creandis
1117 1297 1148 1347 et
1164 1281 1382 1358 instituendis,

297 1382 416 1464 quibus
443 1382 553 1444 nullus
578 1402 665 1444 sacer
688 1382 770 1444 ordo
799 1401 941 1444 annexus
966 1396 1058 1457 esset,
1084 1402 1147 1462 pro
1165 1381 1323 1461 formatis
1351 1382 1383 1442 in

304 1483 481 1564 Theologr'a
499 1483 742 1554 Baeculaureis,
760 1483 829 1544 sive
851 1483 884 1543 r'rr
905 1483 964 1543 illa
986 1492 1042 1543 out
1063 1481 1240 1551 Medicina.
1259 1483 1310 1542 vel
1331 1481 1393 1563 qui

291 1599 356 1662 per
377 1581 549 1643 triennium
568 1581 707 1663 legerint
725 1582 776 1642 vel
796 1582 945 1643 rexerint
962 1591 1037 1661 post
1054 1582 1288 1662 susceptionem
1313 1599 1381 1641 ma-

299 1680 432 1760 gisterii
453 1681 583 1760 gradus
605 1681 637 1740 in
661 1679 796 1741 Artibus
821 1678 1013 1759 Magistris,
1029 1680 1096 1741 sive
1117 1680 1150 1740 in
1176 1690 1313 1760 utroque
1334 1679 1384 1740 vel

301 1779 404 1840 altero
416 1778 495 1840 Iure
507 1778 711 1850 Ductoribus,
725 1789 782 1840 out
793 1797 865 1840 cum
878 1779 995 1859 rigore
1006 1777 1167 1840 examinis
1179 1777 1379 1852 LicentintiS,

238 1871 241 1876 ’
298 1875 331 1936 in
347 1877 456 1937 eodem
467 1878 572 1938 studio
590 1877 778 1958 regentibus
794 1877 845 1936 vel
858 1876 1056 1957 legentibu53
1075 1875 1143 1958 jure
1160 1875 1380 1956 praesentandi

298 1974 337 2036 ad
365 1973 554 2056 hujusmodi
577 1975 794 2038 Canonicatus
816 1987 847 2038 et
870 1974 1075 2058 praebendas,
1097 1994 1223 2037 necnon
1245 1973 1285 2036 ad
1310 1989 1389 2049 tres,

299 2075 432 2138 antehac
457 2076 497 2137 ad
520 2075 723 2139 collationem
752 2089 783 2139 et
805 2075 1019 2156 provisionem
1044 2075 1163 2146 Decani
1189 2089 1221 2139 et
1240 2074 1384 2155 Capituli

300 2173 447 2236 ecclesiae
485 2175 518 2237 S.
554 2176 638 2239 Petri
675 2175 864 2256 pertinente,
894 2173 992 2238 etad
1029 2174 1210 2258 plebaniam
1240 2175 1381 2254 ejusdem

301 2271 460 2347 ecclesiae,
492 2273 659 2355 adsignato
691 2272 951 2356 Burgimagistris
980 2273 1069 2356 opidi
1103 2271 1321 2343 Louaniensis,
1348 2293 1384 2335 ac

300 2383 456 2434 reservato
484 2369 553 2450 jure
582 2370 771 2434 instituendi
800 2385 830 2434 et
860 2372 892 2432 in
922 2371 1120 2452 corporalem
1151 2371 1389 2455 possessionem

299 2468 472 2532 inducendi
505 2470 634 2532 Decano
663 2483 693 2533 et
723 2469 875 2552 Capitulo
910 2469 1013 2533 dictae
1041 2471 1188 2534 ecclesiae
1218 2471 1253 2534 S.
1287 2471 1387 2534 Petri..

299 2568 419 2630 Datum
448 2568 593 2648 diploma
622 2569 848 2651 signatumque
877 2569 917 2630 ab
949 2570 1097 2650 Eugenio
1125 2570 1180 2633 lV.
1209 2569 1302 2632 Senis
1328 2587 1382 2632 an.

300 2678 370 2736 619.
393 2678 497 2730 6666.
519 2679 618 2729 xtttl.
643 2679 664 2728 x
685 2667 746 2729 ltal.
774 2667 863 2730 Junii
879 2689 905 2730 n.
935 2669 1029 2730 Fasti
1050 2669 1238 2746 academici,
1263 2681 1296 2732 2⁸
1318 2669 1392 2745 e'd.,.

299 2785 353 2848 rr·
371 2765 480 2848 7⁶·77·

342 2863 385 2925 Le
400 2883 480 2946 pape
498 2863 627 2944 Eugene
646 2864 690 2926 lV
703 2865 786 2929 avait
801 2863 930 2947 de'signd
946 2865 1024 2928 trois
1038 2864 1184 2946 deleguds
1201 2887 1209 2928 ι
1228 2865 1330 2926 l'abbe'
1344 2864 1385 2926 de

298 2963 518 3026 Nune-Darne
530 2964 569 3024 de
584 2963 823 3044 Middelbourg,
838 2964 867 3026 le
878 2963 989 3047 pre‘vdt
1004 2964 1048 3026 du
1064 2964 1206 3045 chapitre
1220 2963 1260 3026 de
1277 2965 1384 3028 Saint-

298 3061 403 3124 Pierre
429 3061 598 3124 d'Utrecht
625 3075 655 3126 et
685 3061 901 3124 l'archidiacre
930 3062 1094 3134 d'Anvers,
1122 3063 1179 3144 qui
1207 3063 1382 3144 pouvaient

296 3159 359 3224 soit
388 3158 640 3239 conjointement
665 3161 727 3224 soit
757 3160 923 3224 isoldment
953 3173 1064 3224 mettre
1093 3161 1110 3222 ὲ
1146 3161 1315 3224 execution
1352 3163 1382 3223 la

296 3257 382 3320 bulle
408 3259 679 3341 d’incorporation
705 3259 889 3338 (document
914 3279 947 3322 n.
979 3261 1015 3336 ll.
1043 3261 1089 3322 Ce
1119 3259 1167 3324 fut
1196 3260 1383 3324 Guillaume

298 3355 394 3431 Bont,
410 3357 604 3419 archidiacre
625 3357 665 3420 de
686 3359 838 3420 Cambrai
860 3360 877 3420 it
900 3363 1021 3421 Anvers
1042 3373 1073 3423 et
1094 3357 1200 3441 doyen
1218 3359 1259 3422 de
1274 3359 1382 3424 Saint-

326 3587 361 3650 (ι)
380 3587 401 3636 ΙΙ
413 3587 511 3637 τὲευὶῐε
523 3587 571 3637 des
583 3585 689 3636 extruite
701 3587 749 3638 des
761 3596 882 3654 cotnptcs
894 3587 927 3638 de
939 3588 963 3638 la
976 3587 1036 3638 ville
1048 3587 1081 3638 de
1095 3587 1214 3638 Louvain
1226 3586 1387 3655 reproduirs

295 3667 453 3732 ci-dessous,
467 3681 531 3719 sous
547 3670 571 3719 le
587 3677 617 3719 n⁰
629 3683 673 3734 sn,
686 3683 739 3735 que
760 3667 848 3720 Pierre
860 3670 893 3720 de
907 3671 980 3720 Mera
992 3684 1021 3721 se
1033 3669 1120 3721 rendit
1133 3670 1148 3720 ir
1161 3671 1248 3722 Rome
1259 3685 1294 3722 eu
1311 3669 1380 3736 1443,

295 3758 322 3799 et
333 3764 386 3798 non
400 3765 447 3816 pes
459 3765 493 3800 en
509 3765 578 3816 ¹440·
592 3765 698 3800 comme
716 3749 836 3801 l⁴affirme
853 3751 884 3802 ici
895 3740 989 3802 Valere
1008 3753 1107 3804 Andre.
1123 3753 1145 3803 ll
1162 3752 1247 3819 quitta
1266 3753 1383 3804 marein

294 3831 318 3881 le
337 3830 410 3880 lundi
428 3849 444 3898 7
463 3831 561 3894 janvier
578 3832 649 3898 1443,
663 3842 689 3883 et
700 3847 717 3898 y
729 3844 817 3884 rentra
829 3835 853 3884 le
870 3851 897 3902 ¹7
909 3835 973 3884 aodt
984 3834 1098 3900 suivant,
1111 3835 1190 3902 apres
1202 3850 1256 3886 une
1268 3835 1383 3886 absence

292 3912 326 3962 de
345 3927 393 3963 222
410 3912 490 3977 jours.
507 3913 528 3964 ll
547 3924 621 3978 recut
638 3917 673 3965 du
692 3914 830 3981 magistrat
846 3916 879 3966 de
900 3915 1018 3966 Louvain
1037 3933 1073 3968 un
1092 3915 1167 3967 flotin
1186 3918 1223 3966 du
1245 3916 1316 3968 Rhin
1336 3933 1383 3984 par

290 3991 350 4057 jour
361 4009 467 4044 comme
480 3993 653 4056 honoraires;
666 4006 691 4046 et
703 3995 718 4046 'a
731 4012 780 4047 son
793 4007 884 4047 retour
896 3995 913 4048 il
925 3995 1012 4048 obtint
1023 4013 1119 4050 encore
1136 4013 1189 4050 une
1207 3997 1381 4066 gratification

292 4075 325 4126 de
339 4090 388 4144 ²5⁰
403 4075 494 4126 florius
506 4077 543 4127 du
555 4076 636 4131 Rhin.

293 4157 358 4288 sle)
378 4157 459 4291 lll'n'y
475 4165 521 4208 eut
537 4173 590 4225 que
608 4158 674 4211 neul
688 4159 782 4227 eglises
799 4160 967 4228 paroissieles
986 4161 1156 4232 incorpordes
1168 4179 1201 4216 au
1215 4164 1335 4233 chapitre
1346 4164 1380 4214 de

314 4249 378 4290 arnt·
404 4254 482 4292 terre.
