3246 4944
713 413 899 554 ss-sla-

260 681 329 740 erat
353 673 493 739 loannes
520 671 713 751 Paludanusl
741 671 888 755 exposuit
912 669 1043 736 venisse
1067 670 1238 736 lovanium
1261 671 1344 738 duos

259 771 503 839 commissarios
526 771 564 836 ad
589 771 802 838 visitationem
827 771 1049 835 Universitalis
1065 768 1157 834 dates
1173 788 1229 835 seu
1247 770 1347 848 depru-

262 881 365 948 tatos;
393 887 516 953 ponens
540 879 708 952 propterea
731 871 761 934 in
787 870 1017 940 deliberatione
1042 885 1082 932 an
1109 869 1232 948 placeat
1258 869 1347 951 ipsos

262 973 413 1046 salutare,
430 971 479 1036 vel
505 971 579 1052 qnid
604 970 687 1036 aliud
714 987 893 1052 proponere
915 969 964 1035 vel
989 967 1159 1033 lacerabit
1180 985 1219 1032 ex
1242 969 1346 1034 domi·

263 1089 375 1138 norum
406 1069 693 1136 deliberationibus
723 1069 883 1134 conclusit
914 1067 990 1132 nillil
1020 1068 1124 1131 adlrnc
1155 1067 1344 1140 laciendum,

265 1172 323 1236 nisi
342 1170 490 1252 primitus
506 1169 610 1235 audita
627 1169 813 1236 eorumdem
830 1169 1030 1234 dominorum
1050 1165 1344 1232 commissariorum

262 1269 503 1336 commissione.
525 1291 538 1328 ll

306 1370 365 1433 les
393 1368 514 1444 lettres,
532 1385 572 1433 en
598 1377 687 1432 verto
716 1367 899 1449 desquelles
926 1364 1108 1430 l'arelrlduc
1133 1374 1164 1430 et
1186 1365 1215 1430 le
1239 1364 1348 1430 Nouee

262 1467 385 1534 avaient
411 1465 538 1532 nommd
562 1465 620 1530 des
643 1465 882 1531 commissnires
905 1463 1040 1545 charges
1059 1463 1099 1528 de
1116 1463 1272 1544 procedor
1287 1465 1304 1528 i
1320 1464 1348 1528 la

266 1566 376 1641 llisitc,
393 1565 541 1631 venaient
556 1561 657 1630 d'titre
673 1563 863 1646 presentes
878 1564 895 1628 b
917 1561 1142 1628 l'Universite:
1162 1584 1175 1621 v
1195 1563 1252 1628 llic
1274 1563 1349 1628 lune

264 1666 406 1731 secunda
444 1665 565 1728 mensis
602 1664 729 1745 augusti
759 1665 843 1742 [antri
876 1662 976 1740 leont,
1005 1661 1082 1726 bora
1113 1662 1246 1742 septima
1276 1672 1351 1726 ante

268 1764 445 1837 meridiem.
463 1764 494 1826 in
518 1763 590 1828 loco
617 1762 782 1844 capitulari
809 1761 952 1828 inlerieri
979 1760 1137 1852 eeclesiae
1162 1761 1350 1842 collegiatae

266 1863 366 1928 saneti
384 1861 467 1927 Petri
485 1861 543 1926 luit
559 1870 683 1926 servata
699 1860 862 1942 deputatio
879 1861 916 1924 ad
934 1860 1127 1924 audiendum
1144 1860 1205 1942 legi
1228 1861 1351 1926 litteras

266 1960 474 2026 illustrissimi
499 1959 613 2026 Nuncii
635 1960 803 2042 apostolici
827 1969 858 2025 et
881 1960 964 2024 Suae
985 1957 1192 2024 celsitudinis
1215 1959 1251 2023 ad
1276 1959 1352 2023 Uni-

264 2058 598 2124 versitatemdirectas
611 2058 733 2124 tenoris
747 2054 940 2138 infrascripti
954 2059 1007 2139 (l),
1018 2066 1049 2122 et
1061 2057 1099 2121 ad
1110 2057 1351 2123 deliberandum

143 2205 146 2212 .
263 2159 413 2239 desuper.
427 2158 529 2239 Super
543 2174 607 2239 quo
621 2174 659 2222 ex
672 2156 958 2222 deliberationibus
973 2155 1176 2221 dominorum
1192 2156 1352 2221 conclusit

262 2257 411 2321 dominus
438 2257 555 2321 llector
582 2255 765 2336 hujusmodi
789 2255 912 2320 litteras
937 2255 992 2320 teti
1016 2255 1218 2320 Universilati
1242 2255 1347 2320 statim

262 2356 322 2442 sub
336 2356 517 2436 juramento
533 2355 758 2419 convocandae
774 2355 1012 2435 proponendas.
1032 2379 1046 2415 n

306 2510 319 2548 l
339 2488 395 2553 llie
410 2488 504 2553 lunae
520 2487 661 2552 secunda
678 2486 800 2552 mensis
814 2487 939 2568 augusti
955 2487 1040 2564 [anui
1054 2487 1155 2566 ldbll,
1170 2488 1247 2552 liora
1262 2505 1344 2551 nona

262 2594 336 2652 ante
360 2587 538 2664 meridiem,
556 2585 587 2650 in
611 2583 770 2666 superiori
794 2587 865 2651 locu
886 2585 1063 2668 capitulari,
1082 2587 1199 2652 indicta
1222 2597 1272 2652 est
1287 2587 1347 2651 sub

259 2687 440 2768 iuramento
474 2685 680 2768 congregatio
718 2684 943 2752 Universitalis
981 2685 1019 2749 atl
1055 2687 1248 2752 audiendum
1285 2687 1347 2766 legi

263 2786 386 2850 litteras
403 2793 433 2850 et
449 2784 709 2850 commissionem
726 2784 822 2850 lrodie
839 2785 868 2848 in
885 2784 1091 2866 deputatione
1108 2787 1301 2868 propositas,
1316 2794 1349 2850 et

263 2885 301 2950 nd
329 2883 568 2950 deliberandum
595 2885 746 2966 desuper.
767 2883 888 2956 Quibus
912 2883 942 2947 in
967 2883 1178 2950 Universitate
1202 2885 1294 2950 lectis
1317 2893 1348 2949 el

264 2983 295 3047 in
313 2983 541 3048 deliberatione
558 2983 683 3063 positis,
701 3001 739 3047 ex
756 2983 939 3047 lacultatnm
963 2983 1246 3048 deliberationibus
1270 3000 1348 3048 con-

264 3082 361 3148 clusit
383 3081 570 3162 magnilleus
593 3081 743 3146 domiuus
766 3082 884 3146 Rector
906 3082 1149 3148 Universilatem
1166 3083 1349 3163 permittere

263 3181 347 3264 quod
379 3181 520 3262 deputati
551 3197 567 3244 a
596 3181 868 3246 reverendissimo
899 3191 931 3246 et
967 3181 1187 3247 illustrissimo
1224 3181 1347 3246 Nuncio

264 3280 444 3359 apostolico
467 3285 499 3344 el
520 3279 581 3344 Sua
604 3278 799 3344 celsitudine
812 3279 1033 3348 commissarii
1050 3280 1239 3344 anctoritate
1254 3295 1349 3361 apos·

266 3380 359 3444 telica
385 3389 537 3444 unacum
560 3379 775 3445 serenissimo
798 3377 947 3459 Principe
972 3378 1139 3444 fundatore
1160 3388 1192 3443 et
1216 3389 1349 3460 patrono

265 3479 325 3543 sibi
343 3479 515 3560 injunctam
538 3479 753 3543 visitationem
772 3477 860 3558 juxta
884 3478 1016 3543 Concilii
1038 3477 1216 3543 Tridentini
1240 3495 1350 3560 praes-

265 3577 414 3658 criptum,
436 3594 519 3643 sess.
540 3575 632 3652 XXV,
655 3592 726 3658 cap.
747 3577 778 3654 9,
804 3579 848 3643 lle
876 3577 960 3652 Rei,
985 3578 1089 3642 lacere
1120 3575 1255 3656 possint,
1280 3577 1350 3644 sine

264 3685 327 3740 tarn
354 3675 550 3756 praeiudicio
574 3674 813 3756 privilegiorum
836 3675 938 3756 ipsius
959 3674 1193 3751 Universitalis,
1208 3685 1240 3740 et
1262 3675 1350 3741 salva

266 3775 454 3840 auctoritate
467 3791 503 3839 ac
517 3775 742 3854 jurisdictione
755 3773 913 3856 magnifici
927 3775 1047 3840 domini
1062 3775 1220 3850 Rectoris,
1232 3775 1351 3856 judicis

265 3874 431 3951 ordinarii,
452 3891 469 3938 a
495 3873 577 3938 Sede
599 3874 775 3955 apostoliea
797 3873 857 3958 ipsi
882 3873 1032 3938 attributa
1055 3883 1124 3939 eta
1152 3875 1352 3956 principibus

264 3972 463 4038 confirmata.
483 3975 594 4038 Petunt
616 3973 825 4040 nibilominus
850 3973 967 4039 Rector
989 3984 1021 4038 et
1047 3973 1255 4047 Universitas‚
1274 3991 1352 4056 eua-

302 4153 340 4225 (l)
360 4153 396 4209 Co
409 4159 471 4210 seul
485 4155 525 4209 les
538 4155 609 4211 deux
625 4157 719 4211 lettres
729 4157 796 4211 dont
806 4173 876 4211 nous
885 4172 970 4210 avons
980 4156 1071 4210 donne
1083 4157 1108 4210 lo
1118 4161 1193 4210 texte
1202 4155 1350 4223 eidesaus,

268 4261 316 4316 pp.
333 4242 459 4302 lna-156.
1124 4259 1127 4265 ·
