3100 4942
660 441 825 505 ...97-

190 633 227 688 et
240 623 367 690 decano
382 639 509 688 omnem
526 631 730 704 potestatem,
741 621 1000 714 jurisdictionem
1014 621 1087 688 siue
1103 622 1284 690 facultatem

191 721 226 786 iu
241 721 412 803 premissis
425 723 576 793 adimere,
591 737 746 786 reuocare
758 732 790 784 et
802 735 998 796 ammonere,
1013 731 1043 786 et
1056 721 1128 786 loco
1141 721 1285 802 ipsorum

194 836 257 885 uos
272 837 447 900 surrogare
458 830 489 884 ct
505 819 672 901 deputare,
684 835 722 883 ac
738 819 818 884 alias
829 819 878 884 eis
894 819 925 882 in
944 819 1113 900 premissis
1126 831 1286 902 oportune

193 917 371 1000 prouidere
386 919 427 982 dc
442 917 640 1000 benignitate
655 917 832 999 apostolica
849 917 1067 1000 dignaremur.

472 1066 635 1121 Concesslon
656 1072 688 1122 de
709 1071 736 1122 lo
755 1073 853 1132 (cucur
872 1069 1010 1122 mtttcttdc.

238 1189 306 1254 llos
329 1188 435 1270 itaque
457 1188 641 1254 huiusmodi
666 1189 956 1269 supplicationibus
979 1188 1134 1264 inclinati,
1158 1206 1286 1256 omnem

194 1295 401 1366 potestatem,
415 1287 673 1368 jurisdictionem
690 1288 761 1351 siue
777 1288 956 1352 facultatem
980 1287 1010 1350 in
1028 1290 1196 1369 premissis
1213 1306 1286 1369 prc-

194 1385 269 1450 lalis
284 1387 398 1450 luban
418 1397 450 1451 ct
468 1387 594 1452 bucano
618 1387 860 1467 quomodolibet
882 1403 1071 1452 concessam
1096 1389 1288 1454 auctoritate

194 1485 341 1564 predicta
368 1495 479 1548 mucre
505 1483 709 1564 presencium
737 1495 929 1550 reuocantes
956 1485 1084 1565 penitus
1108 1493 1140 1550 et
1165 1502 1288 1552 ammo·

196 1591 322 1658 uentos,
340 1582 412 1648 loco
435 1583 562 1648 illorum
587 1600 645 1648 uos
667 1585 870 1664 surrogando
892 1594 926 1649 et
947 1585 1140 1663 deputando,
1165 1584 1287 1650 discre-

195 1681 277 1746 u'oni
293 1693 400 1746 vestre
427 1699 483 1762 per
498 1681 676 1764 apostolica
691 1683 811 1762 scripta
836 1683 1037 1758 mandamus,
1053 1695 1212 1764 uuatcnus
1227 1699 1287 1752 vos

194 1779 247 1844 vel
263 1779 344 1843 alter
366 1789 520 1850 vestrum.
540 1798 596 1860 per
611 1797 671 1846 vos
687 1781 736 1846 vel
752 1773 850 1846 ali'um
875 1798 933 1846 seu
949 1781 1041 1853 alios,
1058 1781 1188 1860 prelatis
1204 1781 1286 1846 Rec-

193 1876 271 1950 tori‚
291 1878 494 1954 Ductoribus,
512 1878 684 1960 llagistris,
697 1877 881 1944 Scolaribus
897 1889 929 1944 et
944 1879 1047 1960 ipsius
1061 1879 1288 1948 Vniuersitatis

194 1977 347 2056 personis
363 1975 505 2042 efficacis
520 1977 641 2043 auxilio
663 1979 866 2051 assistentes,
884 1977 923 2041 ad
940 1977 1160 2044 executionem
1184 1979 1286 2042 dicta·

198 2090 269 2138 rum
294 2073 470 2140 litterarum
494 2075 684 2142 auctoritate
707 2089 816 2142 nostra
834 2076 1015 2158 procedatis
1037 2077 1232 2141 inormibus
1252 2088 1288 2142 et

197 2190 257 2254 per
271 2174 376 2238 omnia
390 2174 479 2254 iuxta
495 2175 637 2254 ipsarum
660 2174 838 2240 litterarum
856 2184 1000 2240 tenorem
1016 2185 1112 2256 utque
1135 2175 1283 2250 sormam,

198 2259 333 2354 perinde
348 2275 386 2335 a'n
397 2273 425 2338 si
441 2273 473 2336 in
490 2273 555 2338 illis
568 2289 702 2338 unacum
720 2275 842 2352 prelato
855 2272 1015 2354 Episcopo
1030 2272 1287 2338 conseruatores

197 2382 232 2435 et
247 2369 377 2436 ludices
392 2370 533 2450 deputati
551 2371 706 2436 fuissetis.

307 2505 483 2560 Annulclr'on
502 2509 549 2559 dor
566 2509 671 2560 cieuses
690 2510 851 2568 contraires,
872 2513 896 2558 st
914 2509 977 2558 clato
995 2509 1028 2558 ds
1046 2509 1075 2557 lu
1094 2507 1176 2560 beate.

238 2610 309 2676 Non
332 2611 535 2675 obstantibus
557 2611 726 2691 premissis
754 2627 877 2675 necnon
901 2612 1052 2675 omnibus
1078 2609 1143 2675 illis
1166 2627 1228 2692 que
1251 2611 1285 2675 in

191 2709 350 2791 predictis
367 2709 481 2774 litteris
498 2725 561 2774 non
577 2709 707 2775 obstare
728 2711 890 2774 voluimus
907 2710 1089 2790 ceterisque
1113 2709 1285 2792 contrariis

192 2809 464 2890 quibuscumque.
483 2810 595 2873 llatum
615 2807 715 2874 Rome
735 2809 819 2889 apud
839 2817 971 2873 sanctos
986 2809 1152 2889 apostolos
1168 2809 1287 2874 llalen·

193 2909 248 2972 dis
262 2905 346 2988 llaij.
364 2907 571 2988 pontillcatus
586 2907 686 2972 nostri
703 2909 795 2973 Anno
811 2908 992 2973 undecimo.

973 3007 1006 3071 P.
1033 3025 1070 3071 ns
1091 3007 1241 3071 Victurus.

193 3333 237 3398 Le
258 3335 420 3398 souuemin
440 3335 557 3416 pontise
578 3336 705 3416 Enpdnc
727 3337 744 3398 l
750 3335 773 3398 V
795 3336 958 3417 templum,
979 3352 1095 3399 comme
1121 3351 1283 3397 conserun-

235 3442 319 3496 leurs
341 3435 394 3498 det
414 3433 572 3516 priutldpes
594 3435 631 3499 de
653 3433 858 3508 iUniuersitd.
875 3433 1008 3516 l’dudpuc
1029 3432 1187 3497 d'Ulrerltl
1208 3429 1286 3494 elle

234 3533 333 3614 doyen
354 3534 390 3598 de
410 3531 659 3599 Solate-Gudule
680 3535 718 3598 de
740 3533 900 3600 Buccellas
921 3553 979 3616 por
1001 3531 1099 3596 t’cutc
1119 3533 1156 3598 de
1176 3531 1283 3597 Scirti-

235 3631 344 3696 Picrre
364 3651 406 3696 uu
427 3633 514 3698 Monl
536 3629 670 3696 Blandita
692 3633 729 3696 de
751 3633 840 3698 Gund
861 3643 890 3697 et
911 3633 1051 3712 iedopert
1066 3632 1103 3694 dc
1118 3629 1230 3711 l'e'piisc
1244 3629 1286 3692 de

237 3729 382 3812 coloque.

629 3831 647 3886 3
666 3847 739 3885 mars
762 3829 841 3886 1431.

346 3938 418 3992 rura
436 3943 475 3992 du
495 3945 642 3992 sodomam
660 3943 774 4005 pontisc.
795 3943 908 3994 adressc
927 3947 950 3992 et
970 3943 1132 3994 salutationi.

231 4059 396 4141 Enguinos
411 4060 585 4142 episcopus
601 4078 718 4126 seruus
740 4077 911 4126 seruorum
934 4060 985 4124 dei
1010 4059 1140 4124 liilcclis
1163 4057 1237 4138 filiis
1256 4103 1279 4122 ..

189 4157 307 4224 numu
331 4158 514 4240 monasterii
537 4159 640 4224 sancti
665 4159 749 4224 Petri
766 4159 958 4234 Gattdensis,
974 4157 1190 4264 tornacensis
1209 4155 1283 4220 dio·
