<?xml version="1.0" encoding="UTF-8"?>
<!DOCTYPE html PUBLIC "-//W3C//DTD XHTML 1.0 Transitional//EN"
    "http://www.w3.org/TR/xhtml1/DTD/xhtml1-transitional.dtd">
<html xmlns="http://www.w3.org/1999/xhtml" xml:lang="en" lang="en">
 <head>
  <title>
</title>
<meta http-equiv="Content-Type" content="text/html;charset=utf-8" />
  <meta name='ocr-system' content='tesseract 3.04.00' />
  <meta name='ocr-capabilities' content='ocr_page ocr_carea ocr_par ocr_line ocrx_word'/>
</head>
<body>
  <div class='ocr_page' id='page_1' title='image "./documentsrelati00reusgoog_0098.png"; bbox 0 0 3100 4942; ppageno 0'>
   <div class='ocr_carea' id='block_1_1' title="bbox 786 465 951 528">
    <p class='ocr_par' dir='ltr' id='par_1_1' title="bbox 786 465 951 528">
     <span class='ocr_line' id='line_1_1' title="bbox 786 465 951 528; baseline 0.006 -16"><span class='ocrx_word' id='word_1_1' title='bbox 786 465 951 528; x_wconf 78' lang='lat' dir='ltr'><strong>„gg-</strong></span> 
     </span>
    </p>
   </div>
   <div class='ocr_carea' id='block_1_2' title="bbox 282 636 1413 4178">
    <p class='ocr_par' dir='ltr' id='par_1_2' title="bbox 282 636 1413 4178">
     <span class='ocr_line' id='line_1_2' title="bbox 323 636 1413 712; baseline 0.002 -2"><span class='ocrx_word' id='word_1_2' title='bbox 323 642 433 710; x_wconf 89' lang='lat' dir='ltr'><strong>oensis</strong></span> <span class='ocrx_word' id='word_1_3' title='bbox 447 643 657 709; x_wconf 87' lang='lat' dir='ltr'><strong>ecclosiarum</strong></span> <span class='ocrx_word' id='word_1_4' title='bbox 673 639 855 710; x_wconf 83' lang='lat' dir='ltr'><strong>nostrarum</strong></span> <span class='ocrx_word' id='word_1_5' title='bbox 871 645 1057 711; x_wconf 86' lang='lat' dir='ltr'><strong>cortlcrendi</strong></span> <span class='ocrx_word' id='word_1_6' title='bbox 1073 661 1129 712; x_wconf 86' lang='lat' dir='ltr'><strong>seu</strong></span> <span class='ocrx_word' id='word_1_7' title='bbox 1146 645 1187 712; x_wconf 89' lang='lat' dir='ltr'><strong>de</strong></span> <span class='ocrx_word' id='word_1_8' title='bbox 1201 636 1326 712; x_wconf 84' lang='lat' dir='ltr'><strong>eisdem</strong></span> <span class='ocrx_word' id='word_1_9' title='bbox 1343 647 1413 712; x_wconf 89' lang='lat' dir='ltr'><strong>dis·</strong></span> 
     </span>
     <span class='ocr_line' id='line_1_3' title="bbox 324 741 1411 826; baseline 0.004 -20"><span class='ocrx_word' id='word_1_10' title='bbox 324 741 465 822; x_wconf 91' lang='lat' dir='ltr'><strong>ponendi</strong></span> <span class='ocrx_word' id='word_1_11' title='bbox 482 741 574 806; x_wconf 87' lang='lat' dir='ltr'><strong>uobis</strong></span> <span class='ocrx_word' id='word_1_12' title='bbox 588 749 642 808; x_wconf 92' lang='lat' dir='ltr'><strong>aut</strong></span> <span class='ocrx_word' id='word_1_13' title='bbox 657 743 904 809; x_wconf 90' lang='lat' dir='ltr'><strong>successoribus</strong></span> <span class='ocrx_word' id='word_1_14' title='bbox 915 745 1037 809; x_wconf 87' lang='lat' dir='ltr'><strong>uostris</strong></span> <span class='ocrx_word' id='word_1_15' title='bbox 1049 753 1204 826; x_wconf 86' lang='lat' dir='ltr'><strong>perpetuo</strong></span> <span class='ocrx_word' id='word_1_16' title='bbox 1216 753 1411 826; x_wconf 86' lang='lat' dir='ltr'><strong>potestatem</strong></span> 
     </span>
     <span class='ocr_line' id='line_1_4' title="bbox 323 839 1409 925; baseline 0.004 -22"><span class='ocrx_word' id='word_1_17' title='bbox 323 839 522 906; x_wconf 78' lang='lat' dir='ltr'><strong>abdicamus.</strong></span> <span class='ocrx_word' id='word_1_18' title='bbox 537 840 598 906; x_wconf 91' lang='lat' dir='ltr'><strong>Sed</strong></span> <span class='ocrx_word' id='word_1_19' title='bbox 615 841 764 906; x_wconf 86' lang='lat' dir='ltr'><strong>volumus</strong></span> <span class='ocrx_word' id='word_1_20' title='bbox 785 850 818 906; x_wconf 92' lang='lat' dir='ltr'><strong>et</strong></span> <span class='ocrx_word' id='word_1_21' title='bbox 838 841 1047 908; x_wconf 74' lang='lat' dir='ltr'><strong>concedimus</strong></span> <span class='ocrx_word' id='word_1_22' title='bbox 1066 843 1152 924; x_wconf 90' lang='lat' dir='ltr'><strong>quod</strong></span> <span class='ocrx_word' id='word_1_23' title='bbox 1177 843 1320 925; x_wconf 89' lang='lat' dir='ltr'><strong>qualibet</strong></span> <span class='ocrx_word' id='word_1_24' title='bbox 1335 859 1409 924; x_wconf 86' lang='lat' dir='ltr'><strong>pre-</strong></span> 
     </span>
     <span class='ocr_line' id='line_1_5' title="bbox 322 937 1407 1022; baseline 0.002 -18"><span class='ocrx_word' id='word_1_25' title='bbox 322 937 498 1004; x_wconf 90' lang='lat' dir='ltr'><strong>bendarum</strong></span> <span class='ocrx_word' id='word_1_26' title='bbox 521 938 737 1020; x_wconf 88' lang='lat' dir='ltr'><strong>predictarum</strong></span> <span class='ocrx_word' id='word_1_27' title='bbox 759 940 839 1004; x_wconf 90' lang='lat' dir='ltr'><strong>alias</strong></span> <span class='ocrx_word' id='word_1_28' title='bbox 853 956 950 1019; x_wconf 90' lang='lat' dir='ltr'><strong>quam</strong></span> <span class='ocrx_word' id='word_1_29' title='bbox 964 941 1014 1004; x_wconf 83' lang='lat' dir='ltr'><strong>riu</strong></span> <span class='ocrx_word' id='word_1_30' title='bbox 1030 941 1275 1022; x_wconf 88' lang='lat' dir='ltr'><strong>permutationis</strong></span> <span class='ocrx_word' id='word_1_31' title='bbox 1289 941 1407 1022; x_wconf 84' lang='lat' dir='ltr'><strong>primu,</strong></span> 
     </span>
     <span class='ocr_line' id='line_1_6' title="bbox 325 1037 1408 1118; baseline 0.002 -18"><span class='ocrx_word' id='word_1_32' title='bbox 325 1041 359 1101; x_wconf 94' lang='lat' dir='ltr'><strong>ut</strong></span> <span class='ocrx_word' id='word_1_33' title='bbox 380 1037 551 1118; x_wconf 76' lang='lat' dir='ltr'><strong>prefertur,</strong></span> <span class='ocrx_word' id='word_1_34' title='bbox 567 1047 699 1102; x_wconf 86' lang='lat' dir='ltr'><strong>vacante</strong></span> <span class='ocrx_word' id='word_1_35' title='bbox 722 1037 855 1118; x_wconf 82' lang='lat' dir='ltr'><strong>protacti</strong></span> <span class='ocrx_word' id='word_1_36' title='bbox 875 1038 994 1104; x_wconf 84' lang='lat' dir='ltr'><strong>ilectur</strong></span> <span class='ocrx_word' id='word_1_37' title='bbox 1015 1049 1047 1104; x_wconf 89' lang='lat' dir='ltr'><strong>et</strong></span> <span class='ocrx_word' id='word_1_38' title='bbox 1069 1039 1263 1104; x_wconf 81' lang='lat' dir='ltr'><strong>uniuersitas</strong></span> <span class='ocrx_word' id='word_1_39' title='bbox 1280 1055 1321 1103; x_wconf 83' lang='lat' dir='ltr'><strong>nx</strong></span> <span class='ocrx_word' id='word_1_40' title='bbox 1335 1045 1408 1113; x_wconf 87' lang='lat' dir='ltr'><strong>rna,</strong></span> 
     </span>
     <span class='ocr_line' id='line_1_7' title="bbox 282 1134 1407 1218; baseline 0.002 -18"><span class='ocrx_word' id='word_1_41' title='bbox 282 1180 287 1190; x_wconf 82' lang='grc'>.</span> <span class='ocrx_word' id='word_1_42' title='bbox 323 1145 355 1200; x_wconf 89' lang='lat' dir='ltr'><strong>et</strong></span> <span class='ocrx_word' id='word_1_43' title='bbox 378 1134 519 1216; x_wconf 78' lang='lat' dir='ltr'><strong>magistri</strong></span> <span class='ocrx_word' id='word_1_44' title='bbox 543 1135 762 1216; x_wconf 86' lang='lat' dir='ltr'><strong>burgensium.</strong></span> <span class='ocrx_word' id='word_1_45' title='bbox 782 1135 904 1201; x_wconf 76' lang='lat' dir='ltr'><strong>scabini</strong></span> <span class='ocrx_word' id='word_1_46' title='bbox 928 1143 960 1202; x_wconf 92' lang='lat' dir='ltr'><strong>et</strong></span> <span class='ocrx_word' id='word_1_47' title='bbox 981 1137 1136 1207; x_wconf 84' lang='lat' dir='ltr'><strong>consules</strong></span> <span class='ocrx_word' id='word_1_48' title='bbox 1156 1154 1196 1202; x_wconf 87' lang='lat' dir='ltr'><strong>ex</strong></span> <span class='ocrx_word' id='word_1_49' title='bbox 1211 1138 1311 1202; x_wconf 87' lang='lat' dir='ltr'><strong>alteru</strong></span> <span class='ocrx_word' id='word_1_50' title='bbox 1334 1154 1407 1218; x_wconf 85' lang='lat' dir='ltr'><strong>par-</strong></span> 
     </span>
     <span class='ocr_line' id='line_1_8' title="bbox 323 1233 1408 1302; baseline 0.001 -5"><span class='ocrx_word' id='word_1_51' title='bbox 323 1233 408 1298; x_wconf 90' lang='lat' dir='ltr'><strong>tibus</strong></span> <span class='ocrx_word' id='word_1_52' title='bbox 442 1233 635 1298; x_wconf 82' lang='lat' dir='ltr'><strong>unanimiter</strong></span> <span class='ocrx_word' id='word_1_53' title='bbox 663 1241 695 1298; x_wconf 90' lang='lat' dir='ltr'><strong>st</strong></span> <span class='ocrx_word' id='word_1_54' title='bbox 726 1234 931 1302; x_wconf 87' lang='lat' dir='ltr'><strong>concorditer</strong></span> <span class='ocrx_word' id='word_1_55' title='bbox 967 1235 1061 1300; x_wconf 90' lang='lat' dir='ltr'><strong>nobis</strong></span> <span class='ocrx_word' id='word_1_56' title='bbox 1091 1245 1124 1301; x_wconf 88' lang='lat' dir='ltr'><strong>et</strong></span> <span class='ocrx_word' id='word_1_57' title='bbox 1157 1235 1408 1301; x_wconf 85' lang='lat' dir='ltr'><strong>successoribus</strong></span> 
     </span>
     <span class='ocr_line' id='line_1_9' title="bbox 322 1331 1406 1413; baseline 0.004 -17"><span class='ocrx_word' id='word_1_58' title='bbox 322 1331 443 1398; x_wconf 91' lang='lat' dir='ltr'><strong>uostris</strong></span> <span class='ocrx_word' id='word_1_59' title='bbox 466 1333 504 1396; x_wconf 90' lang='lat' dir='ltr'><strong>ad</strong></span> <span class='ocrx_word' id='word_1_60' title='bbox 529 1333 662 1413; x_wconf 82' lang='lat' dir='ltr'><strong>primam</strong></span> <span class='ocrx_word' id='word_1_61' title='bbox 686 1332 718 1396; x_wconf 91' lang='lat' dir='ltr'><strong>in</strong></span> <span class='ocrx_word' id='word_1_62' title='bbox 737 1333 839 1398; x_wconf 89' lang='lat' dir='ltr'><strong>sancti</strong></span> <span class='ocrx_word' id='word_1_63' title='bbox 858 1333 941 1400; x_wconf 80' lang='lat' dir='ltr'><strong>Petri</strong></span> <span class='ocrx_word' id='word_1_64' title='bbox 959 1333 1170 1400; x_wconf 77' lang='lat' dir='ltr'><strong>lucuniensis</strong></span> <span class='ocrx_word' id='word_1_65' title='bbox 1191 1349 1287 1400; x_wconf 83' lang='lat' dir='ltr'><strong>vnum</strong></span> <span class='ocrx_word' id='word_1_66' title='bbox 1303 1334 1406 1400; x_wconf 85' lang='lat' dir='ltr'><strong>virum</strong></span> 
     </span>
     <span class='ocr_line' id='line_1_10' title="bbox 320 1430 1406 1514; baseline -0.001 -17"><span class='ocrx_word' id='word_1_67' title='bbox 320 1430 485 1514; x_wconf 87' lang='lat' dir='ltr'><strong>egregium</strong></span> <span class='ocrx_word' id='word_1_68' title='bbox 508 1441 542 1496; x_wconf 92' lang='lat' dir='ltr'><strong>et</strong></span> <span class='ocrx_word' id='word_1_69' title='bbox 563 1431 736 1496; x_wconf 75' lang='lat' dir='ltr'><strong>notabilem</strong></span> <span class='ocrx_word' id='word_1_70' title='bbox 759 1431 912 1496; x_wconf 90' lang='lat' dir='ltr'><strong>clericum</strong></span> <span class='ocrx_word' id='word_1_71' title='bbox 935 1432 1152 1508; x_wconf 88' lang='lat' dir='ltr'><strong>decretorum,</strong></span> <span class='ocrx_word' id='word_1_72' title='bbox 1169 1433 1207 1496; x_wconf 87' lang='lat' dir='ltr'><strong>ad</strong></span> <span class='ocrx_word' id='word_1_73' title='bbox 1230 1431 1406 1498; x_wconf 81' lang='lat' dir='ltr'><strong>secuudum</strong></span> 
     </span>
     <span class='ocr_line' id='line_1_11' title="bbox 318 1529 1404 1611; baseline 0 -17"><span class='ocrx_word' id='word_1_74' title='bbox 318 1545 415 1595; x_wconf 90' lang='lat' dir='ltr'><strong>vnum</strong></span> <span class='ocrx_word' id='word_1_75' title='bbox 438 1529 534 1595; x_wconf 90' lang='lat' dir='ltr'><strong>alium</strong></span> <span class='ocrx_word' id='word_1_76' title='bbox 551 1529 644 1595; x_wconf 87' lang='lat' dir='ltr'><strong>talem</strong></span> <span class='ocrx_word' id='word_1_77' title='bbox 670 1531 701 1594; x_wconf 93' lang='lat' dir='ltr'><strong>in</strong></span> <span class='ocrx_word' id='word_1_78' title='bbox 717 1530 854 1611; x_wconf 88' lang='lat' dir='ltr'><strong>legibus,</strong></span> <span class='ocrx_word' id='word_1_79' title='bbox 871 1530 909 1594; x_wconf 93' lang='lat' dir='ltr'><strong>ad</strong></span> <span class='ocrx_word' id='word_1_80' title='bbox 934 1531 1060 1596; x_wconf 89' lang='lat' dir='ltr'><strong>tertiam</strong></span> <span class='ocrx_word' id='word_1_81' title='bbox 1083 1531 1115 1594; x_wconf 88' lang='lat' dir='ltr'><strong>in</strong></span> <span class='ocrx_word' id='word_1_82' title='bbox 1132 1531 1302 1604; x_wconf 89' lang='lat' dir='ltr'><strong>medicina,</strong></span> <span class='ocrx_word' id='word_1_83' title='bbox 1319 1541 1352 1596; x_wconf 90' lang='lat' dir='ltr'><strong>et</strong></span> <span class='ocrx_word' id='word_1_84' title='bbox 1366 1532 1404 1594; x_wconf 90' lang='lat' dir='ltr'><strong>ad</strong></span> 
     </span>
     <span class='ocr_line' id='line_1_12' title="bbox 319 1629 1400 1711; baseline 0 -17"><span class='ocrx_word' id='word_1_85' title='bbox 319 1639 464 1711; x_wconf 87' lang='lat' dir='ltr'><strong>quartam</strong></span> <span class='ocrx_word' id='word_1_86' title='bbox 499 1630 614 1694; x_wconf 89' lang='lat' dir='ltr'><strong>iterato</strong></span> <span class='ocrx_word' id='word_1_87' title='bbox 647 1629 870 1704; x_wconf 72' lang='lat' dir='ltr'><strong>dobremium,</strong></span> <span class='ocrx_word' id='word_1_88' title='bbox 901 1629 939 1694; x_wconf 90' lang='lat' dir='ltr'><strong>ad</strong></span> <span class='ocrx_word' id='word_1_89' title='bbox 974 1630 1118 1710; x_wconf 90' lang='lat' dir='ltr'><strong>quintam</strong></span> <span class='ocrx_word' id='word_1_90' title='bbox 1147 1631 1271 1710; x_wconf 90' lang='lat' dir='ltr'><strong>legum,</strong></span> <span class='ocrx_word' id='word_1_91' title='bbox 1302 1638 1336 1694; x_wconf 87' lang='lat' dir='ltr'><strong>et</strong></span> <span class='ocrx_word' id='word_1_92' title='bbox 1362 1632 1400 1694; x_wconf 93' lang='lat' dir='ltr'><strong>ad</strong></span> 
     </span>
     <span class='ocr_line' id='line_1_13' title="bbox 321 1727 1404 1810; baseline -0.002 -17"><span class='ocrx_word' id='word_1_93' title='bbox 321 1738 442 1794; x_wconf 81' lang='lat' dir='ltr'><strong>sextam</strong></span> <span class='ocrx_word' id='word_1_94' title='bbox 459 1727 490 1792; x_wconf 92' lang='lat' dir='ltr'><strong>in</strong></span> <span class='ocrx_word' id='word_1_95' title='bbox 507 1728 678 1801; x_wconf 87' lang='lat' dir='ltr'><strong>medicina,</strong></span> <span class='ocrx_word' id='word_1_96' title='bbox 694 1727 776 1793; x_wconf 87' lang='lat' dir='ltr'><strong>alios</strong></span> <span class='ocrx_word' id='word_1_97' title='bbox 794 1728 966 1810; x_wconf 87' lang='lat' dir='ltr'><strong>magistros</strong></span> <span class='ocrx_word' id='word_1_98' title='bbox 981 1738 1015 1793; x_wconf 90' lang='lat' dir='ltr'><strong>et</strong></span> <span class='ocrx_word' id='word_1_99' title='bbox 1033 1727 1203 1803; x_wconf 69' lang='lat' dir='ltr'><strong>doctorem</strong></span> <span class='ocrx_word' id='word_1_100' title='bbox 1224 1737 1257 1793; x_wconf 90' lang='lat' dir='ltr'><strong>et</strong></span> <span class='ocrx_word' id='word_1_101' title='bbox 1275 1727 1316 1792; x_wconf 91' lang='lat' dir='ltr'><strong>ad</strong></span> <span class='ocrx_word' id='word_1_102' title='bbox 1341 1728 1404 1809; x_wconf 91' lang='lat' dir='ltr'><strong>pri·</strong></span> 
     </span>
     <span class='ocr_line' id='line_1_14' title="bbox 321 1825 1404 1907; baseline -0.001 -16"><span class='ocrx_word' id='word_1_103' title='bbox 321 1843 402 1891; x_wconf 89' lang='lat' dir='ltr'><strong>mam</strong></span> <span class='ocrx_word' id='word_1_104' title='bbox 425 1827 456 1890; x_wconf 90' lang='lat' dir='ltr'><strong>iu</strong></span> <span class='ocrx_word' id='word_1_105' title='bbox 480 1835 589 1892; x_wconf 86' lang='lat' dir='ltr'><strong>sancte</strong></span> <span class='ocrx_word' id='word_1_106' title='bbox 611 1825 726 1892; x_wconf 86' lang='lat' dir='ltr'><strong>Gudilc</strong></span> <span class='ocrx_word' id='word_1_107' title='bbox 747 1827 963 1902; x_wconf 88' lang='lat' dir='ltr'><strong>decretorum,</strong></span> <span class='ocrx_word' id='word_1_108' title='bbox 980 1837 1012 1891; x_wconf 90' lang='lat' dir='ltr'><strong>et</strong></span> <span class='ocrx_word' id='word_1_109' title='bbox 1034 1827 1073 1891; x_wconf 91' lang='lat' dir='ltr'><strong>ad</strong></span> <span class='ocrx_word' id='word_1_110' title='bbox 1096 1827 1189 1890; x_wconf 88' lang='lat' dir='ltr'><strong>aliam</strong></span> <span class='ocrx_word' id='word_1_111' title='bbox 1214 1827 1349 1907; x_wconf 77' lang='lat' dir='ltr'><strong>primam</strong></span> <span class='ocrx_word' id='word_1_112' title='bbox 1373 1827 1404 1890; x_wconf 92' lang='lat' dir='ltr'><strong>in</strong></span> 
     </span>
     <span class='ocr_line' id='line_1_15' title="bbox 319 1923 1403 2007; baseline -0.001 -18"><span class='ocrx_word' id='word_1_113' title='bbox 319 1925 420 1990; x_wconf 91' lang='lat' dir='ltr'><strong>sancti</strong></span> <span class='ocrx_word' id='word_1_114' title='bbox 443 1923 607 1990; x_wconf 86' lang='lat' dir='ltr'><strong>Gummari</strong></span> <span class='ocrx_word' id='word_1_115' title='bbox 630 1924 791 1990; x_wconf 84' lang='lat' dir='ltr'><strong>biercnsis</strong></span> <span class='ocrx_word' id='word_1_116' title='bbox 813 1925 932 2007; x_wconf 89' lang='lat' dir='ltr'><strong>legum,</strong></span> <span class='ocrx_word' id='word_1_117' title='bbox 948 1935 980 1990; x_wconf 92' lang='lat' dir='ltr'><strong>et</strong></span> <span class='ocrx_word' id='word_1_118' title='bbox 995 1927 1027 1988; x_wconf 91' lang='lat' dir='ltr'><strong>iu</strong></span> <span class='ocrx_word' id='word_1_119' title='bbox 1050 1926 1153 1990; x_wconf 91' lang='lat' dir='ltr'><strong>sancti</strong></span> <span class='ocrx_word' id='word_1_120' title='bbox 1182 1925 1264 1992; x_wconf 77' lang='lat' dir='ltr'><strong>Petri</strong></span> <span class='ocrx_word' id='word_1_121' title='bbox 1282 1926 1403 1990; x_wconf 74' lang='lat' dir='ltr'><strong>ander-</strong></span> 
     </span>
     <span class='ocr_line' id='line_1_16' title="bbox 319 2023 1401 2105; baseline 0 -19"><span class='ocrx_word' id='word_1_122' title='bbox 319 2023 495 2088; x_wconf 88' lang='lat' dir='ltr'><strong>lecbtensis</strong></span> <span class='ocrx_word' id='word_1_123' title='bbox 520 2023 551 2086; x_wconf 90' lang='lat' dir='ltr'><strong>in</strong></span> <span class='ocrx_word' id='word_1_124' title='bbox 583 2023 739 2088; x_wconf 88' lang='lat' dir='ltr'><strong>medicina</strong></span> <span class='ocrx_word' id='word_1_125' title='bbox 765 2023 846 2088; x_wconf 90' lang='lat' dir='ltr'><strong>alios</strong></span> <span class='ocrx_word' id='word_1_126' title='bbox 873 2023 1045 2105; x_wconf 87' lang='lat' dir='ltr'><strong>magistros</strong></span> <span class='ocrx_word' id='word_1_127' title='bbox 1068 2033 1100 2090; x_wconf 91' lang='lat' dir='ltr'><strong>et</strong></span> <span class='ocrx_word' id='word_1_128' title='bbox 1121 2024 1285 2095; x_wconf 87' lang='lat' dir='ltr'><strong>doctores.</strong></span> <span class='ocrx_word' id='word_1_129' title='bbox 1310 2032 1343 2088; x_wconf 91' lang='lat' dir='ltr'><strong>et</strong></span> <span class='ocrx_word' id='word_1_130' title='bbox 1364 2023 1401 2087; x_wconf 89' lang='lat' dir='ltr'><strong>ad</strong></span> 
     </span>
     <span class='ocr_line' id='line_1_17' title="bbox 318 2120 1403 2203; baseline -0.002 -16"><span class='ocrx_word' id='word_1_131' title='bbox 318 2121 492 2203; x_wconf 79' lang='lat' dir='ltr'><strong>quamlibet</strong></span> <span class='ocrx_word' id='word_1_132' title='bbox 515 2123 648 2202; x_wconf 88' lang='lat' dir='ltr'><strong>primam</strong></span> <span class='ocrx_word' id='word_1_133' title='bbox 672 2122 705 2186; x_wconf 89' lang='lat' dir='ltr'><strong>in</strong></span> <span class='ocrx_word' id='word_1_134' title='bbox 727 2124 829 2187; x_wconf 88' lang='lat' dir='ltr'><strong>sancti</strong></span> <span class='ocrx_word' id='word_1_135' title='bbox 855 2123 937 2188; x_wconf 82' lang='lat' dir='ltr'><strong>Petri</strong></span> <span class='ocrx_word' id='word_1_136' title='bbox 962 2122 1129 2199; x_wconf 80' lang='lat' dir='ltr'><strong>belensis,</strong></span> <span class='ocrx_word' id='word_1_137' title='bbox 1149 2123 1181 2186; x_wconf 91' lang='lat' dir='ltr'><strong>in</strong></span> <span class='ocrx_word' id='word_1_138' title='bbox 1204 2131 1315 2190; x_wconf 89' lang='lat' dir='ltr'><strong>sancte</strong></span> <span class='ocrx_word' id='word_1_139' title='bbox 1337 2120 1403 2186; x_wconf 87' lang='lat' dir='ltr'><strong>Ode</strong></span> 
     </span>
     <span class='ocr_line' id='line_1_18' title="bbox 318 2220 1402 2302; baseline -0.002 -17"><span class='ocrx_word' id='word_1_140' title='bbox 318 2221 525 2298; x_wconf 82' lang='lat' dir='ltr'><strong>Rodensis,et</strong></span> <span class='ocrx_word' id='word_1_141' title='bbox 538 2222 570 2284; x_wconf 92' lang='lat' dir='ltr'><strong>in</strong></span> <span class='ocrx_word' id='word_1_142' title='bbox 584 2220 687 2285; x_wconf 89' lang='lat' dir='ltr'><strong>sancti</strong></span> <span class='ocrx_word' id='word_1_143' title='bbox 698 2221 854 2286; x_wconf 87' lang='lat' dir='ltr'><strong>lobannis</strong></span> <span class='ocrx_word' id='word_1_144' title='bbox 868 2221 1117 2287; x_wconf 85' lang='lat' dir='ltr'><strong>Busciducensis</strong></span> <span class='ocrx_word' id='word_1_145' title='bbox 1129 2221 1277 2302; x_wconf 77' lang='lat' dir='ltr'><strong>ecclesiis</strong></span> <span class='ocrx_word' id='word_1_146' title='bbox 1289 2237 1402 2301; x_wconf 90' lang='lat' dir='ltr'><strong>supra·</strong></span> 
     </span>
     <span class='ocr_line' id='line_1_19' title="bbox 318 2318 1400 2400; baseline -0.003 -17"><span class='ocrx_word' id='word_1_147' title='bbox 318 2319 425 2397; x_wconf 85' lang='lat' dir='ltr'><strong>dictis,</strong></span> <span class='ocrx_word' id='word_1_148' title='bbox 454 2321 598 2400; x_wconf 86' lang='lat' dir='ltr'><strong>proximu</strong></span> <span class='ocrx_word' id='word_1_149' title='bbox 626 2319 657 2382; x_wconf 93' lang='lat' dir='ltr'><strong>in</strong></span> <span class='ocrx_word' id='word_1_150' title='bbox 689 2329 785 2386; x_wconf 89' lang='lat' dir='ltr'><strong>turno</strong></span> <span class='ocrx_word' id='word_1_151' title='bbox 815 2329 926 2384; x_wconf 89' lang='lat' dir='ltr'><strong>nostro</strong></span> <span class='ocrx_word' id='word_1_152' title='bbox 954 2329 1123 2384; x_wconf 87' lang='lat' dir='ltr'><strong>vacaturas</strong></span> <span class='ocrx_word' id='word_1_153' title='bbox 1152 2319 1343 2400; x_wconf 83' lang='lat' dir='ltr'><strong>prebendas,</strong></span> <span class='ocrx_word' id='word_1_154' title='bbox 1371 2318 1400 2381; x_wconf 90' lang='lat' dir='ltr'><strong>iu</strong></span> 
     </span>
     <span class='ocr_line' id='line_1_20' title="bbox 318 2417 1401 2500; baseline 0 -18"><span class='ocrx_word' id='word_1_155' title='bbox 318 2418 441 2484; x_wconf 89' lang='lat' dir='ltr'><strong>artibus</strong></span> <span class='ocrx_word' id='word_1_156' title='bbox 459 2419 646 2500; x_wconf 84' lang='lat' dir='ltr'><strong>magistrum</strong></span> <span class='ocrx_word' id='word_1_157' title='bbox 670 2428 856 2498; x_wconf 86' lang='lat' dir='ltr'><strong>presentare</strong></span> <span class='ocrx_word' id='word_1_158' title='bbox 871 2419 1076 2484; x_wconf 87' lang='lat' dir='ltr'><strong>tenebuntur.</strong></span> <span class='ocrx_word' id='word_1_159' title='bbox 1094 2418 1154 2494; x_wconf 84' lang='lat' dir='ltr'><strong>Qui</strong></span> <span class='ocrx_word' id='word_1_160' title='bbox 1177 2417 1306 2499; x_wconf 90' lang='lat' dir='ltr'><strong>quidem</strong></span> <span class='ocrx_word' id='word_1_161' title='bbox 1322 2418 1401 2483; x_wconf 90' lang='lat' dir='ltr'><strong>doc·</strong></span> 
     </span>
     <span class='ocr_line' id='line_1_21' title="bbox 317 2517 1399 2597; baseline -0.002 -16"><span class='ocrx_word' id='word_1_162' title='bbox 317 2527 405 2582; x_wconf 89' lang='lat' dir='ltr'><strong>tores</strong></span> <span class='ocrx_word' id='word_1_163' title='bbox 417 2525 450 2583; x_wconf 89' lang='lat' dir='ltr'><strong>et</strong></span> <span class='ocrx_word' id='word_1_164' title='bbox 461 2517 604 2597; x_wconf 76' lang='lat' dir='ltr'><strong>magistri</strong></span> <span class='ocrx_word' id='word_1_165' title='bbox 618 2517 666 2581; x_wconf 89' lang='lat' dir='ltr'><strong>sic</strong></span> <span class='ocrx_word' id='word_1_166' title='bbox 679 2517 773 2582; x_wconf 92' lang='lat' dir='ltr'><strong>nobis</strong></span> <span class='ocrx_word' id='word_1_167' title='bbox 785 2526 816 2582; x_wconf 88' lang='lat' dir='ltr'><strong>et</strong></span> <span class='ocrx_word' id='word_1_168' title='bbox 831 2517 1076 2582; x_wconf 86' lang='lat' dir='ltr'><strong>successoribus</strong></span> <span class='ocrx_word' id='word_1_169' title='bbox 1091 2519 1212 2583; x_wconf 87' lang='lat' dir='ltr'><strong>nostris</strong></span> <span class='ocrx_word' id='word_1_170' title='bbox 1226 2517 1399 2596; x_wconf 83' lang='lat' dir='ltr'><strong>presentati</strong></span> 
     </span>
     <span class='ocr_line' id='line_1_22' title="bbox 318 2615 1400 2697; baseline -0.002 -17"><span class='ocrx_word' id='word_1_171' title='bbox 318 2631 375 2697; x_wconf 89' lang='lat' dir='ltr'><strong>par</strong></span> <span class='ocrx_word' id='word_1_172' title='bbox 398 2631 457 2678; x_wconf 91' lang='lat' dir='ltr'><strong>nos</strong></span> <span class='ocrx_word' id='word_1_173' title='bbox 477 2623 509 2680; x_wconf 88' lang='lat' dir='ltr'><strong>et</strong></span> <span class='ocrx_word' id='word_1_174' title='bbox 530 2631 742 2680; x_wconf 86' lang='lat' dir='ltr'><strong>successores</strong></span> <span class='ocrx_word' id='word_1_175' title='bbox 755 2623 885 2680; x_wconf 86' lang='lat' dir='ltr'><strong>nostros</strong></span> <span class='ocrx_word' id='word_1_176' title='bbox 907 2625 1001 2680; x_wconf 88' lang='lat' dir='ltr'><strong>erunt</strong></span> <span class='ocrx_word' id='word_1_177' title='bbox 1023 2617 1062 2680; x_wconf 91' lang='lat' dir='ltr'><strong>ad</strong></span> <span class='ocrx_word' id='word_1_178' title='bbox 1085 2617 1205 2692; x_wconf 89' lang='lat' dir='ltr'><strong>statim,</strong></span> <span class='ocrx_word' id='word_1_179' title='bbox 1222 2625 1254 2680; x_wconf 93' lang='lat' dir='ltr'><strong>et</strong></span> <span class='ocrx_word' id='word_1_180' title='bbox 1276 2615 1400 2696; x_wconf 83' lang='lat' dir='ltr'><strong>absque</strong></span> 
     </span>
     <span class='ocr_line' id='line_1_23' title="bbox 316 2713 1397 2795; baseline 0.006 -18"><span class='ocrx_word' id='word_1_181' title='bbox 316 2715 378 2778; x_wconf 88' lang='lat' dir='ltr'><strong>vlla</strong></span> <span class='ocrx_word' id='word_1_182' title='bbox 403 2713 590 2778; x_wconf 83' lang='lat' dir='ltr'><strong>difficultate</strong></span> <span class='ocrx_word' id='word_1_183' title='bbox 613 2714 746 2778; x_wconf 86' lang='lat' dir='ltr'><strong>decanis</strong></span> <span class='ocrx_word' id='word_1_184' title='bbox 770 2722 803 2778; x_wconf 88' lang='lat' dir='ltr'><strong>et</strong></span> <span class='ocrx_word' id='word_1_185' title='bbox 824 2715 973 2795; x_wconf 89' lang='lat' dir='ltr'><strong>capitulis</strong></span> <span class='ocrx_word' id='word_1_186' title='bbox 996 2715 1152 2780; x_wconf 85' lang='lat' dir='ltr'><strong>dictarum</strong></span> <span class='ocrx_word' id='word_1_187' title='bbox 1176 2715 1397 2783; x_wconf 86' lang='lat' dir='ltr'><strong>ecclesiarum.</strong></span> 
     </span>
     <span class='ocr_line' id='line_1_24' title="bbox 315 2811 1401 2894; baseline -0.002 -18"><span class='ocrx_word' id='word_1_188' title='bbox 315 2813 420 2878; x_wconf 82' lang='lat' dir='ltr'><strong>illisve.</strong></span> <span class='ocrx_word' id='word_1_189' title='bbox 435 2829 570 2894; x_wconf 91' lang='lat' dir='ltr'><strong>quorum</strong></span> <span class='ocrx_word' id='word_1_190' title='bbox 587 2822 637 2876; x_wconf 88' lang='lat' dir='ltr'><strong>est</strong></span> <span class='ocrx_word' id='word_1_191' title='bbox 652 2812 833 2888; x_wconf 83' lang='lat' dir='ltr'><strong>instituere,</strong></span> <span class='ocrx_word' id='word_1_192' title='bbox 852 2829 909 2892; x_wconf 92' lang='lat' dir='ltr'><strong>per</strong></span> <span class='ocrx_word' id='word_1_193' title='bbox 923 2813 1048 2878; x_wconf 87' lang='lat' dir='ltr'><strong>litteras</strong></span> <span class='ocrx_word' id='word_1_194' title='bbox 1069 2823 1197 2878; x_wconf 89' lang='lat' dir='ltr'><strong>nostras</strong></span> <span class='ocrx_word' id='word_1_195' title='bbox 1211 2829 1284 2876; x_wconf 92' lang='lat' dir='ltr'><strong>cum</strong></span> <span class='ocrx_word' id='word_1_196' title='bbox 1301 2811 1401 2892; x_wconf 86' lang='lat' dir='ltr'><strong>pleni-</strong></span> 
     </span>
     <span class='ocr_line' id='line_1_25' title="bbox 316 2910 1399 2992; baseline -0.002 -16"><span class='ocrx_word' id='word_1_197' title='bbox 316 2912 426 2976; x_wconf 89' lang='lat' dir='ltr'><strong>tudine</strong></span> <span class='ocrx_word' id='word_1_198' title='bbox 445 2911 528 2992; x_wconf 85' lang='lat' dir='ltr'><strong>juris</strong></span> <span class='ocrx_word' id='word_1_199' title='bbox 552 2919 585 2974; x_wconf 92' lang='lat' dir='ltr'><strong>ut</strong></span> <span class='ocrx_word' id='word_1_200' title='bbox 607 2911 740 2976; x_wconf 88' lang='lat' dir='ltr'><strong>inolcuit</strong></span> <span class='ocrx_word' id='word_1_201' title='bbox 761 2921 793 2976; x_wconf 89' lang='lat' dir='ltr'><strong>et</strong></span> <span class='ocrx_word' id='word_1_202' title='bbox 807 2913 914 2977; x_wconf 85' lang='lat' dir='ltr'><strong>lacere</strong></span> <span class='ocrx_word' id='word_1_203' title='bbox 935 2913 1160 2978; x_wconf 86' lang='lat' dir='ltr'><strong>debuissemus</strong></span> <span class='ocrx_word' id='word_1_204' title='bbox 1180 2911 1207 2976; x_wconf 89' lang='lat' dir='ltr'><strong>si</strong></span> <span class='ocrx_word' id='word_1_205' title='bbox 1223 2911 1262 2974; x_wconf 89' lang='lat' dir='ltr'><strong>ud</strong></span> <span class='ocrx_word' id='word_1_206' title='bbox 1279 2910 1399 2990; x_wconf 87' lang='lat' dir='ltr'><strong>plenis·</strong></span> 
     </span>
     <span class='ocr_line' id='line_1_26' title="bbox 315 3009 1400 3090; baseline -0.006 -15"><span class='ocrx_word' id='word_1_207' title='bbox 315 3012 427 3075; x_wconf 88' lang='lat' dir='ltr'><strong>simam</strong></span> <span class='ocrx_word' id='word_1_208' title='bbox 445 3019 587 3074; x_wconf 87' lang='lat' dir='ltr'><strong>nostram</strong></span> <span class='ocrx_word' id='word_1_209' title='bbox 603 3009 679 3073; x_wconf 90' lang='lat' dir='ltr'><strong>dicti</strong></span> <span class='ocrx_word' id='word_1_210' title='bbox 695 3010 905 3074; x_wconf 77' lang='lat' dir='ltr'><strong>canonicatus</strong></span> <span class='ocrx_word' id='word_1_211' title='bbox 919 3019 952 3075; x_wconf 90' lang='lat' dir='ltr'><strong>et</strong></span> <span class='ocrx_word' id='word_1_212' title='bbox 964 3011 1127 3090; x_wconf 87' lang='lat' dir='ltr'><strong>prebende</strong></span> <span class='ocrx_word' id='word_1_213' title='bbox 1143 3009 1400 3090; x_wconf 80' lang='lat' dir='ltr'><strong>permansissent</strong></span> 
     </span>
     <span class='ocr_line' id='line_1_27' title="bbox 314 3107 1397 3190; baseline -0.005 -16"><span class='ocrx_word' id='word_1_214' title='bbox 314 3109 572 3190; x_wconf 86' lang='lat' dir='ltr'><strong>dispositionem,</strong></span> <span class='ocrx_word' id='word_1_215' title='bbox 591 3109 808 3188; x_wconf 90' lang='lat' dir='ltr'><strong>presentandi,</strong></span> <span class='ocrx_word' id='word_1_216' title='bbox 834 3125 890 3190; x_wconf 90' lang='lat' dir='ltr'><strong>per</strong></span> <span class='ocrx_word' id='word_1_217' title='bbox 912 3111 1043 3176; x_wconf 90' lang='lat' dir='ltr'><strong>eosdem</strong></span> <span class='ocrx_word' id='word_1_218' title='bbox 1066 3109 1173 3174; x_wconf 93' lang='lat' dir='ltr'><strong>subito</strong></span> <span class='ocrx_word' id='word_1_219' title='bbox 1197 3107 1397 3182; x_wconf 88' lang='lat' dir='ltr'><strong>instituendi,</strong></span> 
     </span>
     <span class='ocr_line' id='line_1_28' title="bbox 314 3205 1402 3288; baseline -0.003 -15"><span class='ocrx_word' id='word_1_220' title='bbox 314 3217 345 3273; x_wconf 93' lang='lat' dir='ltr'><strong>et</strong></span> <span class='ocrx_word' id='word_1_221' title='bbox 360 3207 393 3272; x_wconf 91' lang='lat' dir='ltr'><strong>in</strong></span> <span class='ocrx_word' id='word_1_222' title='bbox 415 3207 616 3288; x_wconf 84' lang='lat' dir='ltr'><strong>corporalem</strong></span> <span class='ocrx_word' id='word_1_223' title='bbox 639 3215 671 3272; x_wconf 84' lang='lat' dir='ltr'><strong>ct</strong></span> <span class='ocrx_word' id='word_1_224' title='bbox 686 3207 843 3272; x_wconf 90' lang='lat' dir='ltr'><strong>actualem</strong></span> <span class='ocrx_word' id='word_1_225' title='bbox 861 3207 1103 3288; x_wconf 85' lang='lat' dir='ltr'><strong>possessionem</strong></span> <span class='ocrx_word' id='word_1_226' title='bbox 1126 3205 1313 3282; x_wconf 86' lang='lat' dir='ltr'><strong>inducendi,</strong></span> <span class='ocrx_word' id='word_1_227' title='bbox 1329 3206 1402 3287; x_wconf 85' lang='lat' dir='ltr'><strong>jure</strong></span> 
     </span>
     <span class='ocr_line' id='line_1_29' title="bbox 316 3303 1401 3385; baseline -0.002 -15"><span class='ocrx_word' id='word_1_228' title='bbox 316 3315 440 3384; x_wconf 91' lang='lat' dir='ltr'><strong>nostro,</strong></span> <span class='ocrx_word' id='word_1_229' title='bbox 457 3307 617 3370; x_wconf 87' lang='lat' dir='ltr'><strong>dictorum</strong></span> <span class='ocrx_word' id='word_1_230' title='bbox 641 3305 854 3385; x_wconf 87' lang='lat' dir='ltr'><strong>capitulorum</strong></span> <span class='ocrx_word' id='word_1_231' title='bbox 877 3315 909 3370; x_wconf 87' lang='lat' dir='ltr'><strong>et</strong></span> <span class='ocrx_word' id='word_1_232' title='bbox 923 3305 1096 3370; x_wconf 89' lang='lat' dir='ltr'><strong>cuiuslibet</strong></span> <span class='ocrx_word' id='word_1_233' title='bbox 1118 3305 1251 3370; x_wconf 87' lang='lat' dir='ltr'><strong>alterius</strong></span> <span class='ocrx_word' id='word_1_234' title='bbox 1275 3304 1307 3368; x_wconf 89' lang='lat' dir='ltr'><strong>in</strong></span> <span class='ocrx_word' id='word_1_235' title='bbox 1330 3303 1401 3384; x_wconf 76' lang='lat' dir='ltr'><strong>aliis</strong></span> 
     </span>
     <span class='ocr_line' id='line_1_30' title="bbox 314 3402 1403 3486; baseline -0.006 -15"><span class='ocrx_word' id='word_1_236' title='bbox 314 3421 443 3486; x_wconf 89' lang='lat' dir='ltr'><strong>semper</strong></span> <span class='ocrx_word' id='word_1_237' title='bbox 465 3405 568 3470; x_wconf 89' lang='lat' dir='ltr'><strong>saluo.</strong></span> <span class='ocrx_word' id='word_1_238' title='bbox 593 3402 632 3468; x_wconf 84' lang='lat' dir='ltr'><strong>ltt</strong></span> <span class='ocrx_word' id='word_1_239' title='bbox 654 3403 716 3469; x_wconf 92' lang='lat' dir='ltr'><strong>boc</strong></span> <span class='ocrx_word' id='word_1_240' title='bbox 739 3405 822 3469; x_wconf 86' lang='lat' dir='ltr'><strong>laeto</strong></span> <span class='ocrx_word' id='word_1_241' title='bbox 845 3405 1118 3484; x_wconf 87' lang='lat' dir='ltr'><strong>possessiunequs</strong></span> <span class='ocrx_word' id='word_1_242' title='bbox 1144 3403 1251 3468; x_wconf 91' lang='lat' dir='ltr'><strong>debite</strong></span> <span class='ocrx_word' id='word_1_243' title='bbox 1273 3404 1324 3467; x_wconf 91' lang='lat' dir='ltr'><strong>slc</strong></span> <span class='ocrx_word' id='word_1_244' title='bbox 1346 3417 1403 3482; x_wconf 90' lang='lat' dir='ltr'><strong>per</strong></span> 
     </span>
     <span class='ocr_line' id='line_1_31' title="bbox 313 3501 1399 3583; baseline -0.004 -15"><span class='ocrx_word' id='word_1_245' title='bbox 313 3505 419 3569; x_wconf 90' lang='lat' dir='ltr'><strong>dictos</strong></span> <span class='ocrx_word' id='word_1_246' title='bbox 441 3503 592 3568; x_wconf 84' lang='lat' dir='ltr'><strong>doctores</strong></span> <span class='ocrx_word' id='word_1_247' title='bbox 617 3509 649 3566; x_wconf 89' lang='lat' dir='ltr'><strong>et</strong></span> <span class='ocrx_word' id='word_1_248' title='bbox 673 3502 856 3583; x_wconf 88' lang='lat' dir='ltr'><strong>magistros,</strong></span> <span class='ocrx_word' id='word_1_249' title='bbox 880 3511 911 3567; x_wconf 90' lang='lat' dir='ltr'><strong>et</strong></span> <span class='ocrx_word' id='word_1_250' title='bbox 937 3501 1111 3582; x_wconf 83' lang='lat' dir='ltr'><strong>quemlibet</strong></span> <span class='ocrx_word' id='word_1_251' title='bbox 1135 3518 1247 3566; x_wconf 90' lang='lat' dir='ltr'><strong>eorum</strong></span> <span class='ocrx_word' id='word_1_252' title='bbox 1270 3501 1399 3580; x_wconf 87' lang='lat' dir='ltr'><strong>adeptu,</strong></span> 
     </span>
     <span class='ocr_line' id='line_1_32' title="bbox 311 3599 1398 3684; baseline 0 -20"><span class='ocrx_word' id='word_1_253' title='bbox 311 3602 408 3684; x_wconf 88' lang='lat' dir='ltr'><strong>ijdcm</strong></span> <span class='ocrx_word' id='word_1_254' title='bbox 424 3609 457 3665; x_wconf 88' lang='lat' dir='ltr'><strong>vt</strong></span> <span class='ocrx_word' id='word_1_255' title='bbox 478 3601 577 3666; x_wconf 87' lang='lat' dir='ltr'><strong>ceteri</strong></span> <span class='ocrx_word' id='word_1_256' title='bbox 594 3599 741 3665; x_wconf 89' lang='lat' dir='ltr'><strong>canonici</strong></span> <span class='ocrx_word' id='word_1_257' title='bbox 760 3601 792 3663; x_wconf 93' lang='lat' dir='ltr'><strong>in</strong></span> <span class='ocrx_word' id='word_1_258' title='bbox 811 3599 941 3682; x_wconf 89' lang='lat' dir='ltr'><strong>prelatis</strong></span> <span class='ocrx_word' id='word_1_259' title='bbox 956 3599 1106 3680; x_wconf 75' lang='lat' dir='ltr'><strong>eeclesiis</strong></span> <span class='ocrx_word' id='word_1_260' title='bbox 1129 3599 1315 3679; x_wconf 87' lang='lat' dir='ltr'><strong>prebendati</strong></span> <span class='ocrx_word' id='word_1_261' title='bbox 1340 3615 1398 3679; x_wconf 92' lang='lat' dir='ltr'><strong>pru</strong></span> 
     </span>
     <span class='ocr_line' id='line_1_33' title="bbox 310 3699 1399 3780; baseline -0.004 -14"><span class='ocrx_word' id='word_1_262' title='bbox 310 3700 427 3766; x_wconf 90' lang='lat' dir='ltr'><strong>talibus</strong></span> <span class='ocrx_word' id='word_1_263' title='bbox 449 3709 480 3764; x_wconf 91' lang='lat' dir='ltr'><strong>et</strong></span> <span class='ocrx_word' id='word_1_264' title='bbox 505 3707 538 3763; x_wconf 94' lang='lat' dir='ltr'><strong>ut</strong></span> <span class='ocrx_word' id='word_1_265' title='bbox 554 3699 634 3765; x_wconf 90' lang='lat' dir='ltr'><strong>tales</strong></span> <span class='ocrx_word' id='word_1_266' title='bbox 650 3707 727 3764; x_wconf 91' lang='lat' dir='ltr'><strong>sunt</strong></span> <span class='ocrx_word' id='word_1_267' title='bbox 748 3707 781 3764; x_wconf 89' lang='lat' dir='ltr'><strong>et</strong></span> <span class='ocrx_word' id='word_1_268' title='bbox 802 3707 897 3764; x_wconf 88' lang='lat' dir='ltr'><strong>erunt</strong></span> <span class='ocrx_word' id='word_1_269' title='bbox 920 3701 1101 3780; x_wconf 87' lang='lat' dir='ltr'><strong>reputandi,</strong></span> <span class='ocrx_word' id='word_1_270' title='bbox 1119 3711 1150 3764; x_wconf 86' lang='lat' dir='ltr'><strong>et</strong></span> <span class='ocrx_word' id='word_1_271' title='bbox 1172 3701 1247 3763; x_wconf 93' lang='lat' dir='ltr'><strong>dum</strong></span> <span class='ocrx_word' id='word_1_272' title='bbox 1271 3707 1399 3778; x_wconf 91' lang='lat' dir='ltr'><strong>tempus</strong></span> 
     </span>
     <span class='ocr_line' id='line_1_34' title="bbox 310 3797 1398 3880; baseline -0.004 -18"><span class='ocrx_word' id='word_1_273' title='bbox 310 3801 432 3863; x_wconf 78' lang='lat' dir='ltr'><strong>fructus</strong></span> <span class='ocrx_word' id='word_1_274' title='bbox 472 3797 647 3878; x_wconf 89' lang='lat' dir='ltr'><strong>recipiendi</strong></span> <span class='ocrx_word' id='word_1_275' title='bbox 687 3797 866 3873; x_wconf 85' lang='lat' dir='ltr'><strong>adceperit,</strong></span> <span class='ocrx_word' id='word_1_276' title='bbox 905 3798 1031 3863; x_wconf 90' lang='lat' dir='ltr'><strong>lructus</strong></span> <span class='ocrx_word' id='word_1_277' title='bbox 1068 3814 1203 3880; x_wconf 86' lang='lat' dir='ltr'><strong>grossos</strong></span> <span class='ocrx_word' id='word_1_278' title='bbox 1239 3797 1398 3862; x_wconf 90' lang='lat' dir='ltr'><strong>dictarum</strong></span> 
     </span>
     <span class='ocr_line' id='line_1_35' title="bbox 309 3894 1398 3977; baseline -0.004 -16"><span class='ocrx_word' id='word_1_279' title='bbox 309 3911 440 3962; x_wconf 91' lang='lat' dir='ltr'><strong>suarum</strong></span> <span class='ocrx_word' id='word_1_280' title='bbox 476 3895 711 3976; x_wconf 87' lang='lat' dir='ltr'><strong>prebendarum</strong></span> <span class='ocrx_word' id='word_1_281' title='bbox 748 3895 872 3977; x_wconf 80' lang='lat' dir='ltr'><strong>integre</strong></span> <span class='ocrx_word' id='word_1_282' title='bbox 910 3896 1076 3977; x_wconf 86' lang='lat' dir='ltr'><strong>percipere</strong></span> <span class='ocrx_word' id='word_1_283' title='bbox 1113 3896 1277 3960; x_wconf 86' lang='lat' dir='ltr'><strong>babebuut</strong></span> <span class='ocrx_word' id='word_1_284' title='bbox 1310 3894 1398 3975; x_wconf 85' lang='lat' dir='ltr'><strong>juxta</strong></span> 
     </span>
     <span class='ocr_line' id='line_1_36' title="bbox 309 3991 1400 4075; baseline -0.005 -15"><span class='ocrx_word' id='word_1_285' title='bbox 309 4005 453 4060; x_wconf 88' lang='lat' dir='ltr'><strong>tenorem</strong></span> <span class='ocrx_word' id='word_1_286' title='bbox 471 3993 712 4075; x_wconf 88' lang='lat' dir='ltr'><strong>priuilegiorum</strong></span> <span class='ocrx_word' id='word_1_287' title='bbox 728 3995 979 4074; x_wconf 87' lang='lat' dir='ltr'><strong>apostolicorum</strong></span> <span class='ocrx_word' id='word_1_288' title='bbox 996 3995 1269 4074; x_wconf 84' lang='lat' dir='ltr'><strong>productoribus,</strong></span> <span class='ocrx_word' id='word_1_289' title='bbox 1286 3991 1400 4073; x_wconf 83' lang='lat' dir='ltr'><strong>magis·</strong></span> 
     </span>
     <span class='ocr_line' id='line_1_37' title="bbox 310 4092 1396 4178; baseline -0.005 -19"><span class='ocrx_word' id='word_1_290' title='bbox 310 4095 369 4159; x_wconf 90' lang='lat' dir='ltr'><strong>tris</strong></span> <span class='ocrx_word' id='word_1_291' title='bbox 385 4103 417 4158; x_wconf 91' lang='lat' dir='ltr'><strong>et</strong></span> <span class='ocrx_word' id='word_1_292' title='bbox 431 4093 502 4178; x_wconf 88' lang='lat' dir='ltr'><strong>alijs</strong></span> <span class='ocrx_word' id='word_1_293' title='bbox 525 4093 556 4156; x_wconf 93' lang='lat' dir='ltr'><strong>in</strong></span> <span class='ocrx_word' id='word_1_294' title='bbox 573 4094 657 4157; x_wconf 90' lang='lat' dir='ltr'><strong>dicta</strong></span> <span class='ocrx_word' id='word_1_295' title='bbox 673 4092 882 4157; x_wconf 85' lang='lat' dir='ltr'><strong>rniuersitatu</strong></span> <span class='ocrx_word' id='word_1_296' title='bbox 899 4094 1101 4158; x_wconf 88' lang='lat' dir='ltr'><strong>studentibus</strong></span> <span class='ocrx_word' id='word_1_297' title='bbox 1116 4093 1323 4158; x_wconf 85' lang='lat' dir='ltr'><strong>obtenturum</strong></span> <span class='ocrx_word' id='word_1_298' title='bbox 1340 4107 1396 4154; x_wconf 86' lang='lat' dir='ltr'><strong>scu</strong></span> 
     </span>
    </p>
   </div>
   <div class='ocr_carea' id='block_1_3' title="bbox 310 4187 1397 4274">
    <p class='ocr_par' dir='ltr' id='par_1_3' title="bbox 310 4187 1397 4274">
     <span class='ocr_line' id='line_1_38' title="bbox 310 4187 1397 4274; baseline -0.007 -16"><span class='ocrx_word' id='word_1_299' title='bbox 310 4193 572 4268; x_wconf 86' lang='lat' dir='ltr'><strong>obtinendorum,</strong></span> <span class='ocrx_word' id='word_1_300' title='bbox 600 4191 751 4274; x_wconf 87' lang='lat' dir='ltr'><strong>quamdiu</strong></span> <span class='ocrx_word' id='word_1_301' title='bbox 777 4199 849 4256; x_wconf 88' lang='lat' dir='ltr'><strong>actu</strong></span> <span class='ocrx_word' id='word_1_302' title='bbox 876 4190 1039 4256; x_wconf 87' lang='lat' dir='ltr'><strong>ordinarie</strong></span> <span class='ocrx_word' id='word_1_303' title='bbox 1064 4199 1118 4255; x_wconf 90' lang='lat' dir='ltr'><strong>aut</strong></span> <span class='ocrx_word' id='word_1_304' title='bbox 1143 4187 1397 4256; x_wconf 87' lang='lat' dir='ltr'><strong>extraordinarie</strong></span> 
     </span>
    </p>
   </div>
   <div class='ocr_carea' id='block_1_4' title="bbox 0 0 1554 4942">
    <p class='ocr_par' dir='ltr' id='par_1_4' title="bbox 0 0 1554 4942">
     <span class='ocr_line' id='line_1_39' title="bbox 0 0 1554 4942; baseline 0 6"><span class='ocrx_word' id='word_1_305' title='bbox 0 0 1554 4942; x_wconf 95' lang='lat' dir='ltr'><strong> </strong></span> 
     </span>
    </p>
   </div>
  </div>
 </body>
</html>
