3260 4944
732 515 851 583 -3ut
877 553 916 566 —-

276 695 400 782 putabit
414 709 446 768 et
459 697 623 784 appellare
644 699 743 778 volet,
759 700 792 766 id
807 699 904 767 iaciat
925 715 1035 768 coram
1051 697 1192 767 Rectore
1206 693 1290 765 intra
1305 693 1362 766 tri-

274 801 373 868 duum
388 797 428 866 ad
445 800 586 884 quinque
609 799 760 872 nominoe
772 799 900 884 jndices
922 816 1093 867 causarum
1108 795 1360 882 appellationum

275 897 513 978 universitatis,
539 899 718 966 seeundum
745 898 875 966 modum
898 897 1009 982 ajuro
1031 897 1283 981 praescriptum
1306 895 1360 963 cui

275 997 405 1082 uiridem
427 997 601 1081 appellanti
628 1006 660 1065 et
685 998 725 1064 tie
751 997 908 1080 apostolis
934 995 996 1066 sibi
1023 993 1213 1092 responderi
1240 993 1360 1079 petenti

276 1097 395 1165 Raptor
409 1097 463 1164 det
478 1097 656 1182 apostotos,
675 1105 708 1165 ut
720 1096 804 1180 juris
819 1097 892 1164 erit.

315 1329 374 1395 Les
395 1331 463 1413 einp
473 1331 564 1411 jopen
586 1328 704 1413 tappet
719 1349 759 1395 ou
782 1329 924 1413 quinqua
943 1327 1070 1412 judices
1092 1324 1357 1410 appellationum.

273 1429 456 1495 Αε-εεεεεε
472 1429 513 1493 du
530 1429 666 1496 tribunal
686 1429 928 1506 rectoraticum
943 1445 1026 1495 nous
1041 1443 1165 1494 venons
1183 1426 1224 1492 de
1239 1425 1358 1509 parler,

274 1527 351 1594 etait
371 1527 487 1594 etablie
510 1544 573 1594 une
595 1545 675 1594 cour
697 1527 834 1610 d'appel.
852 1527 1026 1608 compesce
1049 1526 1090 1593 de
1105 1526 1181 1605 cinq
1198 1523 1359 1592 membres

273 1627 352 1693 dont
366 1627 511 1693 chanune
523 1627 581 1694 des
597 1627 669 1710 cinq
688 1629 821 1694 lacones
838 1645 877 1694 en
894 1625 1054 1710 designait
1067 1643 1109 1692 un
1125 1625 1155 1692 le
1167 1624 1243 1707 jour
1255 1623 1359 1691 meme

273 1725 314 1792 de
336 1725 494 1792 l'election
516 1727 559 1794 du
586 1743 731 1794 nnuueau
754 1727 904 1794 Recteur.
931 1725 974 1793 Ge
997 1725 1136 1792 tribunal
1166 1723 1305 1791 recevait
1327 1731 1360 1790 et

273 1823 445 1892 examinait
459 1825 510 1892 les
526 1841 661 1893 reconna
677 1833 790 1894 contre
805 1827 854 1894 les
869 1825 1037 1894 decisione
1053 1822 1241 1892 rectorales.

314 1973 486 2042 «Tertium
502 1973 693 2046 Academiae
713 1975 852 2043 tribunal
868 1986 919 2044 est
935 1975 1077 2042 iudicum
1092 1971 1356 2058 appellationum.

271 2071 324 2140 Sic
349 2073 427 2141 dicti
453 2073 499 2140 illi
524 2084 612 2152 sunt,
637 2075 721 2158 quod
744 2075 784 2141 ad
807 2093 865 2144 εοε
891 2093 909 2142 ε
931 2073 1081 2142 lienteria
1102 2071 1261 2140 εεειεειὶε
1284 2088 1359 2156 pro·

271 2174 400 2242 vocatio
422 2173 635 2250 concertatum
663 2184 759 2258 atque
781 2175 802 2240 ii
824 2192 883 2258 pro
906 2189 1041 2241 numeru
1068 2173 1256 2242 facultatum
1282 2177 1359 2237 sunt

270 2271 423 2356 quinque.
442 2273 610 2356 Eliguntur
625 2273 767 2340 comitiis
784 2271 1009 2351 nemoralibus,
1026 2289 1084 2340 seu
1100 2271 1359 2355 quotiescunque

273 2370 392 2438 nector
414 2371 449 2438 lit
465 2387 578 2448 novus,
595 2381 627 2440 et
647 2391 687 2439 ex
711 2373 849 2457 singulis
872 2373 1078 2440 facultatibus
1096 2388 1191 2438 unus.
1208 2367 1357 2437 Rectoris

269 2472 459 2536 sententiam
476 2473 538 2554 ipsi
555 2483 609 2538 aut
624 2473 826 2550 εεειιεεεεει,
841 2482 895 2538 εει
910 2473 1094 2555 corrigunt:
1111 2471 1151 2536 ab
1167 2469 1208 2534 iis
1223 2485 1301 2535 vero
1317 2467 1354 2532 ad

268 2572 485 2654 apostolicam
502 2571 600 2636 etiam
616 2571 744 2649 sedern,
759 2583 812 2638 ant
827 2572 1024 2655 pontificium
1039 2572 1071 2636 in
1083 2569 1194 2652 Belgio
1209 2567 1355 2634 nuntium

268 2673 315 2736 vet
334 2671 486 2753 legatum,
504 2673 699 2751 provocandi
717 2672 845 2740 ineest.
864 2673 950 2739 luter
966 2689 1024 2739 eos
1040 2681 1222 2738 ceterorum
1239 2667 1356 2734 sullra·

265 2769 327 2852 giis
350 2787 441 2835 unus
467 2770 607 2852 eligitur,
633 2782 728 2854 atque
755 2773 783 2836 is
809 2771 1028 2853 iurisperitus,
1055 2786 1164 2836 coram
1191 2785 1255 2852 quo
1282 2768 1355 2834 lites

265 2885 378 2934 ornnes
397 2877 535 2950 aguntur
555 2869 840 2952 instruunturque;
866 2871 898 2936 in
920 2871 1048 2954 qulbus,
1068 2869 1096 2936 si
1119 2869 1196 2952 quid
1220 2868 1353 2944 interea.

266 2967 304 3031 ad
329 2968 379 3032 ius
403 2967 668 3048 promovendum,
693 2970 933 3036 decernendum
957 2970 1010 3049 sit,
1036 2969 1106 3051 ipse
1127 2967 1274 3044 or·dinat;
1300 2965 1353 3032 ulti

266 3065 454 3131 definitione
476 3082 558 3146 opus
581 3077 642 3142 est,
662 3067 805 3150 collegas
828 3077 995 3143 convocat,
1017 3085 1055 3134 ex
1077 3055 1255 3149 eorumque
1279 3083 1353 3132 sen·

267 3165 363 3230 tentia
380 3164 617 3246 pronuntiatur.
635 3167 820 3233 Conventus
842 3169 894 3233 hic
910 3170 994 3250 apud
1011 3167 1198 3249 theologum
1214 3165 1352 3231 iudicem

265 3265 422 3347 litisque
444 3281 483 3330 ex
505 3267 636 3332 scedula
660 3268 852 3332 seutentiam
869 3269 995 3333 recitat.
1019 3265 1285 3348 Antiquissimum
1303 3273 1353 3330 εει

264 3363 326 3429 lroc
348 3363 500 3440 tribunal,
521 3375 554 3432 et
575 3365 615 3430 ab
637 3365 718 3446 ipsis
741 3366 912 3455 Academip
936 3366 1047 3443 initiis,
1065 3366 1093 3431 si
1117 3363 1288 3430 annalibus
1310 3362 1352 3428 sit

263 3461 356 3536 tides,
386 3479 467 3528 usus
499 3462 627 3530 duobus
660 3464 723 3528 iarn
756 3465 896 3530 saeculis
929 3465 1142 3532 confirmavit.
1178 3461 1275 3544 Origo
1308 3460 1349 3526 ab

264 3561 433 3651 Academip
463 3572 622 3645 potestate
651 3573 713 3629 est.
742 3563 807 3653 lieu
835 3565 920 3630 enim
950 3562 1219 3644 quemadmodum
1248 3560 1351 3628 voluit

265 3677 364 3742 penes
389 3661 555 3728 Rectorem
581 3663 816 3729 iurisdictionis
839 3665 1026 3730 exercitium
1049 3680 1135 3736 esse,
1160 3662 1203 3727 ita
1224 3660 1349 3727 iudices

264 3759 324 3825 hus
339 3759 589 3840 appellationum
613 3763 792 3839 constituit,
809 3771 843 3828 ut
859 3762 1086 3844 pronunciatus
1101 3762 1141 3827 ab
1156 3776 1196 3827 eo
1218 3768 1349 3827 senten·

262 3857 322 3924 tias
344 3858 574 3935 examinarent,
598 3869 629 3924 et
651 3869 706 3926 aut
731 3861 955 3928 confirmando
978 3861 1077 3926 robur
1102 3859 1269 3934 adderent.
1293 3867 1348 3923 aut

261 3957 453 4038 corrigendo
476 3958 539 4023 vim
565 3960 786 4034 detraherent;
811 3961 859 4026 sic
886 3971 919 4026 ut
942 3978 959 4026 a
985 3960 1135 4027 Rectoris
1161 3958 1281 4024 iudicio
1305 3957 1345 4022 ad

261 4057 364 4136 ipsam
386 4055 624 4138 quodammodo
646 4059 851 4124 Academiam
875 4059 1061 4140 provocatio
1088 4058 1142 4134 sit,
1166 4073 1262 4140 quam
1284 4056 1344 4132 illi,

261 4153 316 4235 qui
349 4153 389 4220 ab
423 4154 491 4236 ipsa
528 4156 652 4222 iudices
691 4159 908 4237 nominantur,
939 4165 1193 4241 repraesentant.
1224 4155 1344 4246 llorutn

262 4251 414 4332 iudicum,
432 4254 486 4343 qui
503 4255 677 4342 iurisperiti
698 4273 761 4327 non
778 4266 866 4336 sunt,
882 4273 1071 4346 assessores
1093 4255 1343 4332 iurisconsultus
