3240 4946
752 463 873 528 -556
898 498 937 512 -

302 643 445 724 gregatio
467 642 685 709 uniuersitatis
710 645 793 725 apud
817 638 1073 724 nugusttnanses
1096 643 1182 726 inter
1210 659 1324 708 nonam
1352 647 1384 707 et

302 739 458 806 decimam
475 741 572 808 horas
587 752 660 808 ante
677 744 842 809 meridiem
859 760 957 825 super
972 743 1035 824 tuiis
1050 743 1196 807 articults

347 840 502 906 ul‘rimus
524 850 573 907 est
591 842 629 906 ad
655 840 888 922 prouidendum
912 844 952 908 de
974 841 1074 908 offitio
1098 841 1274 908 notariatus
1296 840 1384 905 curie

304 937 424 1002 domini
441 943 682 1006 conseruatoris
698 951 829 1007 vacante
848 959 904 1023 per
918 942 1039 1008 obitum
1055 941 1215 1022 quondam
1239 938 1384 1022 magistri

302 1037 459 1104 iohannis
475 1039 515 1105 de
531 1039 707 1106 Winckele.

347 1237 532 1314 «Quantum
548 1239 586 1303 ad
605 1240 740 1319 primurn
764 1239 933 1306 articulum
950 1240 1091 1306 narrauit
1112 1238 1264 1306 dominus
1280 1245 1386 1303 rector

304 1337 440 1418 qualiter
465 1339 563 1404 certis
589 1338 703 1405 diebus
732 1340 857 1406 ellluxis
882 1341 1011 1406 deuenit
1040 1339 1078 1404 ad
1106 1338 1257 1404 noticiam
1279 1337 1384 1419 ipsius

304 1435 440 1518 qualiter
461 1437 613 1519 magister
626 1439 789 1504 lohannes
813 1440 853 1504 de
869 1438 1033 1503 Wioolrele
1054 1437 1230 1519 resignauit
1251 1435 1384 1522 offitium

304 1552 399 1600 suum
417 1537 592 1601 notariatus
607 1537 645 1601 ad
664 1555 776 1603 manus
792 1537 912 1602 domini
928 1537 1180 1610 conseruatoris.
1199 1535 1250 1618 quj
1264 1535 1385 1617 ididem

306 1633 439 1699 contulit
454 1634 589 1716 lohannj
606 1636 645 1701 de
657 1635 752 1701 litera.
768 1637 856 1712 Quod
871 1637 1005 1718 audiens
1018 1635 1091 1718 jpse
1103 1635 1253 1700 dominus
1266 1643 1384 1708 rector,

307 1732 381 1798 lecit
403 1733 552 1799 hesterna
578 1734 631 1800 die
653 1734 721 1818 lierj
749 1753 841 1800 unam
869 1735 1067 1817 solempnem
1093 1733 1330 1815 deputationem
1351 1731 1384 1813 jn

306 1832 377 1897 loco
395 1832 560 1914 capitulari
584 1834 722 1900 ecclesie
740 1833 907 1917 collegiata
929 1834 1031 1916 sanctj
1056 1834 1140 1916 Pelrj
1165 1832 1385 1898 Louaniensis.

305 1935 344 1994 ln
360 1947 421 2012 qua
438 1932 603 2013 proposuit
617 1932 689 2014 ipse
703 1933 854 1999 dominus
871 1943 977 2000 rector
992 1933 1129 2016 qualiter
1143 1931 1293 1996 dominus
1308 1947 1386 1995 con·

307 2037 456 2096 seruator
467 2029 683 2112 insequendo,
700 2043 732 2098 vt
752 2033 880 2107 asserit,
895 2033 948 2115 ios
965 2048 1097 2098 suorum
1119 2031 1386 2126 predecessorum

308 2129 355 2194 eis
382 2141 570 2210 competens
600 2132 638 2195 ad
666 2131 897 2213 prouidendum
925 2133 965 2198 de
994 2131 1094 2197 offitio
1125 2130 1302 2196 notariatus
1331 2144 1389 2192 sue

308 2227 407 2303 curie,
425 2229 510 2310 quod
533 2229 694 2311 quondam
718 2231 869 2313 magister
891 2232 1054 2296 lohannes
1077 2231 1116 2295 de
1132 2227 1297 2294 Winclrele
1312 2228 1388 2292 dum

309 2326 385 2407 vixit
414 2327 524 2391 habuit
560 2329 642 2393 iacta
679 2330 896 2411 resignatione
934 2347 989 2411 per
1020 2329 1167 2394 eumdem
1203 2326 1389 2408 magistrum

308 2425 485 2491 iohannem
501 2429 541 2492 de
555 2427 730 2506 Winclrele‚
745 2431 785 2494 de
801 2430 914 2495 eodem
929 2427 1064 2508 lotrannj
1082 2428 1122 2492 de
1138 2425 1221 2490 llera
1238 2423 1388 2507 prouidit,

309 2541 403 2606 quam
435 2527 652 2605 precisionem
684 2529 772 2610 petiit
798 2530 885 2610 jdem
915 2529 1065 2593 dominus
1092 2534 1304 2591 conseruator
1330 2522 1391 2604 sibj

310 2623 424 2704 dimitti
438 2624 567 2690 attentis
580 2625 716 2708 singulis
728 2629 868 2708 antiquis
881 2626 1145 2693 conclusionibus
1155 2623 1391 2696 uniuersitatis,

312 2739 373 2802 que
393 2721 513 2802 jbidem
538 2724 619 2790 lecte
642 2727 835 2800 sustiterunt,¹
850 2725 1121 2790 concernentibus
1145 2722 1279 2789 offitium
1303 2729 1391 2785 nota·

313 2819 414 2886 riatus
437 2823 520 2902 quod
546 2823 632 2904 idem
660 2825 810 2906 magister
835 2825 998 2890 iohannes
1025 2824 1066 2889 de
1092 2821 1258 2886 Winekele
1284 2820 1394 2884 hahuit

318 2928 349 2984 et
365 2920 517 3000 possedit,
536 2939 599 3004 qun
614 2939 690 2988 casu
713 2934 883 2990 contentus
906 2931 993 2989 esset
1014 2922 1164 2987 dominus
1186 2927 1397 2986 conseruator

315 3019 554 3097 communicare
579 3037 694 3086 causas
720 3023 915 3103 apostolicas
941 3020 1090 3086 omnibus
1117 3019 1221 3083 tribus
1249 3015 1393 3096 notarijs.

314 3117 368 3182 Sin
385 3127 489 3184 autem
502 3119 641 3200 intendit
658 3121 828 3202 prouidere
850 3122 890 3185 de
905 3129 1019 3202 quarto
1036 3119 1161 3184 notario
1183 3117 1233 3198 cuj
1251 3116 1396 3196 singutas

314 3235 429 3284 causas
456 3219 650 3299 apostolicas
675 3236 782 3284 oorarn
810 3237 849 3285 eo
877 3236 1024 3300 pronunc
1046 3228 1075 3283 et
1096 3217 1131 3298 jn
1156 3217 1295 3282 tuturum
1319 3229 1397 3294 pen·

316 3317 429 3383 dentes
445 3317 577 3383 dabitat
593 3318 739 3394 dimittet,
758 3319 842 3401 quod
860 3319 989 3384 cederet
1008 3317 1043 3400 in
1067 3318 1238 3397 dampnum
1261 3313 1397 3378 aliorum

317 3419 513 3481 notariorum
532 3433 588 3498 per
604 3419 843 3498 vniuersitatem
863 3417 1098 3498 jnstitutorum,
1116 3430 1233 3496 rogans
1249 3411 1399 3478 dominos

317 3515 357 3581 de
394 3515 603 3582 uniuersitate
639 3527 672 3581 vt
707 3517 847 3598 content]
885 3526 971 3582 stare
1007 3515 1106 3580 velint
1141 3515 1182 3578 de
1211 3511 1282 3593 jure
1311 3509 1397 3592 quod

318 3613 499 3680 hebetarunt
515 3623 546 3679 et
561 3614 677 3680 haberit
694 3615 798 3697 quoad
814 3617 896 3679 duos
913 3613 1055 3678 notarios
1075 3628 1132 3693 per
1154 3627 1211 3676 eos
1232 3609 1399 3690 institutos

317 3721 347 3776 el
364 3721 434 3794 post
450 3729 508 3777 eos
520 3712 751 3794 instituendos,
768 3723 799 3777 et
814 3713 898 3794 quod
921 3713 992 3794 jpse
1015 3711 1165 3776 dominus
1187 3715 1400 3774 conseruator

313 3809 483 3892 instituere
512 3821 621 3893 posset
652 3813 780 3877 tertium
810 3813 914 3894 quoad
946 3810 1123 3891 predictum
1153 3807 1330 3874 iohannem
1360 3804 1400 3870 de

314 3909 397 3974 llere
432 3919 464 3974 et
501 3910 570 3974 eius
608 3926 830 3975 successores.
855 3910 892 3972 ln
930 3925 991 3991 qua
1029 3907 1157 3989 quidem
1195 3903 1403 3987 deputatione

317 4007 505 4072 conclusum
523 4009 580 4072 luit
595 4009 785 4072 unanimiter
802 4026 859 4088 pro
876 4009 960 4072 bono
978 4007 1064 4088 pacis
1081 4017 1112 4070 et
1127 4003 1301 4069 concordie
1313 4003 1399 4084 quod

320 4107 380 4170 lroo
410 4105 501 4172 ieret
528 4108 695 4188 premissis
721 4109 824 4188 quoad
852 4123 966 4170 causas
992 4105 1186 4187 apostolicas
1212 4103 1402 4168 diuidendas

320 4205 391 4286 alijs
408 4206 540 4288 notarijs
556 4207 668 4272 saluis.
688 4207 814 4273 Peneus
830 4213 1000 4287 eapropter
1012 4203 1098 4286 jdem
1121 4203 1271 4268 dominus
1293 4209 1402 4266 rector
