3240 4946
709 473 895 542 ..505-

299 654 457 730 Quantum
480 657 518 721 ad
545 657 681 737 primum
705 658 876 723 articulum
901 653 1042 722 narrauit
1065 652 1214 718 dominus
1236 659 1343 718 rector

257 753 393 834 qualiter
427 756 571 821 nonnulli
602 757 722 823 domini
754 756 894 838 deputati
926 753 1144 820 uniuersitatis
1174 752 1344 818 visitarunt

256 853 404 934 antiquas
421 855 665 920 reformationes
682 857 912 931 uniuersitatis,
931 856 969 918 ad
986 871 1066 935 quas
1083 852 1234 916 nonnulla
1258 852 1340 915 fece·

257 959 331 1016 runt
359 952 586 1030 additamenta,
615 965 710 1037 prout
739 956 850 1022 eedem
878 954 1121 1021 reformationes
1147 968 1219 1016 cum
1246 950 1340 1015 dictis

256 1050 481 1118 additamentis
508 1051 627 1132 ibidem
658 1054 696 1118 ad
728 1055 856 1136 longum
887 1054 969 1118 lecte
1001 1052 1186 1118 extiterunt.
1218 1049 1340 1124 Quibus

256 1149 349 1214 lectis
372 1151 478 1231 posuit
497 1151 583 1233 jdem
607 1153 757 1218 dominus
780 1163 887 1219 rector
900 1153 935 1234 jn
952 1151 1181 1217 deliberatione
1197 1149 1339 1213 domino·

256 1265 325 1312 rum
341 1264 380 1312 an
398 1248 579 1314 huiusmodi
599 1252 843 1316 reformationes
861 1252 1006 1330 placeant
1021 1266 1093 1314 cum
1114 1247 1339 1312 additamentis

254 1347 397 1414 eiusdem
424 1348 504 1430 (ric).
528 1353 631 1430 Super
656 1368 720 1432 quo
747 1351 942 1416 t‘niuersitus
970 1349 1154 1414 deliberans
1180 1346 1340 1411 conclusit

254 1449 401 1528 antiquas
413 1449 659 1514 reformationes
672 1452 818 1531 placere;
833 1457 863 1514 et
876 1450 958 1526 cuod
975 1449 1012 1512 ad
1026 1447 1239 1512 additamenta
1253 1445 1336 1526 quod

254 1545 347 1626 copie
366 1548 540 1612 eorundem
564 1549 701 1629 singulis
725 1549 928 1614 facultatibus
948 1549 1063 1612 dentur
1085 1545 1123 1610 ad
1147 1545 1338 1610 visitandum

255 1653 287 1708 et
325 1644 568 1722 masticandum,
606 1648 756 1729 quodque
796 1649 946 1714 dominus
981 1654 1191 1710 conseruator
1227 1645 1338 1708 cadem

255 1743 424 1819 examinet,
449 1754 481 1809 et
505 1747 590 1827 quod
616 1763 688 1811 cum
715 1763 753 1812 eo
780 1747 921 1827 desuper
942 1745 1136 1816 conferatur,
1158 1743 1339 1826 singulique

251 1840 412 1922 interesse
427 1843 583 1910 babentes
598 1853 764 1912 nocentum

651 1954 721 2008 Actu
740 1954 940 2018 Universt'talis,
956 1952 990 2016 V,
1006 1953 1054 2008 fol.
1070 1952 1137 2021 cclrj
1153 1961 1190 2008 νο.

296 2091 442 2218 ilsduricr
459 2139 549 2204 llll.
567 2139 717 2206 Rectoral
733 2140 863 2206 delean
881 2140 920 2205 de
938 2139 1066 2204 Paludc.

299 2337 354 2402 Die
381 2337 509 2402 veneris
536 2337 567 2400 3·
587 2340 708 2404 mensis
736 2340 885 2419 februarii
906 2338 1026 2420 jndicta
1051 2337 1109 2401 fuit
1130 2337 1336 2417 congregatio

254 2434 473 2500 uniuersitatis
498 2437 581 2516 apud
604 2437 859 2519 augustinenses
878 2438 965 2520 juter
988 2453 1101 2500 nonam
1126 2443 1156 2500 et
1182 2435 1335 2499 decimam

254 2533 350 2600 boras
366 2545 440 2601 ante
457 2536 622 2602 meridiem
640 2554 738 2618 super
754 2538 816 2616 lrijs
834 2537 989 2602 articulis.
1085 2562 1090 2571 ,

177 2709 182 2727 ‚
295 2633 432 2710 Primus,
463 2635 501 2700 ad
539 2637 733 2701 audiendum
770 2638 875 2718 aliqua
912 2635 1045 2718 proponj
1085 2652 1140 2715 per
1172 2633 1336 2699 dominum

254 2742 412 2796 rectorem
428 2735 655 2800 concernentia
673 2736 835 2800 materiam
852 2733 1078 2800 officiariorum
1096 2742 1159 2796 tam
1179 2731 1336 2796 vnincrsi·

254 2830 326 2893 tatis
340 2848 434 2910 quam
447 2833 536 2898 curie
548 2834 668 2898 domini
684 2835 819 2900 rectoris
834 2844 864 2899 et
877 2834 915 2898 ad
929 2832 1170 2907 deliberandum
1183 2832 1336 2912 desuper.

295 3026 450 3098 Quantum
475 3029 512 3092 ad
538 3032 674 3110 primum
698 3033 867 3097 articulum
894 3031 1034 3096 rtarrauit
1055 3030 1205 3094 dominus
1229 3037 1335 3092 rector

252 3126 389 3206 qualiter
412 3127 562 3192 dominus
578 3141 790 3196 conseruntur
806 3147 864 3212 pro
881 3147 1038 3210 responso
1054 3127 1141 3192 dedit
1154 3128 1187 3208 jn
1204 3127 1334 3207 scriptis

250 3224 410 3303 deputatis
448 3226 665 3292 uniuersitatis
703 3229 786 3310 quod
825 3229 884 3309 sibj
925 3227 1049 3293 videtur
1084 3227 1257 3306 expediens
1293 3225 1331 3290 ad

250 3323 410 3388 vitandum
438 3323 571 3405 jnutiles
601 3327 755 3392 terminos
786 3338 816 3392 et
847 3343 1006 3406 expensas
1036 3325 1119 3406 quod
1152 3333 1334 3388 taxarentur

250 3439 389 3502 expense
405 3439 461 3504 per
474 3423 644 3504 instantias
661 3427 753 3490 etsie
769 3443 867 3492 cause
883 3426 947 3490 cito
965 3425 1222 3497 terminarentur,
1240 3430 1270 3486 et
1293 3423 1330 3486 ad

248 3520 429 3586 babendum
446 3523 585 3603 desuper
601 3525 729 3588 modum
746 3525 1015 3590 demandarentur
1027 3525 1177 3588 dominus
1189 3522 1331 3586 ludocus

247 3619 287 3684 de
323 3621 403 3686 Luto
432 3631 463 3686 et
492 3621 691 3702 Gbysbertus
722 3625 762 3688 de
794 3623 984 3689 llollandere
1014 3623 1246 3704 quamprimum
1277 3619 1329 3702 qni

249 3719 377 3784 modum
395 3720 531 3784 eundem
554 3722 753 3804 uniuersitatj
779 3723 903 3788 darent.
922 3723 1049 3787 Ponens
1068 3721 1102 3801 ju
1127 3720 1329 3784 deliberatio·

249 3816 342 3880 nibus
358 3818 562 3884 dominorum
579 3837 619 3884 an
637 3823 792 3900 premissa
806 3819 950 3902 placeant
962 3832 992 3886 et
1004 3821 1088 3902 cuod
1104 3818 1330 3883 nichilominus

243 3914 373 3995 interim
410 3915 443 3998 jn
481 3917 619 3999 singulis
655 3921 763 3984 causis
799 3937 907 3986 coram
941 3920 1072 3984 domino
1102 3926 1331 3982 conseruatore

246 4015 486 4094 procederetur,
506 4025 539 4080 et
553 4017 591 4080 ad
605 4016 697 4098 jllum
716 4017 810 4083 linem
827 4035 863 4082 ac
882 4018 1049 4098 premissis
1065 4017 1165 4080 saluis
1186 4014 1328 4096 officiarii

243 4113 522 4178 continuarentur.
551 4115 654 4197 Super
680 4118 797 4198 quibus
823 4118 1016 4182 uniuersitas
1043 4115 1224 4180 deliberans
1250 4131 1327 4178 con·

244 4211 341 4276 clusit
364 4213 541 4292 predictum
565 4215 693 4280 modum
717 4216 854 4296 plaeere,
878 4215 958 4282 etsi
982 4231 1063 4296 opus
1085 4215 1128 4280 sit
1149 4213 1232 4296 quod
1256 4230 1326 4294 pre·

246 4311 398 4394 uominatj
425 4323 599 4392 vocentur;
627 4325 659 4382 ct
685 4333 743 4398 pro
769 4315 915 4398 celeriorj
944 4314 1078 4396 partium
1104 4323 1134 4380 et
1156 4329 1325 4378 causarum
