3246 4944
740 461 778 472 -
801 411 923 491 698-

287 595 382 686 buJos
403 605 561 673 facultatis
581 606 729 687 collegio,
747 615 779 672 et
795 611 965 688 praeerunt
980 602 1115 670 examini
1133 611 1163 670 et
1180 601 1368 669 admissioni

286 705 588 784 promovendorum,
606 713 639 771 et
661 706 691 769 in
712 705 839 788 juribus
861 705 1012 770 omnibus
1038 702 1213 786 aequaliter
1240 703 1368 784 partici-

285 805 416 886 pabunl,
444 806 533 870 salvo
562 822 690 887 semper
718 805 836 870 salario
870 804 1026 886 praesidis
1056 813 1087 868 et
1119 801 1234 883 prioris
1263 801 1367 866 dictae

284 904 452 981 facultatis,
481 905 534 987 qui
566 922 622 986 per
652 913 809 970 semestre
838 902 1049 985 permanebit,
1073 909 1105 966 et
1136 917 1192 982 per
1220 901 1365 966 ordinem

282 1020 320 1068 ex
351 1004 391 1067 iis
420 1004 643 1080 constituetur,
675 1003 728 1086 qui
758 1003 903 1070 strictum
934 1001 1053 1066 faciunt
1084 999 1178 1081 bujus
1207 999 1366 1065 facultatis

282 1102 466 1184 collegium.

756 1250 890 1314 cxviii:

322 1381 382 1445 Alii
395 1389 500 1447 autem
513 1380 543 1444 in
558 1383 617 1446 bac
634 1382 780 1447 facultate
793 1383 944 1446 doctores
963 1399 1025 1446 oon
1043 1381 1185 1462 legentes
1203 1382 1366 1446 babebuol

281 1479 403 1545 minora
432 1481 585 1562 quaedam
613 1480 684 1561 iura
715 1481 916 1562 praesentiae
947 1481 978 1543 in
1006 1479 1150 1544 examine
1180 1489 1211 1544 et
1240 1480 1365 1545 actibus

281 1580 418 1661 publicis
445 1581 581 1645 adeum
609 1580 751 1654 modum,
775 1579 827 1662 qui
855 1579 885 1641 in
917 1579 1065 1644 facultate
1093 1579 1258 1660 utriusque
1280 1579 1364 1660 juris

279 1678 482 1744 observatur.

769 1826 876 1891 Clllll.

323 1958 422 2024 Porro
438 1976 553 2024 cursus
569 1959 601 2023 in
617 1960 700 2024 diota
718 1959 866 2025 facultate
883 1976 940 2040 pro
956 1959 1175 2025 baccalaureis
1190 1959 1251 2024 erit
1269 1959 1365 2024 unius

780 2207 872 2272 CXX.

322 2337 379 2412 Qui
405 2355 467 2403 non
491 2339 583 2404 aliter
605 2340 642 2403 ad
668 2339 828 2406 licentiam
852 2338 1070 2416 admittentur,
1087 2355 1181 2421 quam
1198 2339 1225 2402 si
1250 2355 1364 2402 omnes

281 2438 459 2519 praedictas
484 2437 660 2503 medicinae
684 2447 791 2520 parles
813 2455 886 2504 sese
909 2439 1072 2503 audivisse
1099 2437 1203 2503 testati
1231 2437 1361 2510 fuerint,

239 2585 242 2593 ,
281 2543 311 2601 et
337 2543 410 2600 ante
437 2536 658 2616 repetitionem
687 2536 718 2598 in
742 2536 898 2600 medicina
921 2537 958 2599 ad
984 2537 1089 2602 minus
1113 2536 1213 2600 semel
1239 2534 1366 2616 publice

282 2634 517 2715 responderint.
544 2635 575 2698 lo
603 2634 718 2715 ouibus
748 2635 1018 2717 disputationibus
1043 2645 1075 2702 et
1104 2634 1363 2714 repetitionibus,

286 2749 326 2798 nc
348 2733 432 2796 fraus
454 2733 682 2810 committatur,
699 2733 863 2800 observari
886 2735 1034 2799 volumus
1050 2751 1097 2809 ea,
1115 2751 1196 2816 quae
1213 2733 1366 2814 superius

286 2830 319 2895 in
332 2830 602 2912 disputationibus
618 2841 650 2897 et
665 2832 908 2914 repetitionibus
921 2832 1003 2914 juris
1019 2833 1238 2898 studiosorum
1255 2831 1366 2896 stricte

285 2945 519 3011 praecepimus.

773 3064 880 3128 dxxi.

321 3195 358 3260 Et
394 3197 453 3261 bac
482 3196 699 3276 disputatione
730 3198 887 3275 absoluta,
915 3197 943 3263 si
972 3198 1025 3279 qui
1055 3197 1120 3263 sint
1148 3197 1202 3279 qul
1233 3213 1365 3276 cursum

282 3295 478 3377 praedictum
508 3295 705 3360 absolverint
734 3305 765 3361 et
801 3295 961 3361 licentiam
1000 3296 1204 3368 meditentur,
1237 3295 1366 3360 notabili

284 3402 428 3474 tempure
444 3411 517 3459 sese
532 3402 605 3458 ante
622 3395 844 3474 repetitionem
861 3394 1009 3475 rigoroso
1025 3393 1162 3460 examini
1183 3392 1365 3474 subjiciant.

284 3490 317 3553 in
334 3508 397 3572 quo
409 3491 503 3557 dictis
521 3493 759 3573 professoribus
774 3493 909 3558 liberum
922 3492 983 3558 erit
998 3510 1053 3573 per
1066 3508 1179 3558 omnes
1192 3491 1367 3559 medicinae

285 3599 392 3669 partes
415 3589 628 3656 licentiaodos
651 3592 844 3667 examinare,
862 3600 893 3656 et
909 3608 972 3656 noo
990 3591 1083 3656 aliter
1098 3591 1171 3655 illos
1187 3591 1366 3666 admittere,

282 3688 415 3768 quamsi
429 3689 564 3755 idoneos
578 3689 1367 3772 repererint,praestitoqueoonsuetoiuramento.

765 3840 888 3903 dxxll.

323 3967 541 4050 Praecipimus
570 3988 696 4052 quoque
735 3981 768 4036 ut
807 3971 933 4037 statutis
972 3971 1060 4036 boris
1099 3971 1252 4036 lectiones
1289 3987 1366 4035 suas

282 4067 484 4146 professores
500 4071 698 4143 continuent,
718 4088 777 4136 nec
792 4087 866 4136 sese
882 4071 1060 4144 absentent,
1080 4071 1140 4134 nisi
1159 4088 1214 4152 pro
1231 4070 1364 4135 servitio

284 4173 408 4242 nostro,
425 4175 479 4230 aut
504 4168 639 4232 adversa
665 4169 860 4246 valetudine,
877 4179 930 4232 aut
956 4169 994 4232 ad
1018 4170 1180 4234 curandos
1202 4167 1365 4250 principes
