3246 4944
743 401 928 526 ..ett-

292 640 385 708 lenus
402 641 631 724 praenominati
648 642 767 708 domini
785 642 998 709 commissarii
1018 659 1066 718 ea,
1084 659 1166 725 quae
1184 643 1221 708 ad
1249 662 1378 726 promo*

291 741 408 806 tionem
438 742 511 806 boni
540 742 761 807 Universitatis
788 743 916 824 suggeri
944 750 1104 824 poterunt,
1128 742 1250 818 audire,
1273 754 1304 809 et
1327 759 1375 818 ee.

291 857 372 922 quae
392 858 449 922 per
471 841 673 924 magnificum
698 841 863 906 dominum
889 841 1069 916 Rectorem,
1084 841 1222 922 judicem
1247 842 1377 907 ordina-

290 939 372 1003 rium
386 955 402 1002 a
416 941 497 1006 Sede
508 941 696 1022 apostoliea,
712 949 745 1004 ut
762 939 986 1021 praemittitur,
1001 941 1199 1020 deputatum,
1214 940 1376 1006 emendari

291 1051 438 1119 possunt,
455 1039 558 1106 eidem
575 1039 814 1104 cdmmunicare
831 1038 1013 1120 dignentur.
1036 1061 1049 1098 v

333 1170 422 1235 ttssle
453 1171 614 1244 mercurii,
646 1182 755 1252 quarta
788 1171 908 1236 mensis
938 1169 1063 1250 augusti
1096 1169 1180 1246 [anni
1214 1169 1315 1247 idoli,
1344 1168 1374 1232 in

289 1269 494 1350 deputatione
530 1269 765 1344 Universitatis,
800 1270 967 1350 proposuit
1004 1268 1192 1350 magnificus
1224 1269 1374 1333 dominus

289 1367 406 1434 Rector
422 1369 453 1431 in
469 1369 731 1434 deliberationem
752 1385 791 1432 an
816 1368 939 1449 placeat
962 1367 1111 1432 dominos
1133 1366 1374 1432 commissarios

289 1467 319 1529 in
357 1467 540 1534 visitatione
576 1467 798 1533 Universitatis
833 1477 1009 1552 occupatos
1039 1465 1178 1531 salutare
1207 1474 1237 1530 et
1267 1465 1373 1547 aliquo

291 1581 423 1632 munere
446 1567 617 1632 honorare.
637 1567 673 1630 Et
696 1583 733 1631 ex
760 1565 962 1631 dominorum
986 1563 1274 1630 deliberationibus
1296 1581 1373 1629 con·

290 1664 384 1729 elusit
409 1663 483 1730 illos
508 1682 570 1730 non
595 1681 668 1730 esse
695 1665 800 1746 aliquo
828 1681 959 1730 munere
987 1681 1072 1728 nunc
1097 1663 1374 1741 uenerandumne

290 1763 489 1829 Universitas
505 1763 578 1829 illos
593 1764 737 1830 videatur
754 1763 834 1829 velle
852 1779 1070 1844 corrumpere.
1091 1785 1104 1822 r

333 1897 483 1961 allodem
514 1897 576 1972 die,
605 1899 635 1960 in
667 1897 915 1978 congregatione
944 1895 1178 1970 universitatis,
1206 1895 1373 1976 proposuit

289 1996 477 2076 magnificus
501 1996 650 2061 dominus
675 1997 793 2060 Rector
809 1995 839 2058 in
857 1995 1120 2060 deliberationem
1136 2009 1175 2056 an
1194 2011 1232 2058 ne
1249 1993 1373 2074 placeat

288 2094 372 2174 quod
387 2093 531 2175 singulae
544 2095 710 2160 facultates
723 2094 859 2159 seorsim
873 2093 1055 2174 concipiant
1070 2109 1106 2158 ea
1122 2109 1204 2174 quae
1220 2092 1372 2172 putabant

287 2191 426 2258 dominis
442 2193 674 2258 commissoriis
689 2192 909 2258 visitatoribus
926 2193 1143 2273 proponenda.
1159 2190 1195 2256 tn
1210 2191 1371 2256 conclusit

289 2290 415 2370 placere
431 2291 472 2355 ita
489 2293 722 2373 quamprimum
739 2291 819 2357 lieri.
841 2313 854 2351 n

332 2443 346 2481 r
366 2423 422 2487 Die
441 2421 525 2502 iovis
549 2433 637 2488 sexta
657 2424 776 2488 mensis
792 2423 983 2503 septembris
1000 2423 1085 2501 [unni
1102 2422 1202 2500 16071,
1221 2423 1252 2485 in
1269 2421 1368 2504 depu-

289 2521 408 2586 tatione
430 2521 664 2595 Universitatis,
682 2521 870 2603 magnificus
892 2522 1041 2585 dominus
1065 2521 1181 2586 ltector
1204 2521 1268 2601 [qui
1293 2529 1369 2585 tunc

286 2627 355 2683 erat
378 2619 569 2684 franciscus
594 2620 784 2698 Dralantius]
812 2620 888 2702 legit
914 2621 1123 2684 summarium
1150 2635 1260 2684 eornm
1288 2637 1369 2700 quae

286 2717 452 2782 facultates
486 2717 632 2796 singulae
669 2729 885 2798 conceperant
920 2736 975 2800 per·
1008 2720 1157 2784 dominos
1185 2718 1369 2784 visitatores

285 2815 508 2881 Universitalis
531 2816 612 2882 Suae
635 2819 822 2883 Celsitudini
850 2819 1076 2899 proponenda;
1104 2835 1204 2899 eaque
1231 2817 1260 2880 in
1287 2815 1366 2882 deli-

285 2912 481 2980 berationem
498 2916 699 2981 dominorum
717 2917 840 2997 posuit;
859 2925 888 2982 et
905 2934 942 2980 ex
958 2932 1068 2981 eornm
1082 2915 1367 2981 deliberationibus

283 3013 443 3080 conclusit
482 3015 643 3096 negotium
680 3016 833 3080 committi
871 3017 1009 3081 dominis
1046 3015 1234 3080 doctoribus
1271 3013 1365 3078 Petro

284 3112 440 3178 Gudclino
454 3122 485 3180 et
501 3115 643 3180 Gerardo
660 3115 815 3180 Corselio.
837 3138 850 3175 n

323 3327 413 3391 Voici
435 3327 463 3392 le
486 3342 565 3392 texte
587 3329 630 3393 du
654 3330 817 3394 Me'moire
839 3329 942 3412 redige
965 3350 1020 3411 par
1039 3330 1066 3392 le
1081 3329 1211 3392 docteur
1226 3347 1264 3390 en
1281 3327 1365 3390 droit

282 3427 401 3491 Gerard
425 3429 584 3492 Corselius
608 3430 625 3491 a
649 3431 677 3490 la
701 3432 782 3492 suite
804 3429 843 3512 de
858 3431 886 3492 la
907 3430 1078 3494 resolution
1094 3431 1177 3510 prise
1192 3447 1248 3510 par
1264 3427 1364 3489 l'Uni·

281 3528 392 3590 versite
407 3527 435 3590 le
450 3530 469 3592 6
485 3529 660 3608 septembre
681 3531 769 3612 1607.
790 3530 833 3590 Le
848 3541 929 3592 texte
943 3528 982 3590 de
997 3548 1030 3590 ce
1045 3531 1173 3590 curieux
1193 3527 1364 3588 document

281 3647 364 3690 nous
378 3648 396 3689 a
411 3629 459 3690 ete
482 3631 628 3690 conserve
651 3649 707 3710 par
729 3628 757 3690 le
780 3629 878 3690 Liber
899 3629 1068 3690 dictatoris
1089 3627 1127 3689 de
1150 3625 1362 3688 l'Univ'ersite.

282 3729 374 3789 Nous
399 3748 420 3809 y
449 3740 602 3790 trouvons
628 3727 671 3789 les
701 3729 807 3807 points
832 3747 887 3790 sur
911 3727 1045 3810 lesquels
1071 3725 1283 3800 l'Universite‚
1307 3725 1363 3805 qui

278 3829 363 3890 avait
378 3826 396 3888 'a
411 3846 498 3890 coeur
513 3827 542 3890 la
558 3829 777 3891 conservation
792 3827 830 3890 de
846 3847 893 3890 ses
916 3825 1080 3910 privileges
1102 3839 1131 3889 et
1154 3825 1284 3888 l'interit
1307 3823 1363 3884 des

276 3924 397 4002 &tudes
416 3929 531 4007 portait
547 3927 806 4009 principalement
822 3947 880 3990 son
896 3927 1062 3991 attention.

321 4105 536 4173 «informatio
561 4109 690 4173 nomine
712 4107 936 4172 Vniuersitatis
958 4108 1029 4170 data
1053 4105 1271 4171 visitatoribus
1288 4103 1362 4167 Vni·

279 4203 440 4268 uersitotis
477 4205 581 4270 abbati
621 4205 769 4269 Parccnsi
807 4214 838 4266 et
876 4203 1060 4268 consiliario
1099 4203 1291 4268 craesbelric
1326 4202 1358 4264 in

278 4301 451 4382 septembri
467 4320 551 4369 anno
567 4304 657 4367 1607.
