3100 4942
811 601 863 666 Vl.

294 747 340 810 Le
359 749 519 812 souverain
543 749 661 832 poniilc
684 751 810 830 dupino
831 749 887 822 tt,
909 749 932 840 d
956 747 988 814 lu
1009 749 1159 813 demnude
1181 751 1219 814 dc
1239 753 1320 816 lecu
1341 754 1382 816 de

335 847 513 928 Heinsderp,
530 847 640 930 lneque
654 849 692 914 de
706 849 809 930 crepe,
826 846 941 914 urtrruic
962 847 1225 930 lincorporcb‘on,
1243 869 1284 914 un
1306 839 1378 915 cin·

331 946 411 1028 pitre
430 943 467 1010 dc
487 945 747 1022 Sciat-Plena&
772 947 922 1021 Louoniu,
940 947 993 1010 dcc
1012 948 1167 1027 pernosci
1189 949 1227 1013 de
1244 950 1381 1016 llnelen·

334 1043 434 1117 douo,
459 1042 617 1118 liolsiecl,
644 1043 966 1118 Cor·bceit·Ouer··l.oo,
989 1047 1162 1110 Neerlinin·
1182 1053 1211 1110 el
1235 1047 1376 1130 Knepsel,

332 1143 413 1206 clusi
427 1160 487 1224 que
500 1144 537 1206 dc
552 1141 583 1208 lu
595 1141 736 1224 plebanis
751 1145 789 1207 de
802 1143 1028 1220 Satur-Porro,
1045 1143 1119 1226 qn’il
1133 1147 1216 1209 nonii
1231 1147 1307 1228 snite
1320 1165 1383 1230 pur

332 1259 368 1304 su
383 1241 463 1306 bulle
478 1242 519 1306 du
535 1241 574 1306 23
590 1243 652 1306 tnui
670 1241 759 1306 tlte.

700 1390 732 1446 15
751 1391 862 1446 octobre
886 1389 965 1446 till.

452 1529 525 1584 Tltre
544 1535 583 1584 du
602 1535 864 1598 souverain-pontin
882 1539 908 1584 ei
927 1545 1030 1600 arenga
1049 1549 1084 1585 ou
1102 1537 1221 1598 polluce.

331 1653 482 1719 Eucrnrus
510 1671 667 1718 cousensus
693 1671 804 1718 ssnnus
831 1671 986 1718 sennonnu
1011 1673 1070 1720 ost.
1097 1657 1142 1720 Ao
1165 1673 1301 1720 rnrnnun
1325 1673 1377 1720 uer

290 1770 453 1816 usnonrru.
473 1754 479 1832 Ι
501 1751 662 1816 Romanus
683 1752 823 1834 pontifex
839 1769 911 1816 cunt
929 1761 1072 1816 naturam
1094 1752 1248 1818 sortiatur
1265 1753 1380 1818 buma-

292 1867 363 1915 narn
376 1850 518 1916 sinistris
530 1867 566 1916 ee
583 1851 763 1916 concedere
778 1851 1042 1934 suggestionibus
1056 1851 1244 1932 plerumque
1255 1851 1378 1918 dedec-

291 1949 368 2014 titur
389 1967 451 2030 quo
474 1949 678 2028 postmodnm
706 1951 876 2014 recensitis
898 1949 974 2014 inde
1000 1949 1242 2032 circunstantijs
1268 1949 1380 2016 debite

290 2049 562 2116 considerationis
584 2049 733 2132 indagine
751 2059 896 2114 semouet
919 2059 951 2114 et
967 2057 1117 2116 retractat
1134 2060 1229 2130 prout
1251 2049 1283 2114 id
1301 2067 1377 2130 per-

291 2164 444 2214 sonarum
467 2147 613 2214 iocorum
636 2158 668 2214 et
684 2157 863 2230 temporum
887 2149 1038 2230 qualitate
1061 2159 1192 2232 pensate
1216 2144 1377 2230 conspicit

293 2247 457 2328 expedire.

563 2363 714 2430 Suppiipm
733 2379 797 2418 accc
817 2369 927 2418 rainone
946 2370 972 2436 ὰ,Ι
983 2364 1098 2432 l'cppui.

332 2483 454 2550 Dudum
467 2484 626 2566 siquidem
640 2493 750 2550 nostre
766 2485 871 2550 littere
888 2484 1011 2549 tenoris
1026 2493 1216 2550 emanarunt
1233 2484 1240 2568 Ι
1258 2485 1376 2550 subse·

288 2584 427 2666 quentis,
441 2583 603 2665 Eugenins
615 2583 790 2665 episeopus
803 2593 866 2650 etc.
876 2584 960 2666 (Scit
971 2586 1010 2648 ici
1021 2585 1051 2648 ic
1061 2591 1145 2648 teste
1155 2585 1283 2666 complet
1295 2585 1333 2648 dc
1344 2585 1378 2648 ln

286 2683 368 2747 builc
381 2684 423 2746 du
437 2683 478 2746 23
491 2685 555 2747 mci
571 2682 662 2758 ulle,
674 2701 732 2765 que
746 2701 824 2747 nous
839 2699 933 2747 omna
948 2684 1050 2747 άωυιέ
1062 2684 1217 2748 cidcseuc
1230 2699 1284 2764 pp.
1299 2683 1375 2748 133-

288 2780 367 2859 tte).
398 2781 475 2846 (lunt
501 2791 607 2847 autent
631 2783 726 2847 uobis
748 2791 821 2847 ante
847 2783 953 2847 datam
980 2783 1159 2848 litterarum
1186 2781 1374 2847 huiusmodi

287 2881 422 2946 relatum
439 2880 533 2944 inerit
546 2881 762 2946 venerabilem
779 2881 907 2945 fratrent
925 2889 1069 2945 nostrum
1084 2881 1263 2946 iohannem
1279 2879 1374 2960 Epis·

286 2995 403 3060 copon
416 2979 628 3046 leodiensem
645 2981 677 3043 in
690 2981 752 3045 boc
764 2980 849 3061 quod
862 2979 967 3061 aliqua
981 2979 1136 3044 beneficia
1149 2978 1375 3044 ecclesiastice

284 3077 370 3143 dicte
392 3077 581 3143 Leodiensis
603 3077 746 3143 diocesis
769 3079 808 3142 ad
830 3093 913 3158 opus
941 3077 1162 3143 Vniuersitatis
1184 3077 1372 3144 huiusmodi

285 3177 454 3242 unirentur
475 3185 507 3241 et
529 3177 814 3256 incorporarentur
835 3191 930 3240 suunt
953 3177 1136 3258 prestitisse
1159 3192 1372 3250 consensum,

283 3283 315 3341 et
337 3275 421 3340 sicut
444 3275 583 3341 exhibita
613 3274 764 3356 coibis
788 3291 893 3356 nuper
920 3291 979 3355 pro
1001 3285 1091 3356 parte
1116 3273 1191 3340 dicti
1218 3273 1372 3355 Episcopi

284 3373 396 3454 petitio
418 3373 614 3450 continebat,
631 3372 664 3436 in
681 3375 742 3437 boc
765 3372 835 3452 ipse
853 3373 1036 3438 nuliatenus
1058 3373 1275 3448 consenserit,
1292 3372 1373 3454 quin

282 3489 356 3554 ymo
379 3473 516 3538 uniones
530 3471 728 3536 annexioucs
750 3479 782 3536 et
797 3471 1077 3553 incorporationes
1094 3472 1236 3552 predicte
1258 3471 1288 3536 si
1303 3489 1371 3554 quo

282 3571 321 3636 ad
347 3571 523 3652 plebauiarn
547 3579 580 3636 et
596 3569 786 3636 Leodiensis
808 3570 951 3636 diocesis
968 3569 1187 3652 parrochiales
1209 3570 1367 3636 ecclesius

205 3666 209 3675 '
283 3669 468 3734 huiusmodi
494 3669 688 3734 sortirentur
710 3667 870 3743 ellectum,
895 3669 957 3733 sibi
984 3685 1109 3734 necnon
1136 3669 1207 3735 eius
1232 3685 1368 3734 succes·

281 3769 411 3833 scribus
438 3783 496 3852 pro
527 3777 672 3850 tempore
698 3767 910 3834 existentibus
937 3767 1171 3834 leodiensibus
1197 3767 1369 3848 Episcopis

282 3865 509 3948 preiudicinles
526 3866 699 3947 plurimum
715 3883 789 3932 esse
807 3875 953 3946 possent,

544 4013 705 4072 Concession
724 4021 756 4069 de
775 4019 804 4068 ln
815 4021 923 4080 'snccur
941 4012 1105 4072 demandes.

320 4135 387 4202 Nos
398 4137 452 4219 qui
465 4137 551 4202 iuxta
564 4138 721 4219 premissa
735 4153 790 4217 per
805 4137 993 4204 relationem
1012 4138 1018 4221 Ι
1037 4137 1221 4204 huiusmodi
1233 4136 1361 4202 circun-

262 4235 354 4301 uenti
383 4236 514 4312 inimus,
532 4237 635 4317 ipsius
657 4237 807 4319 Episcopi
833 4235 865 4300 in
881 4237 942 4302 bac
964 4247 1053 4319 parte
1069 4235 1363 4320 supplicationibus
