3100 4942
720 453 905 516 ..tas-

269 643 415 711 sonatus,
437 635 610 717 prioratus,
629 634 844 716 prepositure,
868 634 1176 712 administrationes,
1193 636 1299 702 officia
1322 645 1353 703 ct

268 735 330 798 alia
346 733 501 799 beneficia
517 733 700 798 huiusmodi
714 733 821 798 lorsan
836 733 962 811 luerint,
974 732 1169 814 iuramento,
1182 733 1354 800 ooollrma·

269 833 357 899 tione
372 833 547 914 apostolica
565 833 615 898 uel
631 832 746 913 quauis
762 832 823 895 alia
840 832 990 898 llrmitate
1005 833 1166 898 roboratis
1181 833 1312 899 statutis
1323 843 1353 900 et

268 931 568 1007 consuetudinibus,
585 932 767 1013 ceterisque
782 932 954 1014 contrariis
969 933 1237 1014 quibuscumque.
1308 985 1314 994 .

327 1096 473 1154 Conditiun
492 1104 510 1152 d
529 1102 644 1178 remplls·
659 1115 716 1164 par
734 1103 806 1152 celui
825 1104 873 1165 gui
892 1099 981 1182 ddsire
993 1103 1076 1164 joutr
1093 1079 1132 1153 du
1149 1103 1294 1166 privilege.

264 1243 268 1252 ’
313 1235 448 1301 Prouiso
474 1236 558 1317 quod
584 1235 792 1302 canonicatus
818 1247 849 1302 et
873 1237 1045 1317 prebende,
1069 1235 1254 1318 dignitates,
1281 1254 1353 1318 per·

270 1344 416 1410 sonatus,
438 1336 610 1416 prioratus,
628 1336 844 1416 prepositure,
868 1337 1177 1411 administrationes,
1195 1335 1301 1402 olllcia
1324 1346 1354 1401 et

271 1433 331 1496 alia
355 1433 508 1498 beneficia
536 1435 718 1514 supradicta
741 1434 857 1498 debitis
885 1443 1051 1514 propterea
1077 1451 1139 1498 non
1168 1434 1354 1500 fraudentur

270 1531 436 1613 obsequiis
458 1541 490 1597 et
512 1532 688 1597 animarum
709 1550 786 1596 cura
808 1532 840 1595 in
864 1533 912 1598 eis
934 1533 1051 1614 quibus
1076 1533 1162 1597 illam
1185 1530 1352 1600 imminere

270 1630 454 1712 contigerit,
472 1631 655 1696 nullatenus
673 1631 863 1712 negligatur.

669 1798 824 1851 Anatlidmc
842 1806 868 1851 et
886 1803 957 1856 date.

314 1933 397 1998 Nulli
420 1951 497 2015 ergo
518 1935 649 2000 omnino
673 1936 836 2000 nominum
860 1935 951 2001 liceat
970 1936 1051 2001 hanc
1074 1938 1220 2018 paginam
1245 1948 1355 2004 nostre

272 2031 524 2113 dispensationis
547 2051 584 2098 ac
605 2035 828 2100 concessionis
846 2035 1020 2116 instringere
1042 2037 1092 2101 vel
1109 2035 1137 2100 ei
1154 2053 1233 2102 ausu
1258 2045 1355 2101 teme-

274 2131 359 2195 rario
375 2131 547 2197 contraire.
566 2133 597 2196 st
621 2133 694 2214 quis
709 2142 814 2198 autem
829 2133 890 2198 hoc
906 2143 1094 2214 attemptare
1110 2135 1353 2216 presumpserit,

272 2229 522 2312 indignationem
546 2233 777 2313 omnipotentis
794 2232 844 2295 dei
868 2241 899 2296 et
924 2234 1088 2298 beatorum
1106 2234 1188 2300 Petri
1211 2241 1243 2299 et
1266 2231 1354 2298 Pauli

274 2329 499 2409 Apostolorum
526 2331 596 2394 eius
627 2348 663 2396 se
691 2331 816 2396 nouerit
847 2331 1024 2396 incursum.
1055 2332 1123 2396 [lat.
1152 2333 1245 2398 Senis
1273 2349 1357 2398 anno

274 2425 504 2492 irroarnatiunis
534 2429 697 2494 dominice
728 2429 897 2495 millesimo
932 2431 1247 2512 quadringentesimo
1277 2450 1356 2514 qua-

273 2525 454 2606 dragesimo
485 2527 597 2600 tercio,
625 2528 730 2592 idibus
756 2529 879 2609 aprilis,
910 2529 1117 2594 pontificatus
1144 2530 1244 2595 nostri
1271 2547 1355 2596 anno

273 2623 374 2689 tercio
389 2623 525 2690 decimo.

1029 2726 1070 2790 lo.
1089 2748 1127 2790 na
1141 2727 1310 2791 Srnccnrrs.

788 2939 842 3002 ltt.

275 3105 320 3168 Le
331 3121 411 3185 pape
429 3105 550 3186 dupino
562 3107 577 3168 l
585 3106 608 3166 V
620 3105 728 3184 elorpc
742 3105 769 3168 le
782 3107 885 3187 procot
896 3107 934 3170 tle
944 3105 1231 3179 Scitote-Geronde,
1245 3107 1264 3168 ὰ
1278 3107 1360 3170 Lou-

314 3205 396 3279 unin‚
411 3211 437 3266 et
453 3203 495 3266 les
510 3206 621 3284 doyens
633 3207 686 3268 des
702 3205 873 3286 colle'piules
889 3207 926 3268 de
940 3205 1160 3280 Sciret-Andro,
1174 3206 1193 3267 ὰ
1211 3204 1355 3285 Gaioque,

314 3309 342 3365 el
356 3303 396 3364 du
412 3301 663 3376 Sciat-Suuueur,
681 3306 700 3366 d
718 3305 853 3376 Utreeltl,
871 3307 909 3367 de
923 3303 1027 3367 veiller
1047 3307 1188 3385 despue
1206 3321 1357 3385 personne

316 3418 353 3464 ne
368 3407 456 3463 mette
474 3401 604 3465 obstacle
626 3401 690 3466 dio
698 3405 876 3484 jouissonre
896 3404 938 3466 du
950 3403 1097 3485 privilege
1118 3403 1246 3466 occordd
1255 3421 1315 3484 por
1326 3405 1356 3466 la

316 3499 464 3580 bullepot·
477 3501 615 3581 prdrdde.

709 3653 740 3708 13
760 3652 828 3706 avril
854 3652 932 3708 1443.

426 3807 500 3864 Titne
518 3813 555 3860 du
575 3815 723 3864 sorroerain
741 3815 854 3875 pontific,
876 3815 987 3865 adressa
1005 3819 1031 3864 et
1051 3815 1211 3864 salutatione.

321 3961 471 4026 Eunt-:urus
488 3980 643 4027 srrscorus
657 3983 770 4028 ssnuus
786 3983 938 4028 santonum
955 3983 1014 4028 nur.
1035 3965 1167 4030 [illectis
1192 3962 1266 4043 liliis
1293 3979 1362 4043 pre·

278 4061 385 4142 posito
407 4061 589 4142 ldonasterij
614 4074 726 4128 sancte
743 4064 910 4128 Gertrudis
927 4063 1139 4128 Louuniensis
1165 4079 1221 4143 per
1244 4078 1360 4141 prepo-

279 4159 374 4224 situm
391 4161 475 4225 soliti
491 4161 675 4242 gubernari,
695 4163 881 4226 leodiensis
897 4162 1050 4240 diocesis,
1068 4172 1099 4226 et
1114 4161 1215 4226 sancti
1232 4159 1361 4224 andree
