3236 4944
753 500 935 566 ..444-

303 682 377 747 dunt
401 695 432 747 et
454 683 696 762 gubernandum
717 701 802 760 esse,
820 686 950 768 regique
966 692 997 748 el
1012 682 1183 765 gubernari
1200 683 1331 756 dobere,
1347 699 1386 747 ac

303 781 452 845 dilectum
478 781 576 846 lilium
601 781 773 848 Walterum
800 783 945 848 ciusdem
972 781 1153 859 monasteri]
1183 781 1382 860 prepositum

304 895 342 943 ex
380 897 464 944 nunc
494 879 583 950 illius
611 881 763 945 Abbatem
795 883 862 947 lore
892 894 922 947 et
952 880 1109 945 nominari
1140 879 1269 954 debore,
1300 896 1338 942 ac
1366 895 1383 942 a

304 995 495 1057 quocunque
519 978 664 1042 maluerit
686 981 847 1045 catholico
870 980 1012 1045 antistite
1033 977 1167 1060 gratiam
1190 987 1222 1043 et
1243 993 1386 1042 commu·

305 1077 432 1142 nionrnr
449 1077 627 1159 apostolice
644 1079 730 1142 sedis
747 1078 885 1146 habente
900 1095 1015 1146 munus
1030 1076 1264 1143 benedictionis
1280 1077 1385 1142 susci-

304 1193 379 1257 pcro
396 1177 565 1260 ipsumque
582 1187 612 1242 et
631 1195 841 1244 successores
863 1195 941 1268 suos
966 1195 1023 1258 pro
1046 1165 1189 1259 tempore
1211 1176 1386 1240 existentes

302 1275 377 1340 dicti
419 1275 602 1356 llonastcrij
644 1277 782 1342 Abbates
819 1277 915 1342 anulo
953 1287 984 1342 et
1020 1275 1134 1340 baculo
1171 1273 1385 1356 pastoralibus

305 1374 485 1456 ubicunque
502 1385 655 1456 perpetuo
680 1377 721 1440 uti
746 1393 867 1458 eosque
890 1385 1018 1458 gestare
1042 1391 1149 1456 posse,
1169 1373 1383 1448 libertatibus

304 1471 1383 1556 priuilegijs·etalijsiuribusomnibusetsingulisdictillonasterij

303 1573 382 1636 alias
395 1573 425 1634 in
440 1573 588 1637 omnibus
601 1591 729 1653 semper
741 1575 841 1640 saluis
854 1575 1007 1639 continuo
1021 1573 1260 1638 remanentibus
1273 1571 1384 1637 eadem

304 1671 491 1736 auctoritate
521 1673 736 1751 decernimus,
768 1673 949 1749 statuimus,
981 1673 1190 1741 concedimus
1222 1681 1254 1736 et
1289 1671 1385 1736 ctiam

303 1770 501 1836 ordinamus.

433 1915 604 1968 Annulalt'on
624 1919 670 1968 des
689 1919 795 1969 clauses
814 1921 846 1969 dc
865 1921 936 1968 droit
955 1931 1085 1969 commun
1103 1917 1252 1967 contraires

612 2010 677 2058 illa
696 2005 850 2060 cencessron
871 2011 903 2059 de
922 2009 950 2059 lc
968 2012 1077 2070 favour.
1120 2043 1124 2048 -

345 2133 415 2197 Non
439 2134 640 2200 obstantibus
663 2135 952 2202 constitutionibus
968 2144 1002 2200 ¹et
1016 2133 1272 2200 ordinationibus
1288 2148 1384 2212 apos·

305 2232 411 2296 tolicis
426 2249 550 2298 necnon
571 2234 751 2317 llonasterij
777 2245 807 2300 et
829 2235 952 2299 ordinis
976 2234 1168 2314 prelatorum
1193 2223 1385 2305 iuramento,

304 2332 548 2398 conllrmatione
592 2336 766 2415 apostolica
809 2335 856 2399 uel
899 2349 1097 2415 quacumque
1139 2329 1287 2395 firmitate
1327 2329 1388 2391 alia

304 2430 465 2495 roboratis
487 2432 615 2496 statutis
639 2443 669 2496 et
696 2433 984 2498 consuetudinibus
1011 2431 1191 2512 ceterisque
1217 2427 1389 2508 contrariis

305 2529 559 2612 quibuscunque.

766 2650 929 2705 Anatctme.

350 2776 433 2840 llulli
447 2777 1389 2859 er·goomninobominumliceatbaucpaginamnostrorum

312 2874 497 2950 erectionis,
525 2877 710 2952 creationis,
737 2877 988 2950 constitutionis,
1017 2878 1138 2951 statuti,
1169 2872 1392 2944 concessionis

311 2983 342 3037 ct
368 2973 579 3040 ordinationis
603 2977 777 3056 intringere
801 2977 851 3041 uel
874 2977 902 3042 ei
925 2993 1003 3040 ausu
1027 2974 1196 3040 temerario
1217 2972 1389 3038 contraire.

310 3073 341 3134 Si
365 3073 436 3152 quis
457 3083 561 3138 autern
585 3075 646 3138 boc
668 3085 857 3157 attemptare
880 3075 1123 3156 presumpserit,
1140 3071 1390 3153 indignationem

310 3171 540 3252 omnipotentis
563 3173 614 3238 dei
637 3185 668 3238 et
691 3175 854 3240 beatorum
880 3175 963 3239 l‘etri
989 3184 1021 3238 et
1047 3173 1135 3236 Pauli
1163 3169 1390 3253 Apostolorum

309 3271 379 3336 elus
395 3287 431 3336 se
449 3272 575 3338 nouerit
590 3274 806 3340 incursurum.

814 3409 893 3464 Date.

351 3533 461 3597 Datum
494 3535 594 3600 Rome
626 3537 707 3617 apud
736 3537 1014 3618 Sanetumpetrum
1040 3537 1132 3599 Anno
1160 3517 1394 3598 incarnationis

308 3632 467 3698 dominice
514 3633 682 3699 llillesimo
699 3635 1015 3716 quadringentesimo
1031 3631 1275 3715 quadragesimo
1292 3647 1391 3706 trono,

307 3737 401 3796 Sexto
417 3731 525 3796 Nonas
542 3733 642 3815 llartij
665 3734 871 3800 contineatis
888 3735 987 3798 nostri
1003 3733 1096 3797 Auno
1112 3731 1230 3797 Tertio.

1043 3833 1083 3896 N.
1101 3831 1141 3896 de
1156 3829 1259 3911 Spada
1274 3828 1306 3892 S.

677 3982 804 4051 Original
826 3999 874 4035 sur
895 3981 1053 4051 parchemin
1074 3979 1151 4032 muni
1171 3979 1205 4033 de
1225 3995 1256 4031 ss
1269 3977 1346 4032 balle
1360 3994 1395 4032 eu

644 4075 737 4144 plomb
761 4071 886 4128 attactae
910 4089 960 4142 par
980 4073 1028 4126 des
1051 4071 1095 4124 fils
1118 4087 1151 4124 en
1175 4069 1233 4124 soie
1256 4083 1340 4137 rouge
1368 4075 1395 4122 el

640 4167 745 4232 jaune,
779 4181 834 4217 aux
866 4163 996 4218 Archives
1022 4160 1163 4232 generales
1190 4160 1226 4214 du
1253 4159 1395 4231 Royaame

644 4255 825 4312 sBruxollss.
