3246 4944
286 813 420 896 Roppmt
442 814 478 877 de
504 813 606 880 Liberi
630 815 672 877 be
694 813 788 896 Pope.
812 813 889 876 abbe
909 813 946 877 tie
969 813 1060 888 Pure,
1082 831 1137 876 eur
1159 831 1218 876 une
1243 814 1371 896 eraqudie

464 915 538 992 suite
559 916 578 976 d
599 912 794 979 t’drrtuusite
813 912 851 976 de
872 914 1012 977 Luuuoin
1033 931 1071 976 eu
1096 912 1187 976 1673.

574 1109 851 1176 bxeeiierrtissime
876 1111 1007 1175 bomine
1022 1111 1080 1194 (i).

324 1290 414 1355 Juxta
452 1291 574 1356 litteras
611 1291 825 1356 Exuetientiae
855 1289 986 1355 Vestrae
1021 1290 1062 1354 de
1098 1291 1137 1353 id
1174 1290 1368 1372 septembris

286 1489 317 1552 in
335 1488 550 1554 Universitate
567 1489 755 1554 Lovaniensi
773 1505 871 1568 super
894 1489 1018 1552 modica
1041 1487 1245 1553 observantia
1269 1498 1369 1553 stutu-

288 1597 391 1650 tnrum
408 1597 439 1652 et
461 1589 753 1669 reguinmeutorum
770 1585 970 1652 visitationis
986 1588 1017 1649 iu
1036 1587 1154 1652 bouum
1171 1597 1201 1651 et
1217 1587 1367 1652 decorem
1448 1587 1457 1604 “

285 1685 390 1752 dietne
419 1686 644 1751 Universitatis
673 1687 844 1764 editorum,
871 1686 910 1750 ab
939 1685 1090 1750 omnibus
1121 1686 1308 1750 doctoribus
1337 1697 1369 1750 et

287 1785 528 1865 professoribus
556 1786 697 1867 quinque
732 1785 913 1849 facultatum
952 1800 1002 1848 me
1039 1784 1211 1848 iniormaro
1247 1783 1366 1866 studui.

286 1881 373 1958 Quos
399 1901 512 1949 omnes
538 1884 568 1947 in
598 1884 780 1964 particulari
807 1883 946 1948 dirersis
972 1882 1171 1963 {emporibus
1197 1883 1314 1960 audivi,
1336 1896 1369 1948 et

286 1999 368 2063 quae
395 1981 511 2063 reperi,
534 1983 680 2049 ordinem
707 1983 910 2048 decretorum
937 1982 1129 2046 visitationis
1156 1983 1368 2064 insequendo,

287 2081 318 2144 in
341 2081 488 2161 adiuncta
512 2081 621 2147 obarta
644 2083 804 2146 annotavi.
822 2081 859 2145 Et
881 2081 953 2163 quia
975 2098 1073 2162 super
1088 2081 1226 2146 diversis
1243 2081 1369 2161 punctis

288 2197 478 2262 responsum
516 2181 740 2246 Universitatis
777 2181 895 2246 babere
931 2181 1038 2254 debui,
1074 2190 1106 2245 et
1142 2181 1192 2244 uix
1233 2181 1263 2247 in
1305 2179 1369 2244 bne

287 2280 480 2360 septembris
507 2281 650 2362 preteriti
680 2281 822 2344 ultimam
846 2279 1074 2344 resolutionem
1097 2279 1243 2359 aoeipere
1267 2279 1367 2360 potui,

287 2377 384 2444 eitius
413 2379 495 2446 beno
524 2379 778 2444 informationem
808 2380 976 2444 absoivere
1006 2395 1068 2442 non
1099 2378 1199 2460 potui.
1228 2377 1265 2443 bt
1292 2379 1367 2460 ouis

289 2477 482 2544 Exeeiientin
504 2479 566 2544 Sua
589 2480 841 2543 aduisamentum
866 2495 969 2542 meum
993 2479 1088 2542 etiam
1112 2478 1289 2560 requisivit.
1306 2478 1369 2541 sub

287 2577 396 2641 bumiii
412 2578 613 2643 correctione
628 2579 666 2640 ad
683 2579 806 2659 siuguia
827 2588 942 2658 punota
965 2578 1111 2642 adnotavi
1135 2579 1285 2660 quidnam
1311 2594 1370 2657 pro

285 2677 508 2741 emendatione
521 2676 588 2740 steri
602 2677 789 2742 conveniret
801 2687 855 2741 aut
867 2686 1052 2758 suggestum
1067 2677 1172 2754 suerit,
1183 2678 1369 2758 rotinquens

284 2775 390 2838 omnia
409 2775 605 2854 prudentiori
619 2775 740 2856 judicio
752 2785 783 2841 et
795 2776 982 2841 discretioni
997 2776 1209 2840 Exeeiieutiae
1222 2777 1365 2842 Vestrae.

284 2873 380 2954 Cujus
396 2891 467 2937 sum
483 2883 545 2939 etc.

327 3137 431 3200 Primo
469 3137 499 3201 in
531 3119 675 3203 'decretis
705 3136 903 3201 visitationis
936 3137 1010 3201 num
1043 3138 1120 3200 1617
1151 3137 1301 3202 statuitur
1332 3149 1366 3202 nt

284 3235 400 3300 Rrotm·
422 3237 681 3301 Universitatis..
698 3236 840 3317 uduipiiet
862 3253 917 3317 prr·
937 3255 971 3299 se
992 3244 1019 3299 ei
1039 3245 1239 3318 promotorem
1261 3255 1364 3308 suum.

282 3343 314 3397 ui
328 3344 442 3438 statuto
457 3337 557 3400 dictae
575 3337 789 3401 Urtiuersitotir
804 3338 997 3399 exactissime
1011 3336 1216 3400 oborirentur.

326 3485 492 3548 Promotou
515 3483 697 3566 nuperrime
717 3483 779 3564 jnm
804 3484 974 3548 defunctus
996 3484 1042 3566 (2)
1065 3484 1112 3548 vir
1134 3501 1232 3549 sonex
1257 3483 1315 3546 duit
1333 3495 1366 3548 et

284 3582 402 3662 passim
425 3584 571 3664 culpatus
596 3583 807 3664 negligentiae
829 3593 861 3647 et
883 3584 966 3664 quod
992 3585 1117 3648 deiectu
1136 3583 1221 3646 iliius
1237 3583 1364 3646 tleerma

317 3777 355 3848 (Ι)
375 3779 450 3833 Cotto
469 3779 550 3835 lettre
565 3785 607 3834 est
626 3780 762 3847 adusseris,
776 3797 842 3834 erse
856 3781 881 3834 le
896 3781 1027 3846 Rapport.
1044 3779 1318 3852 adeon-Dominique
1331 3779 1367 3834 de

280 3867 405 3938 Zonioga
423 3877 450 3924 et
470 3872 600 3941 bonesen,
614 3880 704 3927 comte
723 3873 757 3925 de
780 3874 921 3944 Montere5
941 3879 968 3926 et
990 3888 1165 3940 gouveroeur
1185 3871 1295 3940 genera!
1318 3873 1367 3926 des

282 3957 430 4029 Pars-Bas.

320 4050 357 4120 (2)
378 4051 398 4104 il
431 4052 515 4121 s'agib
546 4070 609 4106 sans
636 4054 718 4107 doute
745 4053 779 4106 iei
806 4053 842 4106 du
870 4058 1028 4124 promoteur
1053 4053 1122 4107 dean
1151 4053 1257 4116 Woltsr
1286 4069 1369 4124 noyez

282 4139 427 4207 ‹ai-densus,
444 4160 471 4214 p.
488 4141 553 4199 ³53.
