3260 4944
682 492 724 504 -
746 455 813 528 349,
828 492 868 502 -

219 602 245 698 's
261 653 377 702 causas
403 653 460 718 per
482 635 619 702 eundem
647 635 811 700 dominnm
835 635 991 701 decanum
1012 635 1134 718 jbidem
1158 635 1315 717 allegatas

227 759 245 798 s
262 745 294 801 ct
309 752 418 802 coram
434 735 594 817 depulctis
609 734 830 800 uniuersitatis
846 735 915 799 suis
931 735 1004 800 loco
1026 744 1059 798 et
1076 741 1221 815 tempore
1236 751 1315 799 con·

227 857 245 896 u
261 835 351 916 gruis
366 842 398 900 et
413 834 594 914 oportunis,
611 834 638 898 si
654 851 738 914 opus
754 832 968 909 luerit,latius
984 832 1229 913 specificandum
1240 849 1312 897 euru

232 956 245 992 s
265 933 374 999 multis
390 933 462 1014 alijs
479 933 624 1014 pluribus
640 943 673 1006 et
688 933 828 998 diuersis
843 932 951 998 verbis
967 941 998 998 et
1014 931 1145 1013 replicis
1161 931 1314 996 hincinde

232 1034 347 1098 »iuter
371 1032 475 1098 dictos
501 1033 651 1098 dominos
678 1042 894 1114 promotorem
918 1043 949 1098 et
975 1033 1131 1098 decanum
1158 1032 1254 1096 dictis
1280 1041 1312 1096 et

229 1154 246 1192 s
264 1132 394 1196 habitis.
413 1132 514 1212 Super
530 1132 646 1212 quibus
662 1131 856 1197 vuiuersitas
872 1132 1055 1197 deliberans
1072 1130 1234 1195 commisit
1250 1140 1313 1194 ter·

233 1253 246 1290 s
266 1231 472 1296 minationem
485 1231 668 1296 huiusmodi
687 1229 804 1312 negoti]
821 1247 877 1309 per
893 1231 974 1294 viani
987 1229 1162 1294 concordie
1173 1227 1313 1294 dominis

233 1333 245 1388 u·
265 1327 392 1409 Rectorj
406 1337 437 1394 et
449 1329 609 1412 deputatis
622 1329 694 1394 siue
707 1329 905 1411 jurisperitis
919 1346 976 1409 per
991 1328 1129 1393 eundem
1146 1329 1312 1393 dominum

232 1449 246 1486 ι
264 1427 431 1492 Rectorem
445 1427 660 1492 assumendis.
679 1451 692 1488 r
709 1428 1016 1494 lclaUniversilatis
1029 1428 1066 1492 ad
1080 1427 1120 1490 29
1133 1427 1206 1490 maii
1221 1427 1311 1490 loll.

268 1542 318 1606 ab.
336 1541 475 1608 loannes
488 1544 639 1624 illucque,
653 1543 702 1606 vel
718 1543 883 1616 dialectis
898 1559 961 1624 quo
974 1560 1070 1624 supra
1085 1560 1115 1606 n.
1130 1543 1180 1620 ii,
1196 1543 1311 1608 ilerum

221 1640 404 1706 assumitur
419 1639 458 1703 22
473 1642 654 1707 decembris
673 1642 764 1706 loti.

272 1739 425 1805 illeiude
449 1741 618 1820 proposuit
642 1741 793 1806 dominus
817 1741 934 1806 Rector
957 1741 1093 1822 qualiter
1118 1741 1311 1805 uniuersitas

232 1848 335 1919 »eget
352 1847 536 1919 promotore
560 1850 690 1920 propter
713 1857 878 1905 recessum
902 1840 1021 1922 autiquj
1045 1841 1166 1905 domini
1185 1857 1315 1920 promo-

233 1937 355 2014 storiS,
389 1953 512 2016 ponens
549 1939 580 2000 in
611 1939 842 2004 deliberatione
878 1938 1082 2003 dominorum
1120 1955 1160 2002 an
1192 1939 1316 2020 placeat

227 2058 245 2094 s
263 2036 417 2116 deputare
442 2035 480 2098 ll.
498 2036 669 2101 iohannem
691 2036 790 2101 lllciel
813 2054 907 2117 quern
927 2037 1000 2119 jpse
1023 2038 1173 2102 dominus
1197 2039 1316 2102 llectcr

231 2134 436 2215 »assumpsit
460 2149 532 2216 post
549 2153 714 2200 recessum
739 2148 769 2200 et
782 2136 815 2217 jn
834 2137 938 2201 locum
955 2136 1075 2218 antiqui
1100 2135 1220 2201 domini
1240 2152 1312 2217 pro·

225 2255 243 2292 s
262 2233 408 2298 motoris.
426 2233 528 2314 Super
546 2252 610 2315 quo
634 2235 827 2299 uniuersitas
849 2235 1034 2300 deliberans
1056 2237 1223 2316 deputauit
1241 2253 1311 2314 pro·

230 2353 243 2392 i
260 2330 380 2396 dietum
398 2331 437 2396 ll.
454 2333 624 2398 Juburrncm
640 2333 741 2396 Melet
758 2345 973 2412 promotorem
997 2333 1218 2399 vniuersitutis
1240 2352 1311 2399 curn

229 2454 242 2490 s
259 2431 420 2512 stipendio
437 2441 467 2496 et
484 2431 613 2495 sallario
629 2443 798 2496 consueto.
817 2455 829 2492 u
848 2433 924 2497 Acta
937 2431 1161 2497 Universitatis
1174 2433 1212 2497 ad
1230 2433 1313 2497 diem

219 2529 564 2596 uadecembristste.

272 2651 285 2690 s
305 2629 425 2694 lieinde
442 2631 595 2710 magister
609 2629 768 2693 Jcbcunes
784 2629 897 2704 Melet,
914 2639 1079 2711 promotor
1096 2631 1315 2697 uniuersitatis

232 2751 245 2788 ι
264 2728 406 2792 narrauit
428 2737 458 2792 el
476 2728 622 2792 recitauit
644 2729 683 2792 ad
700 2729 831 2810 longum
847 2729 954 2794 omnia
970 2739 1002 2794 et
1017 2730 1142 2811 singula
1169 2746 1224 2809 per
1239 2747 1311 2794 eum

234 2826 294 2906 »jn
311 2826 541 2892 commissione
560 2844 617 2892 sua
635 2828 764 2892 nomine
787 2827 881 2892 buius
898 2827 1117 2893 uniuersitatis
1130 2829 1165 2910 in
1182 2839 1213 2893 et
1228 2829 1310 2910 apud

232 2925 432 2990 »Rectorem
455 2936 487 2990 et
509 2927 749 2991 uniuersitatem
774 2925 999 2992 coloniensem
1023 2937 1104 3003 ecla,
1122 2937 1154 2994 et
1176 2929 1313 3010 qualiter

228 3041 300 3090 seo
324 3023 443 3106 ibidem
467 3023 576 3088 audito
602 3035 634 3088 et
660 3025 840 3107 benigniter
865 3035 1031 3106 suscepto,
1053 3025 1117 3108 jpsi
1141 3026 1260 3091 ilector
1282 3039 1314 3092 et

230 3143 243 3180 s
261 3121 454 3188 vniuersitas
471 3121 672 3188 coloniensis
688 3124 728 3188 de
744 3125 824 3188 aclis
837 3124 871 3204 jn
888 3124 996 3188 causis
1016 3143 1072 3206 per
1085 3124 1193 3205 ipsum
1209 3126 1313 3190 domi·

230 3245 243 3280 u
262 3239 337 3286 num
354 3231 571 3303 promotorem
582 3222 702 3302 jbidem
718 3223 758 3286 ad
775 3223 904 3302 longum
920 3223 1056 3288 narratis
1072 3239 1146 3288 sese
1161 3240 1312 3288 excusas·

230 3343 243 3381 u
261 3330 345 3397 sent,
359 3337 431 3386 eum
447 3337 484 3386 ea
497 3330 528 3386 et
540 3321 656 3384 similia
666 3320 701 3401 jn
715 3321 822 3384 multis
834 3323 943 3386 causis
957 3322 1093 3402 partium
1105 3322 1311 3404 sepejbidem

229 3427 434 3500 »agerentur
456 3437 513 3501 per
534 3419 686 3484 diuersos
703 3420 831 3500 jndices
848 3429 879 3484 et
901 3420 1210 3486 subconservatores
1228 3420 1312 3500 jpsis

224 3541 243 3577 s
262 3519 399 3584 lleotore
422 3527 453 3583 et
468 3519 678 3584 rniuersitate
695 3519 938 3600 ignorantibus3
958 3519 1183 3585 nichilominus
1205 3528 1309 3585 tamen

229 3639 243 3676 ι
260 3627 293 3682 νῑ
308 3633 437 3697 semper
449 3617 535 3697 jnter
552 3617 633 3682 hane
648 3617 890 3684 uniuersitatem
911 3627 942 3683 et
958 3617 1198 3684 uniuersitatem
1216 3617 1310 3683 Golo-

228 3716 405 3781 snieuseru
433 3727 585 3797 perpetua
611 3717 685 3781 vnio
709 3731 769 3797 pax
794 3726 827 3781 ct
851 3717 1024 3782 concordia
1051 3718 1311 3792 interteueretur,

228 3837 241 3874 u
260 3814 476 3894 promiserunt
489 3814 562 3896 jpse
577 3814 697 3881 Reclor
709 3826 741 3881 et
756 3815 950 3880 uniuersitas
962 3816 1069 3881 omnia
1085 3826 1154 3881 acta
1164 3815 1199 3898 jn
1215 3815 1313 3882 dictis

222 3935 241 3972 ,ι
258 3913 368 3980 causis
395 3931 451 3995 per
482 3923 698 3994 promotorem
726 3915 848 3997 jbidem
878 3915 1077 3996 expressatis
1106 3915 1309 3998 annicbilarj‚

222 4033 241 4071 s
259 4013 351 4078 saluo
378 4022 482 4079 tamen
510 4013 595 4094 quod
619 4014 767 4080 similiter
794 4031 850 4095 per
878 4024 1023 4079 nostrum
1049 4023 1313 4080 conseruatorem

227 4134 242 4169 r..
260 4109 354 4176 lieret
369 4111 400 4174 in
415 4121 568 4192 quantum
589 4112 700 4177 saltem
713 4111 808 4193 jpsos
820 4111 947 4193 jndices
962 4122 994 4179 et
1011 4129 1167 4194 personas
1182 4129 1312 4180 eorum·

223 4228 242 4268 s
260 4208 333 4274 dem
349 4218 573 4308 concerperet.
589 4211 691 4292 Super
706 4211 823 4292 quibus
838 4211 1032 4278 uniuersitas
1047 4211 1231 4279 deliberans
1246 4211 1313 4292 epit
