3240 4946
780 485 821 503 -
846 446 967 518 562-

331 635 477 718 imp'erio,
495 653 552 702 seu
570 652 686 701 nomen
702 635 747 699 illi
764 635 920 710 dederint,
936 634 1020 717 qnod
1039 635 1210 716 plurimum
1227 636 1262 702 ht
1278 637 1309 700 in
1325 637 1415 704 aditu

330 735 545 818 philosophici
576 734 687 810 studii,
715 752 770 800 sen
805 734 952 800 lihertalc
981 733 1116 814 quadam
1146 745 1312 816 vagentur.
1341 741 1416 802 llam

330 834 477 918 quisquis
500 833 674 900 lovanium
698 833 831 916 appulit,
851 840 883 898 ut
905 832 1023 898 studiis
1045 841 1209 914 operetur,
1227 835 1417 901 Academiae

329 934 478 1000 subditus
495 941 657 1000 censetur.

371 1057 384 1094 r
403 1034 530 1102 'lartius
543 1034 624 1100 ordo
637 1033 860 1115 religiosorum
873 1040 923 1098 est
935 1033 1089 1108 virorum,
1104 1050 1240 1115 qnorum
1256 1036 1413 1102 coenobia

329 1127 517 1200 Academiae
534 1133 633 1212 unita,
651 1150 707 1199 seu
726 1142 758 1197 nt
773 1133 960 1214 loquuntur,
977 1133 1193 1213 incorporata.

372 1234 524 1310 «Quarto
561 1232 675 1298 ordine
712 1232 1029 1313 comprehenduntur
1067 1234 1255 1315 typographi
1289 1251 1413 1312 omncs,

330 1327 534 1414 bibliopolae,
553 1331 674 1396 librarii
691 1340 722 1396 et
738 1349 874 1412 qnorum
892 1348 944 1396 ars
961 1332 1045 1396 circa
1061 1331 1161 1397 libros
1182 1340 1315 1408 tantum,
1332 1335 1359 1399 si
1375 1335 1416 1400 ah

330 1431 499 1499 Academia
516 1431 649 1495 admissi
665 1447 703 1494 ac
720 1430 848 1510 probati
860 1430 989 1495 inerint.
1008 1430 1064 1494 llis
1080 1431 1231 1496 omnibus
1248 1433 1415 1499 sanctione

329 1531 510 1598 academica
528 1529 720 1612 prohibitum
738 1539 798 1604 est,
818 1528 1109 1594 cohaereticorum
1130 1529 1231 1596 libros
1254 1541 1308 1597 ant
1331 1532 1415 1614 typis

329 1629 497 1705 excudam,
530 1637 583 1694 ant
621 1627 694 1691 alibi
735 1644 874 1693 excusos
911 1627 1060 1702 vendant,
1093 1645 1132 1692 ne
1162 1629 1413 1706 adolescentum,

330 1745 465 1812 quornm
482 1735 568 1792 aetas
584 1727 623 1790 ⁶15
639 1742 795 1790 annornm
813 1727 953 1790 nondum
979 1726 1093 1807 attigit,
1111 1727 1212 1792 libros
1235 1728 1304 1795 sine
1325 1747 1416 1811 gym-

332 1827 531 1902 nasiarchac,
556 1825 588 1889 in
618 1824 709 1906 cujus
740 1825 850 1890 schola
882 1825 1012 1902 degunt,
1036 1841 1197 1906 consensu
1228 1837 1336 1892 emant
1360 1838 1417 1894 ant

332 1928 369 1991 ad
398 1943 434 1992 se
459 1924 573 2007 quovis
601 1924 696 1988 modo
723 1923 889 2004 recipiant.
907 1923 938 1986 Si
965 1923 997 1987 in
1024 1925 1190 2006 gymnasio
1217 1943 1282 1990 non
1308 1937 1414 2008 agant,

331 2034 481 2091 constare
510 2024 550 2089 de
580 2022 726 2088 hectoris
755 2022 918 2088 voluntate
948 2030 1002 2087 ant
1037 2022 1119 2104 ejus,
1144 2023 1237 2106 cnjus
1273 2025 1416 2107 hospitio

333 2131 476 2198 utuntur,
494 2122 521 2187 si
545 2121 584 2187 de
607 2120 791 2186 academico
814 2121 855 2184 sit
878 2130 1002 2194 senatu,
1020 2120 1125 2186 dehet.
1142 2121 1200 2196 Qui
1220 2137 1316 2188 secus
1339 2123 1416 2190 laxit

332 2223 486 2288 librorum
500 2221 621 2302 jactura
639 2219 820 2292 mulctatur,
838 2227 868 2283 et
885 2220 1001 2284 hector
1016 2219 1054 2282 ad
1069 2237 1105 2285 se
1122 2219 1261 2302 recipit(
1281 2223 1304 2304 ).

373 2322 449 2386 Cum
470 2318 663 2394 ,celebriora
700 2324 774 2382 sunt
810 2317 999 2382 Academiae
1034 2318 1161 2382 comitia
1190 2328 1243 2384 ant
1276 2319 1416 2386 indictae

332 2417 596 2500 supplicationes,
614 2416 761 2482 solebant
777 2415 808 2478 hi
826 2417 993 2481 hectorem
1010 2416 1108 2498 togati
1126 2417 1330 2498 praecedere.

374 2517 523 2592 «Quinto
549 2515 653 2581 ordini
676 2523 888 2580 accensentur
909 2514 1026 2580 bedelli
1041 2516 1098 2598 (A),
1116 2517 1242 2592 notarii,
1262 2533 1416 2599 procura-

331 2625 418 2681 tores
434 2624 465 2680 ct
481 2615 672 2696 quicumque
693 2613 904 2678 tribunalibus
927 2614 1081 2679 serviunt.
1101 2613 1179 2679 ltem
1202 2616 1413 2698 collegiorum

330 2721 528 2796 quaestores,
547 2729 584 2778 ac
605 2713 732 2778 demum
758 2711 945 2776 Academiae
968 2711 1081 2777 nuntii.
1101 2711 1216 2777 Habuit
1232 2713 1318 2779 enim
1335 2715 1411 2780 olim

332 2813 528 2878 Universitas
555 2812 586 2874 in
614 2811 810 2892 provinciam
839 2827 1093 2892 unamquamque
1121 2811 1293 2892 Belgicam,
1314 2823 1345 2878 et
1372 2816 1411 2878 ad

331 2911 499 2994 primarias
525 2910 677 2992 quasdam
704 2910 861 2984 civitates,
884 2909 1029 2974 nuntium
1057 2925 1149 2974 suum
1176 2910 1232 2993 (3).
1255 2911 1353 2976 Porro
1381 2912 1415 2975 hi

331 3027 444 3079 omnes
457 3009 585 3076 hectori
599 3009 717 3090 jurant,
733 3008 955 3090 fideiussorem
969 3008 1056 3083 dant,
1071 3010 1259 3074 Academiae
1275 3011 1415 3092 insignia

332 3117 467 3193 gestant.
492 3109 569 3172 Cum
600 3107 747 3188 publicae
777 3115 808 3172 et
837 3106 1004 3186 generales
1035 3106 1113 3171 hunt
1150 3107 1416 3188 supplicationes,

332 3219 404 3277 ante
420 3211 589 3274 Rectorem
607 3206 807 3288 gradiuntur,
826 3206 887 3270 nisi
903 3206 942 3270 ah
960 3206 1038 3270 urhe
1054 3217 1118 3270 turn
1136 3207 1253 3272 ahsint.

377 3332 389 3368 n
409 3308 495 3373 Sexti
517 3323 555 3372 ac
578 3305 732 3388 postremi
755 3304 878 3370 ordinis
901 3311 976 3369 sunt
999 3305 1167 3370 docturum
1194 3312 1247 3370 ant
1273 3307 1419 3372 licentia-

333 3417 436 3473 torum
462 3423 579 3472 uxores
600 3405 803 3486 superstites,
822 3404 848 3468 si
865 3404 949 3468 vitae
965 3419 1067 3484 genus
1084 3404 1205 3469 maritis
1221 3404 1282 3470 uita
1300 3406 1419 3471 intretis

334 3524 397 3572 raon
421 3514 555 3580 mutent,
575 3521 679 3586 neque
702 3502 893 3568 commercia
916 3511 1103 3578 exerceant3
1120 3503 1263 3568 omnium
1280 3503 1419 3588 deniqne

334 3604 589 3670 academicorum
627 3602 764 3668 ministri
802 3609 834 3668 et
870 3603 1016 3678 ancillae,
1047 3603 1197 3684 quamdiu
1237 3605 1269 3667 in
1305 3621 1418 3670 eorum

334 3703 491 3785 obsequio
507 3710 594 3780 sunt,
612 3709 643 3767 et
659 3711 872 3767 mercaturam
889 3709 1155 3782 nonoperantur.

367 3937 404 4006 (l)
425 3934 525 4006 vogen,
540 3953 575 3988 au
596 3937 670 4003 anjah
683 3935 732 3988 das
751 3931 926 4004 imprimeurs
940 3937 967 3988 el
980 3933 1028 3988 des
1042 3933 1167 3988 libraircs
1182 3935 1215 3990 da
1229 3934 1425 4016 l'Unisarsitd‚

331 4025 354 4078 ci
369 4027 476 4088 dessus,
493 4043 539 4095 pp.
555 4025 605 4080 tal
624 4042 682 4082 avr.
759 4034 761 4038 ⁴

367 4115 403 4186 (2)
425 4115 523 4186 Voyez,
539 4133 574 4169 an
596 4118 667 4185 sujet
683 4116 730 4168 des
749 4115 872 4168 bedeeux
887 4113 921 4168 da
935 4113 1125 4182 l’Universitt's,
1141 4115 1291 4190 dimensus,
1310 4135 1338 4188 p.
1354 4117 1422 4173 tao.

367 4206 405 4275 (3)
425 4205 525 4276 Vagae,
537 4221 572 4258 an
586 4208 658 4275 aujot
669 4206 716 4260 des
732 4219 884 4274 massageta
896 4205 929 4259 de
944 4203 1135 4272 l'Unirereilt't,
1148 4207 1294 4276 cidemua,
1312 4226 1340 4280 p.
1357 4209 1425 4264 438.
