3260 4944
764 411 888 482 —dld
908 450 950 464 -

353 624 366 662 u
382 601 517 680 Insuper
541 598 708 680 proposuit
730 598 880 663 dominus
896 598 1014 664 ilector
1029 598 1165 678 qualitor
1187 597 1338 664 dominus
1354 614 1395 664 ac

311 699 495 780 omagisler
516 700 674 779 flepoerus
700 697 851 761 folconis
870 696 904 777 jn
928 696 1001 777 jure
1030 697 1188 761 canonico
1213 696 1400 762 licentiatus

311 815 380 864 sex
398 796 629 878 informatione
652 795 880 860 nonnullorum
904 795 1108 860 dominorum
1131 796 1172 860 de
1189 795 1399 862 uniuersitale

310 906 374 962 aet
389 897 480 962 saluo
502 911 663 978 generoso
688 895 819 960 sallario
842 911 948 960 annue
964 895 1069 960 eidem
1092 894 1200 961 dando
1221 904 1396 961 contentus

312 1005 393 1061 »est
429 1001 598 1076 acceptare
633 991 769 1059 offitium
807 992 1004 1073 promotorie
1036 991 1132 1056 huius
1163 993 1397 1071 uniuersitatis,

310 1109 469 1174 »ponens
491 1093 522 1156 in
546 1090 777 1158 deliberatione
806 1091 1011 1158 dominorum
1037 1106 1077 1156 au
1104 1091 1228 1172 placeat
1257 1092 1394 1156 eundern

310 1192 502 1257 »mediante
531 1200 620 1256 certo
650 1207 812 1272 generoso
842 1189 973 1254 sallario
1004 1191 1087 1255 ultra
1118 1191 1242 1254 tertiam
1274 1199 1396 1272 partem

310 1289 613 1372 »compositionum
643 1289 747 1354 eidem
779 1305 817 1354 ex
845 1288 974 1354 statutis
998 1290 1218 1354 uniuersitatis
1243 1289 1396 1364 debitam„

309 1412 322 1448 s
340 1405 447 1454 annue
463 1389 569 1453 dando
586 1395 766 1469 acceptare.
784 1387 887 1466 Super
908 1404 973 1468 quo
990 1388 1187 1453 uniuersitas
1211 1387 1400 1453 deliberans

310 1487 503 1553 »commisit
519 1487 649 1552 domino
668 1486 794 1567 Reclorj
812 1495 844 1551 et
860 1486 1021 1566 deputatis
1037 1487 1268 1552 uniuersitatis.
1286 1511 1299 1548 x
1317 1489 1396 1552 acta

309 1586 535 1652 Universilatis
552 1586 590 1650 ad
608 1585 691 1650 diem
708 1585 744 1650 31
764 1585 837 1648 maii
856 1585 948 1650 1510.

350 1726 363 1762 u
381 1703 501 1768 Deinde
514 1702 683 1783 proposuit
695 1702 845 1767 dominus
858 1719 895 1766 ao
907 1702 1061 1784 magister
1074 1703 1394 1782 Repuerusloltonuis

309 1823 323 1863 s
342 1811 507 1882 promotor
526 1801 743 1866 vniuersitatis
760 1801 897 1882 qualiter
915 1801 1051 1866 facultas
1069 1802 1184 1865 artium
1206 1801 1394 1866 solemniter

310 1925 324 1961 n
341 1909 534 1982 congregata
551 1899 689 1978 priuauit
705 1917 778 1964 cum
800 1899 1026 1964 emolumentis
1049 1899 1194 1967 eiusdem
1218 1899 1390 1977 facultatis,

311 2021 324 2059 n
339 1998 374 2080 jn
391 1999 452 2062 hoe
470 1998 555 2078 quod
575 1997 659 2078 inira
675 2015 793 2064 anuum
819 1999 962 2078 proximo
978 1998 1119 2064 futurum
1143 2015 1206 2064 non
1225 2009 1394 2080 rogaretur

310 2119 324 2158 a
342 2097 380 2162 ad
397 2108 488 2162 actus
504 2096 649 2160 ciusdem
666 2097 836 2170 facultatis,
854 2113 948 2162 exeo
964 2105 996 2162 vt
1021 2097 1137 2162 asserit
1160 2098 1244 2176 cuod
1263 2097 1337 2178 jpse
1352 2098 1391 2162 ad

311 2217 324 2256 u
344 2212 474 2260 cansam
496 2195 546 2276 suj
563 2195 652 2275 offittj
677 2195 782 2275 vocar]
801 2195 876 2260 lecit
895 2195 930 2276 jn
943 2195 998 2275 ius
1013 2197 1183 2277 quemdam
1207 2197 1393 2278 magistrum

311 2292 457 2375 »Joseplr
479 2294 621 2358 Musscle
644 2293 684 2358 de
712 2294 896 2374 antwerpia
924 2294 1144 2360 minorenncm
1168 2312 1268 2376 super
1291 2297 1392 2362 abusu

311 2417 324 2454 x
343 2411 399 2474 per
411 2410 483 2458 euro
497 2404 528 2458 vt
540 2393 629 2458 duxit
642 2392 829 2466 commisso,
844 2409 882 2456 eo
896 2393 981 2473 quod
996 2393 1133 2458 leuando
1147 2394 1269 2459 litteras
1282 2395 1393 2473 [testi-l

309 2515 323 2554 n
342 2492 498 2557 moniales
514 2501 545 2556 et
558 2491 593 2572 fn
610 2492 733 2556 eisdem
756 2493 913 2556 scolarem
932 2492 1092 2556 facultatis
1113 2494 1216 2573 legum
1233 2510 1270 2558 se
1281 2493 1392 2574 jntitu·

308 2591 448 2668 alendo,
467 2607 530 2654 non
552 2591 694 2654 visitauit
710 2591 817 2654 scolas
841 2600 936 2670 prout
949 2589 1036 2670 jdem
1061 2592 1212 2672 tnagister
1231 2593 1391 2676 loaepljn

313 2689 462 2770 »iudicio
484 2688 604 2752 domini
630 2687 778 2752 flecteris
802 2703 994 2767 comparens
1017 2699 1049 2754 et
1072 2691 1225 2763 existens,
1245 2692 1347 2770 palam
1363 2701 1394 2757 et

313 2810 326 2847 u
346 2788 483 2868 publice,
502 2804 538 2851 se
555 2803 618 2849 non
635 2786 787 2850 visitasse
804 2788 1004 2867 recognocit,
1024 2805 1126 2870 neque
1142 2789 1238 2852 etiam
1261 2807 1297 2853 se
1313 2791 1397 2856 velle

312 2889 474 2952 »visitare
498 2903 650 2966 expresse
667 2885 755 2960 dixit,
775 2895 804 2949 el
821 2903 892 2949 cum
913 2885 986 2966 jose
1007 2887 1158 2952 dominus
1183 2899 1348 2968 promotor
1364 2901 1398 2953 vt

313 3008 326 3044 n
344 2985 459 3050 asserit
483 3001 520 3048 ex
545 2985 571 3065 vj
597 2983 645 3064 suj
661 2983 831 3064 juramentp¹
853 2983 887 3064 jo
911 2984 1082 3064 adeplionc
1108 2987 1183 3050 dieti
1207 2986 1296 3068 offitij
1323 3005 1396 3070 pro-

313 3107 325 3144 r
346 3085 481 3148 motoria
499 3100 554 3163 per
573 3100 645 3146 cum
667 3082 789 3163 prestitj
811 3083 872 3147 hoc
889 3083 994 3148 facere
1010 3093 1168 3160 teneatur,
1183 3102 1282 3166 seque
1299 3103 1395 3168 prop·

314 3205 326 3242 n
347 3193 432 3246 terea
449 3181 672 3246 confusionem
686 3189 739 3244 aut
756 3181 943 3246 scandalunt
958 3200 1051 3246 suurn
1067 3181 1202 3248 cilitium
1215 3187 1398 3251 exercendo

314 3305 326 3342 a
347 3281 408 3360 palj
424 3297 486 3344 non
503 3280 631 3358 debere,
648 3279 724 3360 petit
740 3280 880 3362 desuper
897 3297 953 3360 per
965 3281 1203 3346 uniuersitatem
1220 3284 1395 3367 prouideri.

314 3380 391 3442 »Ad
420 3395 482 3458 qne
508 3395 563 3458 per
596 3378 761 3443 dominum
793 3389 1011 3460 promotorem
1036 3381 1211 3460 proposita,
1245 3383 1398 3464 magister

314 3477 501 3543 xlolromtes
535 3476 660 3542 Sterrltc
693 3478 733 3543 de
764 3479 932 3543 uleernele
969 3478 1053 3542 dicte
1085 3479 1244 3544 facultatis
1281 3483 1396 3546 artium

316 3598 328 3634 n
347 3574 490 3640 decursus
506 3577 732 3658 respondendo
751 3577 829 3640 dixit
844 3577 928 3657 quod
951 3577 1093 3656 prefatus
1115 3579 1267 3658 magisler
1285 3581 1398 3664 foseplt

315 3697 327 3734 n
346 3675 386 3739 dc
409 3675 547 3742 oonsilio
570 3675 788 3740 vniuersitatis
812 3675 954 3740 existens
978 3693 1015 3738 ac
1039 3677 1147 3758 legens
1170 3687 1201 3741 et
1225 3695 1341 3759 regens
1361 3679 1395 3762 jn

315 3795 328 3832 u
346 3775 456 3840 eadem
475 3773 624 3840 facultate
640 3775 755 3839 artium
780 3792 843 3839 non
861 3783 1007 3839 teneatur
1027 3776 1075 3838 vel
1093 3775 1252 3858 obligetur
1266 3779 1402 3846 visitare

313 3871 503 3939 electiones
533 3875 564 3936 in
594 3875 699 3956 aliqua
729 3873 934 3954 superiorum
965 3873 1162 3939 facultatum.
1190 3877 1397 3962 Subiungens

315 3971 512 4036 »dominum
534 3981 753 4054 promotorem
779 3989 841 4036 non
869 3972 974 4036 solum
1003 3982 1135 4054 propter
1158 3977 1314 4053 premissa
1343 3995 1400 4059 per

315 4093 329 4129 x
347 4086 419 4134 eunt
435 4071 570 4153 allegata
586 4071 625 4134 ab
640 4070 866 4136 emolumentis
882 4069 1025 4135 eiusdem
1044 4072 1202 4136 facultatis
1223 4076 1262 4137 ad
1278 4091 1397 4141 annum

318 4185 422 4236 nesse
452 4185 661 4251 suspensum,
692 4171 749 4233 sed
780 4179 912 4252 propter
941 4169 1050 4250 ptlures
1079 4179 1111 4235 et
1140 4171 1288 4238 diuersas
1317 4175 1400 4240 alias
