3240 4946
735 413 920 484 -482—

285 605 474 689 pourror‘ent
488 602 726 669 doresemunnt
741 588 816 668 vser
831 608 862 668 ot
878 601 956 667 mire
971 617 1046 667 vser
1061 600 1101 666 de
1116 601 1145 664 la
1165 599 1368 666 iurisdiction

285 706 325 770 de
349 704 466 769 lediote
488 700 736 768 conseruatorie
759 700 850 766 seton
873 700 921 766 les
944 699 1119 781 priuileged
1140 699 1225 782 ouils
1243 709 1368 776 enom,

284 803 385 868 soubz
399 803 447 867 les
463 797 712 874 modificatione
730 799 857 880 poinots
873 807 904 864 et
919 798 1048 864 articles
1070 800 1188 864 dessus
1210 799 1366 872 insereres,

284 912 317 968 et
339 914 403 966 non
426 899 629 975 aoltrement,
654 897 779 964 letone
800 897 934 980 iusques
953 914 969 960 a
991 907 1100 964 nostre
1117 898 1238 980 reppet,
1255 907 1287 962 et
1301 905 1369 962 tnnt

282 999 349 1081 quil
366 1016 449 1065 noos
464 998 575 1080 plaira.
593 997 625 1060 Si
642 997 791 1062 donnons
807 1014 847 1062 en
864 996 1067 1062 mondement
1087 1013 1104 1060 a
1127 1014 1187 1062 nos
1210 995 1368 1062 tresnhier

282 1109 313 1164 ot
340 1099 443 1164 reaurx
471 1097 523 1163 les
542 1095 729 1161 Channelier
751 1105 783 1160 et
803 1113 884 1178 gens
906 1096 946 1160 de
970 1103 1079 1164 nostre
1101 1096 1201 1178 grand
1225 1094 1367 1170 Conseri,

282 1197 470 1264 cnanoetier
491 1206 524 1262 et
545 1213 626 1277 gens
649 1196 689 1260 de
705 1203 816 1261 nostre
831 1195 959 1260 Conseit
977 1212 1016 1260 en
1034 1195 1182 1280 {trabant
1201 1193 1369 1260 president

284 1305 316 1362 et
330 1313 410 1378 gens
426 1296 466 1360 de
487 1304 597 1360 nostre
621 1294 777 1359 chambre
800 1295 841 1359 de
865 1294 992 1359 Conseil
1017 1311 1057 1358 en
1080 1293 1244 1370 Flandres
1261 1293 1367 1358 Grend

284 1394 416 1460 Brittieu
446 1393 487 1458 de
517 1393 668 1476 flaynnau
697 1402 728 1457 et
756 1409 836 1474 gens
862 1392 902 1458 de
929 1401 1039 1458 nostre
1064 1391 1192 1458 Conseil
1219 1391 1367 1470 attone,

284 1492 472 1558 Lieutenont
501 1500 533 1556 et
561 1507 642 1573 gens
672 1490 712 1554 de
744 1499 860 1572 nostre
895 1490 1051 1556 chambre
1086 1491 1126 1556 de
1162 1489 1290 1556 Conseil
1325 1507 1365 1556 en

284 1591 452 1666 rotlande,
480 1589 708 1655 Gouuerneurs
735 1589 775 1654 de
800 1589 932 1666 Nomen,
955 1588 994 1654 de
1021 1589 1110 1666 Lide,
1134 1588 1174 1656 de
1201 1590 1311 1670 nouay
1335 1597 1366 1654 et

226 1734 229 1744 -
283 1688 451 1764 dOrohies,
478 1689 612 1752 Preuost
639 1697 669 1754 et
693 1690 830 1753 conten
853 1687 1095 1762 Vstonoiennes‚
1120 1687 1304 1754 Esooutette
1326 1687 1367 1751 de

284 1788 430 1864 Matines,
454 1785 575 1852 Baittns
600 1787 641 1852 de
666 1786 975 1862 Louuain,.dmmon
1004 1787 1043 1852 de
1069 1786 1247 1864 Bruxelles‚
1266 1787 1367 1851 Mero·

282 1904 381 1969 graue
396 1887 555 1961 ddnuers,
572 1896 603 1950 et
618 1902 636 1950 a
652 1893 725 1954 tous
748 1902 808 1950 nos
831 1885 951 1950 onltres
975 1884 1137 1950 iusticiers
1160 1893 1192 1950 et
1213 1884 1366 1960 officiens,
1418 1869 1422 1882 “

282 1985 336 2068 qui
359 2002 393 2050 se
416 1984 502 2066 peult
518 1993 549 2050 et
565 2000 681 2066 pourra
698 1985 832 2050 touoher
847 1991 878 2048 et
895 1983 1057 2066 regarder,
1075 1985 1143 2050 leur
1159 1985 1364 2058 lientenants.

283 2093 315 2150 et
337 2101 375 2149 au
399 2085 540 2149 ohascun
563 2082 658 2147 dentx
681 2083 827 2148 endroiot
849 2099 907 2164 soy
922 2092 953 2148 et
969 2082 996 2146 si
1012 2099 1136 2149 nomme
1151 2100 1169 2148 a
1185 2084 1238 2166 luy
1252 2100 1367 2166 apper-

282 2183 421 2259 tiendre,
437 2197 499 2264 que
514 2182 554 2246 de
570 2197 629 2246 noz
645 2191 795 2262 presente
809 2197 917 2262 grace,
934 2189 1038 2263 ottroy
1054 2189 1086 2247 et
1108 2183 1237 2260 accord,
1250 2189 1281 2248 et
1297 2189 1367 2248 tout

283 2281 315 2346 le
336 2288 475 2346 oontenu
498 2297 538 2344 en
561 2279 721 2344 eesdietes
745 2288 924 2360 presentes,
942 2279 1033 2344 selon
1056 2292 1088 2345 et
1110 2297 1167 2362 par
1181 2280 1211 2344 la
1228 2281 1368 2348 maniere

283 2395 346 2462 que
358 2379 424 2443 dict
435 2387 496 2454 est,
506 2377 546 2442 ils
560 2379 676 2454 tacent,
686 2377 841 2443 senffrent
852 2385 883 2442 et
895 2377 1030 2442 laissent
1042 2378 1175 2444 tesdiors
1188 2380 1367 2462 supptinnts

283 2477 478 2559 ptainemem
504 2486 535 2542 et
561 2476 783 2556 peisiblement
809 2477 878 2557 ioyr
908 2485 939 2542 et
968 2493 1043 2542 vser
1072 2493 1148 2542 sans
1178 2477 1248 2543 leur
1276 2479 1365 2557 taire,

285 2583 406 2641 mentre
432 2591 473 2640 ou
500 2575 636 2649 donner,
661 2591 699 2639 ne
725 2573 856 2639 sonffrir
881 2583 968 2640 estre
996 2575 1081 2651 seint,
1105 2575 1165 2640 mis
1191 2593 1231 2642 on
1259 2578 1368 2643 donne

282 2675 400 2740 autnon
436 2673 640 2739 destourbier
674 2690 715 2739 ou
745 2675 1007 2755 empesonement
1035 2691 1074 2739 nn
1105 2675 1276 2742 contraire.
1306 2678 1367 2741 (tar

283 2772 366 2836 ainsi
384 2789 464 2836 nous
481 2771 577 2852 plaist
592 2772 612 2834 il
629 2780 717 2837 estre
732 2771 818 2837 faint.
836 2771 881 2836 En
899 2773 1036 2855 tesmoig
1049 2772 1090 2839 de
1105 2791 1142 2840 oe
1159 2791 1240 2840 nous
1262 2792 1366 2842 anons

283 2871 358 2936 saint
375 2880 493 2937 mentre
511 2879 621 2936 nostre
637 2871 702 2936 seel
719 2887 736 2934 a
752 2887 807 2936 ees
823 2881 1002 2953 presentes.
1311 2868 1315 2879 '

328 2971 472 3036 «nonne
507 2987 547 3037 en
578 2977 689 3036 nostre
718 2971 793 3036 ville
822 2971 862 3036 de
891 2971 1057 3036 Bruxelles
1086 2972 1116 3038 le
1145 2974 1195 3037 xxi
1224 2974 1298 3056 jour
1326 2975 1368 3042 de

284 3068 455 3135 decembre
471 3070 522 3133 lsn
538 3069 578 3134 de
593 3085 689 3151 grane
706 3069 759 3133 mil
776 3069 849 3151 oinq
865 3085 956 3134 oens.

328 3169 461 3251 »Aponi
482 3169 646 3251 soudsr'pne
671 3187 679 3234 :
701 3169 762 3234 Par
783 3168 948 3235 ttonsieur
969 3170 1153 3237 ldrnhiduo.
1172 3174 1236 3236 Et:
1259 3173 1369 3241 Secre-

282 3266 364 3334 taire
380 3267 550 3334 Hanneton
568 3290 596 3331 n.

330 3467 374 3530 Le
402 3466 556 3550 principal
585 3466 666 3548 grief
691 3466 821 3530 articul&
849 3481 956 3532 contre
985 3467 1029 3530 les
1057 3469 1303 3534 conservatories
1329 3491 1368 3536 en

284 3566 411 3651 general
433 3568 507 3630 e'tait
529 3565 559 3628 ln
579 3566 718 3647 cupidite'
732 3565 771 3629 de
786 3567 853 3629 leur
864 3568 1045 3649 'personneL
1065 3570 1151 3632 Pour
1166 3570 1274 3632 obvier
1288 3570 1307 3632 d
1321 3585 1369 3635 cet

283 3667 506 3728 inconvenient
525 3677 555 3728 et
577 3665 701 3727 obtenir
722 3666 794 3748 plus
815 3665 995 3730 facilement
1015 3667 1044 3729 la
1070 3668 1249 3732 revocetion
1275 3669 1315 3732 de
1339 3670 1369 3733 la

284 3783 433 3844 suspense
448 3763 492 3826 du
511 3763 652 3826 tribunal
667 3765 706 3827 de
721 3785 779 3826 son
794 3766 1037 3840 Conservateur,
1055 3767 1258 3832 1'Universire
1272 3770 1367 3838 avait.

284 3874 380 3925 arant
410 3861 440 3924 la
467 3861 575 3925 charte
603 3863 647 3926 du
680 3883 713 3927 21
744 3864 907 3926 decembre
938 3867 1028 3941 1500,
1056 3866 1119 3946 pris
1145 3865 1373 3950 l'engagement

284 3961 426 4024 solennel
447 3960 486 4024 de
508 3961 586 4025 faire
609 3965 712 4025 suivre
734 3961 940 4039 dorenavant,
957 3964 1036 4026 dans
1061 3964 1089 4025 la
1112 3967 1292 4047 perception
1319 3966 1374 4030 des

284 4071 370 4122 taxes
392 4059 410 4121 ὲ
433 4059 601 4126 l'occasion
623 4061 678 4123 des
699 4059 860 4124 differente
881 4073 964 4125 actes
984 4060 1023 4124 de
1039 4062 1223 4144 procedure,
1241 4085 1284 4128 un
1301 4067 1377 4130 terit

286 4157 401 4242 qu’elle
430 4160 613 4224 soumettait
642 4159 660 4222 d
688 4160 931 4242 l’approbation
947 4160 991 4224 du
1023 4163 1130 4242 prince
1164 4175 1195 4226 et
1232 4163 1287 4246 qui
1322 4164 1372 4229 sut
