3236 4944
665 417 783 508 -a'al
811 469 851 489 .-

218 607 302 692 ¹Petri
320 635 353 690 ut
376 625 602 692 cancellarium
619 625 723 692 eidem
740 626 863 692 decano
878 633 910 691 et
926 625 1172 706 temptatoriltus
1189 616 1306 707 magis·
1406 642 1415 658 ·

218 725 406 791 trandorurn
420 725 535 790 factam
548 725 754 805 supercartis
768 725 895 808 punctis
904 724 1174 790 concernentibus
1187 724 1304 790 bonum

217 835 249 892 ct
269 827 424 892 honorem
447 824 620 890 facultatis.
644 825 788 890 iniunxit
809 825 894 890 enim
916 825 999 890 idem
1022 824 1167 890 decanus
1184 833 1217 889 ut
1231 841 1307 888 ean·

217 923 368 990 cellarius
384 924 479 990 dictis
495 924 618 990 decano
635 924 794 990 facultatis
816 933 847 989 et
868 923 1112 1004 temptatoribus
1133 932 1167 988 ut
1187 939 1306 1004 nequa·

218 1039 312 1106 quam
325 1031 512 1105 presumant
524 1021 1306 1104 temptatosordinaravocareautquomodolibet

219 1121 337 1188 locare.
355 1121 458 1204 Super
474 1138 537 1203 quo
553 1121 641 1188 dedit
659 1122 793 1188 facultas
808 1121 979 1202 deputatos
1001 1123 1039 1186 ad
1056 1121 1304 1202 concipiendum

220 1237 276 1302 pro
292 1222 378 1287 bono
395 1230 426 1286 et
441 1224 566 1288 honore
581 1222 725 1288 eiusdem
742 1221 847 1303 alippa
869 1231 984 1302 puncta
1007 1238 1064 1302 pro
1084 1220 1157 1302 jnrc
1177 1231 1209 1286 et
1230 1238 1305 1286 con·

218 1321 328 1387 cordia
345 1321 492 1386 facientia
508 1321 594 1386 dicto
611 1322 733 1386 decano
749 1321 853 1385 sancti
871 1320 954 1384 Petri
978 1319 1197 1400 proponenda,
1217 1323 1305 1401 prius

218 1431 322 1486 tamon
339 1435 433 1501 uuam
444 1419 507 1484 sibi
522 1430 742 1501 proponantur
753 1420 785 1482 in
800 1419 949 1484 facultate
960 1418 1100 1498 desuper
1112 1429 1305 1501 congregata

218 1519 396 1584 referenda.
411 1519 559 1600 lleputati
573 1528 677 1584 autem
691 1520 820 1584 fuerunt
834 1519 885 1583 isti
905 1540 911 1580 :
932 1519 1074 1582 fleoonus
1090 1518 1305 1584 Geldonicneis

217 1619 369 1699 magister
394 1620 513 1682 Franco
528 1620 602 1682 Bort
626 1620 778 1708 magister
798 1619 957 1684 fodonncs
973 1617 1129 1699 Flumiupf
1152 1618 1306 1700 magister

216 1719 411 1782 ffermcnnue
427 1719 523 1782 Bront
536 1718 688 1799 magister
700 1717 877 1784 anthonius
889 1720 1036 1782 flattena
1048 1718 1200 1799 magister
1212 1719 1305 1783 foco·

216 1817 272 1880 ius
299 1816 381 1882 Galli
407 1818 560 1898 magister
584 1817 740 1882 lohannes
766 1819 804 1882 dc
828 1818 943 1882 Leodio
970 1817 1122 1898 magister
1147 1818 1305 1882 Aruoldus

217 1915 322 1980 Eldris
338 1925 400 1980 etc.
417 1938 431 1976 u
448 1915 526 1980 dcta
543 1915 704 1981 facultatis
727 1915 842 1981 artium
860 1917 897 1980 ll
914 1913 1067 1980 februarii
1083 1913 1176 1992 1436,
1193 1916 1258 1981 vol.
1277 1915 1304 1989 l,

218 2013 274 2078 fol.
291 2013 351 2078 itta
367 2024 407 2077 1¹⁰.

259 2217 272 2256 u
287 2195 406 2260 Eodem
420 2194 471 2259 die
484 2195 521 2258 dl
531 2194 706 2276 [februarij]
719 2195 818 2261 relata
832 2205 863 2262 ot
875 2183 1035 2276 publicata
1049 2205 1140 2262 erant
1156 2195 1188 2260 in
1205 2195 1302 2261 facul·

214 2305 278 2359 tate
289 2305 376 2360 certa
389 2304 507 2377 puncta
520 2295 646 2362 infacto
659 2295 842 2360 cancellarii
856 2305 887 2361 et
899 2295 1057 2362 facultatis
1069 2296 1304 2378 perdeputatos

215 2392 362 2460 eiusdem
378 2404 534 2475 concepta
550 2402 581 2458 et
597 2394 743 2459 ordinata
759 2404 791 2459 et
814 2394 1003 2473 placuerunt
1027 2393 1168 2459 facultati
1192 2394 1305 2460 voluit-

214 2509 276 2574 uue
298 2493 433 2558 facultas
458 2503 492 2558 ut
513 2492 644 2557 domino
667 2493 861 2558 cancellario
884 2493 1069 2559 huiusmodi
1094 2510 1152 2574 per
1173 2495 1304 2559 eosdem

215 2603 472 2674 proponerentur
498 2593 681 2675 deputatos.
716 2595 834 2660 l‘uncta
864 2603 970 2660 autem
997 2595 1058 2660 lucc
1085 2593 1214 2660 luerunt
1243 2611 1305 2676 que

216 2701 397 2774 sequuntur
414 2708 421 2756 :

260 2807 355 2872 olleo
370 2817 445 2873 sunt
463 2800 643 2874 'secundum
667 2808 901 2873 ordinationem
924 2809 1151 2890 deputatorum
1174 2809 1303 2874 domino

216 2905 409 2972 cancellario
427 2908 647 2988 proponenda.
667 2908 773 2972 l’rimo
788 2909 875 2989 quod
889 2909 1025 2973 facultas
1038 2907 1162 2974 Artium
1177 2919 1305 2974 nonest

216 3005 388 3072 deterioris
409 3007 606 3073 conditionis
627 3020 680 3072 aut
701 3008 836 3072 minoris
859 3007 1061 3073 auctoritatis
1076 3008 1116 3071 ad
1131 3025 1210 3074 suos
1227 3026 1302 3089 pro-

217 3106 408 3183 mouendus,
430 3106 463 3170 in
484 3107 615 3173 eosdem
637 3107 821 3186 temptando
838 3107 1051 3172 examinando
1067 3107 1236 3172 refutando
1252 3119 1306 3172 aut

216 3205 413 3272 admittendo
439 3215 534 3288 atque
561 3206 592 3270 io
619 3206 781 3270 admissos
806 3206 847 3270 ad
875 3206 1036 3272 licentiam
1070 3208 1304 3286 praesentando

216 3319 310 3386 poam
327 3313 435 3370 cetere
451 3305 632 3370 facultates.
651 3304 739 3369 lstud
757 3304 908 3369 fundatur
924 3305 955 3368 in
972 3313 1086 3371 tenore
1109 3305 1195 3371 ltulle
1215 3323 1305 3370 crec-

217 3402 314 3468 tionis
341 3403 437 3468 liuius
464 3403 561 3469 studii
588 3403 620 3470 in
647 3413 785 3484 quatuor
812 3403 880 3467 suis
908 3403 1063 3483 primeuis
1086 3403 1302 3470 facultatibus.

216 3501 432 3576 Quamobrem
460 3503 544 3568 sicut
570 3503 603 3568 in
629 3502 747 3570 ceteris
774 3502 977 3567 facultatibus
1004 3504 1216 3583 promouendi
1247 3519 1305 3584 per

216 3599 369 3668 doctores
385 3603 571 3668 earumdem
589 3611 784 3683 temptantur
803 3620 861 3666 seu
878 3602 1112 3680 examinantur,
1130 3603 1301 3670 admittun-

216 3711 268 3766 tur
280 3712 311 3766 et
323 3701 456 3767 admissi
469 3703 508 3766 ad
522 3701 683 3766 licentiam
697 3711 937 3782 presentantur,
948 3702 991 3765 lta
1004 3711 1034 3766 et
1047 3702 1180 3768 facultas
1194 3713 1304 3768 nostra

214 3800 255 3866 dc
277 3799 350 3880 jure
372 3811 405 3866 et
432 3801 503 3868 sine
530 3802 788 3868 contradictione
813 3803 1047 3884 cuiuscumque
1071 3802 1165 3868 habet
1188 3803 1306 3869 habere

215 3899 352 3964 intendit
369 3908 400 3966 et
415 3899 545 3966 habebit
561 3901 735 3982 plenariam
753 3901 956 3967 autoritatem
973 3918 1052 3968 suos
1065 3903 1306 3984 promouendos

216 3999 390 4079 temptandi
404 4009 575 4080 temptatos
588 4000 789 4064 examinandi
802 4000 999 4065 examinatos
1012 4010 1067 4066 aut
1079 4001 1239 4066 refutandi
1252 4014 1306 4067 aut

215 4096 402 4163 admittendi
414 4099 638 4180 admissosque
650 4099 688 4162 ad
702 4099 863 4164 licentiam
878 4100 1170 4181 presentandi3nec
1184 4100 1214 4164 in
1226 4118 1303 4167 oon·

215 4195 1301 4282 crariumnutnsJurtspaciflcampossessionemautprescriptionem
