3260 4944
760 443 946 508 „334-

305 641 379 695 ante
392 639 531 702 nortem,
544 625 721 710 promoturi
738 626 801 692 hoo
815 603 988 706 signifieat.
1000 615 1096 702 ¹(lund
1111 627 1139 690 si
1157 643 1230 691 eum
1244 638 1397 706 praetore

304 726 533 802 obambulabit‚
548 737 675 806 praeter
687 725 870 792 ordinarios
883 723 1051 790 ministros
1064 725 1182 806 poterit
1192 725 1298 792 adhue
1311 729 1396 792 duos

304 837 475 893 extraneos
489 825 656 891 ministros
668 829 848 897 assumere,
864 833 897 889 et
913 840 977 888 uon
991 823 1113 904 plures,
1129 823 1190 890 nisi
1206 825 1247 889 de
1259 826 1392 905 speciali

307 923 455 990 mandato
471 922 592 990 domiui
610 921 776 993 lieotoris;
793 921 821 987 si
838 938 915 988 vero
931 922 1054 1003 absque
1074 933 1223 1004 praetore
1238 923 1396 988 obambu-

306 1023 397 1098 labit,
415 1031 541 1103 praeter
556 1021 740 1086 ordinarios
755 1021 861 1085 adhue
877 1020 972 1098 duos,
991 1031 1068 1096 tres,
1086 1032 1234 1100 quatuor,
1252 1023 1398 1104 quinque

308 1132 362 1187 aut
377 1139 434 1187 sex
451 1120 726 1186 extraordinarios
743 1119 910 1186 ministros
923 1119 1011 1202 juxta
1029 1121 1185 1202 temporis
1200 1121 1396 1203 exigentiam

307 1229 462 1286 assumat.
480 1219 571 1296 Quod
595 1219 621 1283 si
645 1218 784 1300 aliquem
807 1228 902 1284 noeto
925 1219 978 1284 illa
1002 1220 1262 1299 apprehenderit,
1280 1221 1396 1287 habeat

306 1321 377 1400 ipso
393 1319 432 1383 ab
448 1318 653 1400 apprehenso
665 1327 740 1382 neto
756 1317 908 1394 sturmus,
922 1329 954 1384 et
968 1318 1103 1399 quilibet
1117 1319 1307 1384 famulorum
1324 1319 1398 1400 ejus

306 1428 445 1500 quatuor
456 1417 610 1490 stelenus,
625 1417 673 1481 sio
690 1425 795 1481 tamen
812 1424 845 1480 ut
857 1415 927 1497 ipse
943 1427 975 1481 et
988 1416 1125 1480 ministri
1141 1417 1256 1481 minori
1269 1433 1395 1482 summa

307 1516 448 1583 oontemi
462 1515 539 1591 sint,
550 1515 574 1578 si
588 1515 739 1579 dominus
753 1515 871 1580 flector
883 1515 1061 1579 seeundum
1073 1515 1257 1596 qualitatem
1272 1517 1392 1598 negotii

306 1625 338 1680 et
368 1630 577 1696 personarum
612 1613 654 1676 ila
684 1613 903 1677 arbitrabitur.
936 1613 1206 1678 Extraordioariis
1236 1613 1396 1678 ministris

306 1713 482 1793 assumptis
505 1711 643 1793 singolis
664 1713 782 1776 deutur
803 1729 860 1775 sex
882 1711 1008 1776 stuleri.
1033 1713 1065 1776 Si
1090 1713 1249 1777 neminem
1278 1730 1392 1794 appre-

307 1813 435 1886 hendet,
455 1812 558 1877 solvet
582 1811 710 1876 nomine
730 1809 952 1875 Universitatis
975 1811 1110 1893 singulis
1131 1811 1397 1876 extraordinariis

308 1911 464 1976 ministris
487 1910 661 1990 assumptis
677 1920 815 1990 quatuor
832 1911 990 1984 stoleros;
1008 1910 1077 1990 ipse
1094 1927 1171 1975 vero
1186 1921 1218 1976 et
1233 1911 1386 1976 ordinarii

309 2009 445 2074 ministri
462 2009 623 2090 stipendio
639 2025 699 2074 suo
714 2026 821 2074 annuo
837 2017 869 2074 et
884 2009 1048 2074 ordinario
1063 2010 1205 2074 contenti
1221 2019 1326 2090 erunt.

350 2143 380 2204 l.
406 2141 742 2205 Extraordinariorum
783 2140 1002 2206 ministrorum
1046 2151 1169 2206 eertum
1221 2158 1389 2206 numerum

308 2239 467 2323 designet,
480 2256 592 2304 eorum
607 2225 736 2303 nomina
751 2247 783 2304 et
798 2239 1001 2319 cognomina,
1015 2254 1053 2303 an
1069 2239 1139 2303 lona
1155 2228 1388 2305 habitationum

311 2339 435 2402 notario
460 2338 522 2420 (qui
550 2337 610 2402 hoe
633 2346 794 2402 secretum
821 2345 933 2415 teneat)
961 2337 1146 2419 inscriptis
1171 2338 1339 2412 oxiribeat;
1364 2340 1396 2402 si·

309 2455 403 2519 quem
426 2437 554 2501 illorum
582 2437 663 2500 mori
686 2437 735 2502 vel
753 2453 810 2517 per
831 2453 903 2501 eum
927 2437 1056 2501 destitui
1080 2437 1263 2517 eontigerit,
1281 2454 1398 2502 surro-

307 2545 414 2618 gatnm
442 2536 474 2599 iu
501 2535 608 2600 locum
638 2534 754 2600 mortui
785 2535 832 2600 rel
859 2535 1003 2600 destituti
1029 2535 1178 2600 similiter
1208 2535 1332 2601 notario
1359 2535 1394 2599 ln

309 2635 439 2716 seriptis
455 2634 538 2700 edat.

352 2765 383 2828 8.
407 2767 514 2829 Altera
530 2765 582 2830 die
598 2773 671 2846 post
683 2765 797 2829 laetam
812 2763 1103 2830 obambulationem
1117 2765 1178 2846 ipsi
1196 2765 1320 2830 notario
1332 2765 1397 2830 sub

236 2889 239 2894 ·
268 2889 271 2896 ·
312 2863 495 2944 juramento
524 2879 585 2940 suo
611 2863 753 2928 insinuet
780 2879 960 2935 numerum.
988 2863 1118 2928 nomina
1143 2873 1174 2929 et
1203 2863 1397 2944 orrgnomina

316 2963 641 3028 extraordinariorum
670 2962 889 3026 ministrorum
918 2981 974 3042 per
995 2981 1068 3028 eunt
1096 2974 1190 3028 nocte
1212 2973 1396 3043 assumpto-

316 3079 398 3134 rum,
425 3079 463 3126 ae
492 3072 596 3126 utrum
627 3071 720 3125 noete
744 3061 883 3144 aliquem
911 3062 1170 3142 apprehenderit,
1199 3062 1332 3143 etquid
1361 3061 1393 3124 iu

314 3161 494 3244 symbolum
518 3160 660 3234 dederim
678 3176 736 3241 pro
759 3176 822 3241 quo
838 3160 948 3224 decern
972 3160 1112 3225 stoleros
1126 3171 1158 3226 et
1179 3177 1241 3225 non
1257 3160 1397 3242 amplius

315 3261 352 3323 ad
377 3276 459 3324 onus
482 3258 703 3323 Universitatis
728 3258 866 3340 singolis
890 3259 1025 3329 vicibus,
1042 3259 1159 3340 quibus
1181 3257 1221 3324 de
1245 3259 1398 3324 mandato

314 3358 435 3424 domini
453 3357 599 3422 hectoris
615 3357 881 3432 obambularent,
899 3358 976 3423 dare
993 3360 1122 3439 poterit.

355 3489 387 3553 9.
412 3489 582 3554 Promotor
598 3499 729 3570 propter
748 3505 877 3553 oausam
893 3489 1021 3554 civilem
1042 3489 1201 3554 nerninem
1216 3491 1400 3570 apprehen·

315 3587 443 3654 datnisi
455 3588 495 3652 de
507 3603 662 3667 expresso
675 3589 822 3652 mandatu
833 3587 1049 3661 {testerbant
1060 3589 1100 3652 de
1111 3587 1183 3669 luga
1196 3600 1399 3668 suspectum,

317 3703 375 3751 neo
390 3686 483 3750 etiam
499 3685 541 3750 oh
556 3686 719 3762 delictum,
734 3686 795 3751 nisi
811 3685 981 3751 sufficienti
999 3687 1235 3768 praeparatoria
1250 3687 1401 3751 informa·

314 3785 401 3850 tione
424 3783 625 3864 praebebam
643 3784 674 3847 in
692 3784 836 3864 flagranti
861 3795 967 3849 tamen
982 3785 1112 3860 delicto,
1130 3795 1185 3850 aut
1200 3786 1231 3849 in
1255 3785 1395 3866 publicis

316 3883 503 3964 prostibulis
527 3893 685 3963 repertos,
709 3893 763 3947 aut
791 3882 978 3965 noctivagos
1003 3900 1076 3949 oum
1103 3883 1272 3966 prohibitis
1298 3886 1400 3949 armis

314 3983 386 4048 sine
412 3981 531 4058 lumine
553 3981 740 4048 insedentes
765 3981 866 4046 libere
888 3983 1107 4064 apprehendat
1130 3993 1163 4049 ot
1185 3983 1225 4047 ad
1247 3999 1401 4050 oaroeras

313 4081 463 4146 doduoat.

359 4213 407 4276 ll).
433 4212 599 4278 Promotor
616 4225 673 4292 pro
688 4211 827 4293 qualibet
844 4227 983 4292 persona
999 4229 1056 4295 per
1070 4229 1142 4280 eum
1164 4214 1196 4277 in
1212 4213 1265 4280 die
1279 4229 1397 4295 appre-
