3236 4944
669 433 853 498 -tat-

262 614 357 696 uligo
373 613 411 678 N.
426 612 512 696 jmc,
530 614 614 697 quod
636 615 774 682 lldeliter
793 618 949 684 exercebo
965 617 1105 685 cilicium
1123 621 1303 703 recepturis

218 714 454 788 Universitatis‚
469 713 558 796 juxta
574 723 691 781 statuta
707 726 739 781 et
760 717 983 784 ordinationes
1002 719 1147 801 ejusdem
1168 721 1303 788 Univer-

218 814 334 891 sitatis‚
357 813 391 880 et'
409 813 494 892 duod
516 815 674 880 nemiuem
697 817 904 895 substituam,
924 818 984 883 nisi
1004 820 1044 884 de
1064 821 1204 890 concilio
1225 819 1303 887 lint-

141 957 143 962 ,
218 914 380 980 versitatis
395 914 596 982 existentem.
612 937 627 977 a

260 1049 291 1112 3.
317 1047 475 1130 Receplor
489 1055 564 1114 ante
577 1047 693 1114 testum
711 1048 831 1130 Regum
846 1050 1023 1132 proximum
1043 1060 1181 1133 praestet
1193 1070 1301 1120 coram

218 1148 360 1216 scabinis
382 1147 491 1230 oppidi
517 1147 724 1214 lovaniensis
740 1149 946 1216 Universitali
970 1152 1151 1218 cautionem
1176 1153 1224 1220 vel
1248 1154 1302 1220 det

218 1247 442 1330 lldejussorem
459 1247 576 1312 laicum
597 1263 655 1329 pro
675 1265 799 1313 summu
823 1249 1033 1318 ducentorum
1063 1251 1300 1334 Philipporum

217 1365 311 1431 quarn
328 1347 509 1414 cautionem
527 1347 557 1410 in
572 1347 714 1428 proxima
730 1350 980 1432 congregatione
995 1351 1158 1418 exhibebit
1170 1352 1302 1418 Uuiver·

218 1448 315 1514 sitati.

259 1581 289 1646 l.
315 1581 474 1662 Receptor
489 1580 594 1662 signet
609 1598 721 1647 ornares
738 1581 847 1647 literas
860 1582 971 1664 judicii
994 1583 1211 1649 inchoatorias
1231 1583 1301 1649 sive

219 1681 387 1762 primarias
409 1680 556 1746 Reoloris
579 1689 610 1746 et
633 1682 888 1757 conservatoris,
913 1693 1081 1764 antequam
1105 1683 1298 1766 sigillentur.

219 1782 281 1848 l’ro
301 1781 463 1862 signatura
485 1778 617 1860 recipiet
637 1788 703 1844 tres
723 1781 876 1856 stuleros,
898 1781 1041 1862 exceptis
1063 1781 1165 1847 litoris
1185 1781 1299 1848 subse·

217 1881 390 1962 quenlibus
421 1901 428 1941 ι
463 1879 565 1959 primo
595 1879 697 1945 literis
727 1897 826 1960 super
855 1879 982 1962 injuriis
1015 1882 1184 1964 expeditis,
1216 1882 1301 1947 unde

217 1989 354 2062 quatuor
381 1979 522 2044 stuleros
549 1978 698 2059 recipiam
722 1978 867 2045 secundo
892 1979 993 2044 literis
1017 1981 1179 2060 primariis
1206 1999 1305 2063 suprr

218 2089 403 2159 transporta
427 2077 595 2158 expeditis,
621 2094 692 2141 nam
717 2088 793 2143 tunc
819 2078 847 2142 si
874 2086 1079 2160 transponas
1106 2080 1167 2146 erit
1193 2080 1304 2146 decem

219 2178 426 2244 rbenensium
443 2189 474 2244 et
490 2178 583 2252 inira,
594 2177 726 2258 recipiet
741 2193 797 2242 sex
813 2179 954 2244 staleros
965 2201 972 2252 ;
983 2179 1010 2242 si
1028 2189 1232 2260 transportus
1244 2179 1306 2246 erit

217 2295 315 2358 supra
331 2277 442 2343 decem
459 2277 637 2342 rlrenenscs
653 2287 684 2342 ct
700 2276 779 2340 inlra
796 2277 918 2358 uiginti,
936 2278 1070 2358 recipiet
1092 2289 1215 2358 septem
1236 2287 1304 2344 stu·

218 2377 321 2450 leros;
350 2377 376 2442 si
404 2393 482 2442 vero
508 2385 713 2456 transportus
740 2377 800 2441 erit
827 2377 935 2460 viginti
966 2379 1173 2443 tironensium
1202 2395 1304 2460 usque

217 2475 426 2558 quadraginta
444 2475 620 2540 rbcueuses
636 2475 811 2550 exclusive,
827 2476 958 2556 recipiet
971 2477 1215 2550 octostuleros;
1230 2476 1302 2542 etsi

216 2574 709 2656 eritquadragintarbenensiurn
719 2584 867 2656 etsupra,
879 2576 1010 2656 recipiet
1025 2577 1301 2643 ncucntstulcros.

259 2725 289 2788 b’.
313 2724 473 2805 Receplor
488 2723 593 2806 signet
608 2723 717 2790 literas
733 2723 943 2789 secundarios
960 2725 1054 2790 etiam
1079 2741 1179 2805 super
1194 2725 1303 2790 debito

220 2823 402 2904 recognito;
427 2821 556 2904 quaesi
580 2823 645 2888 sint
668 2823 827 2902 Recioris,
847 2841 905 2904 pro
931 2824 1094 2905 signatura
1120 2823 1302 2906 hujusmodl

220 2923 359 2989 medium
373 2923 529 2988 stolorum
543 2922 692 3004 recipiam
704 2923 731 2988 si
745 2940 821 2987 vero
837 2924 902 2987 sint
913 2921 1032 2988 domini
1047 2922 1301 3000 conservatoris,

218 3025 298 3088 duas
314 3021 447 3086 blankas
464 3022 539 3088 inde
556 3023 700 3103 recipiet.

258 3155 289 3219 6.
315 3155 474 3235 Receptor
488 3155 595 3235 signet
610 3154 721 3220 literas
738 3153 972 3220 testimoniales
988 3153 1085 3222 studii
1103 3171 1202 3236 super
1218 3154 1303 3220 lruc·

216 3255 303 3319 libus
319 3253 548 3319 benellclorum
564 3253 596 3316 in
612 3253 758 3318 absentia
775 3252 1004 3335 percipiendis,
1019 3264 1051 3319 et
1065 3270 1123 3335 pro
1139 3253 1304 3334 signatura

216 3352 399 3434 huiusmodi
418 3363 482 3418 tres
497 3352 639 3417 staleros
656 3351 799 3434 recipiet,
819 3351 878 3414 nisi
895 3351 948 3416 ille
964 3352 1057 3436 cujus
1078 3352 1189 3417 literae
1209 3360 1303 3416 erunt

216 3452 312 3518 l'uerit
338 3451 378 3517 de
405 3451 542 3517 concilio
562 3451 805 3527 Universitatis3
828 3467 899 3514 nam
927 3461 1003 3518 tunc
1027 3467 1123 3516 unum
1147 3451 1303 3516 stulerum

214 3553 378 3616 dumtaxat
393 3551 538 3633 recipiat,
555 3561 586 3617 et
602 3551 630 3616 si
646 3551 836 3616 benelicium
853 3551 884 3614 in
902 3550 1004 3616 literis
1017 3549 1200 3631 hujusmodi
1214 3565 1302 3614 men·

214 3649 369 3717 ticuatum
385 3651 427 3716 sit
442 3653 503 3716 sub
516 3651 657 3716 dioecesi
671 3650 880 3732 Traiectensi,
897 3649 1030 3733 recipiat
1046 3650 1129 3714 duos
1145 3647 1298 3716 staleros.

256 3803 286 3862 i.
313 3801 471 3881 Receptor
491 3800 529 3864 ab
549 3817 601 3876 eo,
618 3801 672 3882 qui
697 3800 728 3866 in
753 3799 856 3880 primo
879 3815 940 3865 suo
959 3798 1096 3864 adventu
1113 3806 1188 3864 ante
1204 3797 1301 3864 linem

213 3901 318 3981 quarti
334 3901 455 3965 mensis
472 3915 550 3966 suae
566 3900 793 3965 intitulationis
809 3910 863 3964 aut
884 3915 985 3964 novae
1008 3914 1087 3963 suae
1108 3897 1303 3963 residentiae

213 3999 315 4063 literis
341 3998 502 4081 aliquibus
533 4000 575 4064 uti
602 3999 751 4073 vuluerit,
780 3998 914 4079 recipiat
945 3997 1119 4078 peculium,
1148 3997 1209 4062 boo
1237 4005 1299 4071 est,

213 4097 371 4179 siquidem
408 4097 461 4164 ille
496 4099 528 4162 in
561 4097 667 4178 aliqua
696 4098 900 4178 superiorum
932 4097 1129 4162 Facultatum
1159 4096 1298 4171 studeat,

215 4197 466 4276 uorem;sirero
482 4197 513 4260 in
531 4196 692 4265 Facultate
707 4197 822 4267 artium
836 4196 973 4274 studeat,
988 4195 1130 4287 quinque
1142 4195 1297 4270 stulcius.
