3100 4942
636 473 820 575 :rnoss

212 711 387 764 Annuiotion
406 716 452 765 des
471 715 577 766 clauses
596 717 788 766 contrair‘es‘d
807 715 836 764 ia
854 715 1009 764 concession
1028 713 1062 762 de
1083 713 1111 762 la
1130 713 1236 773 fureur.

183 927 185 932 Ι
222 849 295 916 Nou
322 850 524 916 obstantibus
551 851 719 931 premissis
744 868 782 916 ao
807 851 958 916 omnibus
985 849 1050 914 iilis
1076 864 1138 930 qne
1164 847 1269 933 dictus

178 949 398 1040 predecessor
420 950 450 1020 in
478 946 558 1030 ipsis
584 951 700 1016 litteris
722 951 801 1016 alins
823 950 855 1013 in
882 949 943 1014 suo
965 944 1269 1035 roborednraturis

179 1063 249 1112 non
277 1048 407 1114 obstare
433 1049 535 1114 uoluit
560 1050 741 1131 ceterisque
764 1037 944 1129 'contrariis
968 1042 1252 1129 quibuscunque!

177 1144 228 1210 Ne
256 1157 359 1211 antem
390 1147 436 1214 de·
459 1151 568 1214 statuti
595 1149 808 1214 ordinationis
837 1159 868 1214 et
898 1148 1019 1214 decreti
1050 1145 1268 1226 predictorum

180 1243 311 1310 uiribus
333 1264 391 1326 pro
417 1250 562 1330 eoquod
591 1265 689 1329 snper
711 1249 775 1312 iliis
801 1249 903 1330 ipsius
930 1245 1173 1327 predecessoris
1200 1241 1271 1306 eius

179 1346 436 1424 superueniente
456 1347 542 1413 obitu
560 1348 664 1413 littere
679 1347 826 1412 coniecto
842 1346 1039 1436 nominerint
1054 1345 1093 1408 ab
1109 1341 1270 1422 aliquibus

179 1441 356 1516 hesitetnr‚
372 1445 521 1510 uolumus
534 1453 564 1510 et
577 1447 688 1510 eadem
704 1445 893 1511 anctoritate
908 1446 1018 1510 decer·
1038 1443 1043 1526 Ι
1063 1443 1168 1506 nimus
1184 1439 1269 1521 quod

179 1540 292 1606 littere
305 1553 471 1622 presentes
486 1545 524 1608 ad
539 1546 738 1626 probandum
756 1545 849 1626 plene
863 1553 1016 1609 statutum
1033 1541 1270 1607 ordinationem

180 1649 215 1704 et
231 1640 399 1705 decretum
422 1642 605 1718 huiusmodi
629 1644 746 1725 ubique
767 1643 939 1719 sufficiant,
958 1659 1017 1708 neo
1038 1642 1076 1706 ad
1101 1641 1130 1703 id
1156 1638 1270 1720 proba-

181 1737 287 1804 tionis
302 1740 435 1805 aiterius
450 1741 656 1822 aminiculum
674 1743 865 1824 requiratur.

584 1913 737 1965 Anothemo
756 1919 782 1965 et
801 1917 872 1966 dato.

227 2043 314 2106 Nuiii
338 2062 416 2127 ergo
441 2047 573 2114 omnino
596 2049 759 2115 hominum
777 2050 870 2114 iineat
891 2049 974 2114 hanc
997 2047 1139 2129 paginam
1163 2053 1274 2110 nostre

183 2142 364 2206 uoluntatis
384 2145 390 2226 Ι
408 2155 440 2209 et
468 2148 708 2213 constitutionis
734 2149 910 2230 infringere
942 2147 991 2212 uei
1014 2148 1042 2212 ei
1069 2162 1148 2210 ausu
1174 2155 1274 2208 teme-

182 2242 277 2304 rario
299 2244 471 2307 contraire.
489 2245 520 2308 Si
544 2247 616 2326 quis
637 2258 743 2312 autem
760 2249 821 2312 hoc
837 2255 1025 2327 attemptare
1041 2240 1274 2325 presumpserit

184 2338 443 2420 indignationem
466 2346 696 2426 omnipotentis
718 2347 768 2411 dei
792 2357 824 2412 et
846 2347 1012 2412 beatorum
1031 2345 1113 2411 Petri
1137 2353 1169 2408 et
1188 2338 1273 2404 Pauli

185 2439 419 2519 Apostolorum
437 2442 505 2507 eins
527 2461 563 2508 se
579 2445 704 2510 nouerit
724 2446 939 2511 insursurum.
961 2446 965 2530 i
986 2445 1055 2509 [iat.
1074 2444 1174 2507 Rome
1189 2436 1272 2520 apud

184 2535 470 2618 Sanctumpetrnm
507 2543 598 2606 Anno
635 2544 866 2610 iucarnationis
903 2544 1065 2609 dominice
1102 2541 1274 2605 millesimo

185 2635 509 2718 quadringentesimo
531 2642 776 2721 quadragesimo
797 2655 888 2708 sexto
908 2642 1150 2725 quartodecimo
1165 2639 1274 2702 kalen-

186 2735 250 2798 das
268 2737 386 2816 dpriiis
403 2737 610 2805 Pontificatus
628 2745 728 2808 nostri
745 2743 838 2808 Anno
855 2745 975 2825 primo;

231 2899 316 2964 Sour
331 2902 359 2966 le
371 2904 416 2984 pii
431 2907 450 2967 ὰ
464 2905 580 2986 prurire
597 2931 607 2968 :
622 2925 712 2971 xxxv.
729 2909 778 2974 io.
795 2910 835 2974 de
850 2907 960 2988 Collis,
977 2916 1004 2972 et
1022 2907 1057 2970 P.
1075 2905 1275 2986 Philippron.

230 3030 297 3094 Sur
311 3035 339 3098 le
350 3036 395 3115 pii
409 3039 428 3099 d
443 3038 543 3102 droitc
561 3039 616 3102 εδ.
634 3040 675 3105 de
691 3041 807 3122 Spada.

230 3163 314 3229 Souo
329 3167 373 3230 ies
388 3167 452 3232 iore
467 3170 504 3232 de
518 3171 548 3233 lu
564 3169 646 3234 burte
662 3191 703 3234 oo
719 3191 805 3236 verro
823 3192 832 3238 :
847 3173 896 3237 Jo.
915 3174 955 3236 de
971 3171 1140 3237 Stecoatis.

231 3303 319 3366 Dorta
335 3301 364 3365 ie
383 3304 407 3367 R
421 3304 458 3367 de
473 3304 504 3367 lo
518 3307 714 3385 repistrotion
732 3330 742 3368 .·
757 3307 913 3370 Tiburtin.

567 3471 693 3540 Original
713 3490 762 3526 sur
780 3472 946 3544 parchemin,
961 3471 1036 3526 muni
1057 3471 1091 3525 de
1104 3469 1131 3523 ia
1149 3469 1224 3522 bullo
1243 3485 1277 3521 en

530 3563 623 3632 plomb
640 3563 674 3616 de
692 3563 802 3618 Nicolns
816 3565 850 3632 V,
865 3563 990 3620 attachde
1003 3569 1020 3617 d
1033 3563 1080 3617 des
1099 3562 1157 3615 laos
1174 3560 1208 3614 de
1221 3559 1279 3614 soie

530 3669 616 3721 rouge
641 3659 669 3709 et
690 3657 785 3724 jaune,
810 3672 864 3710 aux
892 3655 1024 3710 Anchises
1050 3653 1083 3706 de
1107 3653 1135 3706 la
1158 3651 1223 3706 ville
1245 3649 1280 3704 de

531 3743 664 3800 Lourein.
