3194 4940
691 613 889 702 dalrltttla
907 625 948 702 tt.

582 813 639 882 ‘alto
660 809 818 881 rotantes
836 825 1054 888 ‘tornationes

319 995 504 1063 muman
518 995 650 1080 rotarat
668 997 707 1062 tn
728 995 934 1063 exminuare.
949 1025 990 1046 ...
1007 987 1273 1063 «mamertia
1285 987 1369 1078 reyr-

278 1095 496 1162 rtmtalortntr
508 1095 605 1177 nujus
619 1095 786 1178 aaronis
799 1102 849 1161 est
865 1091 1150 1171 nanneticam
1164 1089 1365 1160 aristocratia

277 1199 559 1277 temperatamate
572 1194 691 1261 ilector
702 1196 871 1278 gubernat,
882 1195 940 1260 sed
952 1205 1024 1260 cunr
1037 1193 1222 1260 academico
1233 1191 1366 1270 serata

276 1294 397 1376 aulone
419 1295 473 1358 nic
490 1294 603 1358 'omnia
623 1293 812 1360 moderatu
834 1305 872 1358 ac
896 1299 1063 1374 temperat,
1080 1297 1112 1359 et
1133 1285 1174 1357 ab
1190 1297 1234 1358 eo
1247 1287 1367 1357 decim

276 1393 492 1475 iode'oetldet.
506 1393 658 1459 matum
675 1391 906 1470 domninum,
920 1399 1016 1475 atoue
1030 1389 1112 1459 ad'eo
1128 1389 1232 1473 instro
1247 1389 1367 1456 dando

276 1489 1076 1575 democraticumonlnouaraoulratrs,ouaruro
1090 1483 1370 1572 trimaestsacr'ae

277 1591 460 1672 theologia
475 1593 620 1657 secanda
633 1589 716 1674 luris
731 1589 893 1666 mnarum,
912 1591 1005 1657 tertia
1018 1587 1103 1672 luris
1122 1585 1237 1664 cirilla,
1254 1583 1366 1672 odida

278 1684 459 1766 medicina,
472 1689 584 1770 omnia
597 1691 724 1756 ommni.
740 1685 786 1754 llr
802 1689 873 1765 noo,
886 1691 944 1772 oui
959 1689 1073 1756 decern
1088 1695 1175 1766 sont,
1188 1692 1241 1754 aul
1256 1701 1276 1754 e
1291 1679 1370 1769 oua-

278 1791 353 1853 tesr
374 1789 635 1870 poematorum
659 1785 934 1872 grammarcis,
958 1791 1042 1871 auos
1065 1793 1214 1870 regentes
1233 1791 1363 1862 uocant,

277 1894 332 1952 aut
350 1887 467 1968 pnbdci
483 1887 701 1968 professores,
717 1883 1193 1970 semiaeternitatem
1216 1886 1365 1951 medere·-

277 1995 379 2057 tcres.
394 1985 426 2049 ln
438 1997 585 2051 senattmr
597 1995 817 2062 assumuntur,
833 1997 895 2051 non
910 1989 990 2052 r'ero
998 1985 1143 2069 magistri
1159 1985 1289 2059 anion,
1302 1981 1365 2046 niti

281 2091 339 2168 tter
354 2085 526 2150 trienninm
543 2087 685 2166 promoti
700 2085 828 2160 marina
846 2093 900 2152 ant
914 2101 975 2167 ner
988 2083 1151 2151 tiernium
1167 2083 1199 2148 ln
1216 2079 1368 2148 muniuit

280 2184 395 2249 eninm
410 2187 467 2248 a'ut
482 2185 515 2248 in
530 2185 718 2266 pedagogio
734 2183 852 2266 aliquo.
871 2183 920 2250 r'ol
935 2181 1013 2249 ilico
1029 2199 1086 2249 seo
1104 2183 1216 2248 selrola
1240 2176 1367 2263 pontica

281 2282 425 2364 eiusdem
443 2283 614 2357 facultatis,
631 2285 813 2349 docuerint.
832 2284 877 2348 lla
893 2297 977 2349 anno
994 2283 1085 2359 itur,
1104 2281 1211 2347 idibus
1225 2277 1369 2361 augusti,

280 2380 518 2462 ddmtrtomissc
535 2383 650 2447 lactea
675 2381 880 2447 motrllatibns
899 2381 983 2462 jnris
1008 2381 1174 2462 utriusque
1197 2385 1229 2445 et
1250 2379 1366 2444 artium

280 2482 312 2544 in
349 2481 528 2545 ioannem
565 2481 683 2557 Boot,
722 2481 903 2546 Brabautiae
939 2481 1184 2556 caracellarium,
1216 2478 1367 2544 convenit

279 2579 362 2644 inter
377 2581 507 2645 easdem
525 2581 693 2645 facultates
709 2581 758 2658 (ll.
781 2579 905 2644 invitus
922 2591 1027 2644 tamen
1044 2579 1118 2644 huie
1134 2577 1240 2644 ordini
1258 2577 1368 2642 nullus

281 2677 488 2742 adscribitur.
517 2683 519 2688 ’

328 2800 342 2836 ι
362 2777 406 2842 ne
428 2778 576 2841 civilibus
591 2778 772 2842 Academiae
792 2778 928 2856 nononis
943 2780 982 2843 ad
999 2777 1150 2842 Senatum
1168 2777 1285 2841 licetur
1300 2777 1373 2856 inse

285 2878 400 2952 relect,
429 2887 460 2940 et
482 2894 520 2942 ex
543 2877 687 2940 omnium
710 2887 765 2941 aut
789 2877 926 2956 plurium
953 2877 1137 2940 l'aoultatutn
1160 2873 1313 2955 suffragio
1336 2875 1371 2937 lit

284 2973 422 3039 Senatus
438 2977 632 3038 consultum.
652 2975 729 3038 Nam
747 2984 915 3055 postquam
932 2973 1051 3040 Reclor
1067 2975 1229 3054 negotium
1249 2974 1370 3038 indica·

286 3075 339 3147 tit,
354 3074 510 3138 secedunt
523 3075 688 3137 laenitatos
700 3074 849 3155 singula,
863 3086 894 3138 et
909 3074 1080 3138 consilinm
1094 3073 1210 3136 viritim
1227 3073 1372 3153 capiunt.

285 3173 376 3245 Quod
394 3172 497 3236 visum
521 3173 616 3236 luerit
639 3174 824 3237 l'aoultatnm
848 3173 961 3238 decani
986 3190 1023 3237 ex
1046 3172 1160 3237 ordine
1177 3171 1369 3236 renuntiant.

286 3271 454 3334 Corroludit
470 3269 589 3335 Rector
604 3283 636 3336 et
651 3272 764 3336 statuit
779 3273 829 3348 (tt.

324 3470 362 3539 (Ι)
382 3471 423 3524 On
441 3475 537 3524 trouve
556 3471 604 3524 das
621 3468 720 3524 details
732 3487 781 3525 eur
793 3476 864 3525 celte
877 3477 1051 3525 controversa
1065 3476 1142 3524 entre
1155 3468 1196 3522 lee
1210 3467 1327 3523 facultas
1339 3467 1375 3522 de

287 3561 362 3616 droit
374 3569 403 3616 et
415 3562 463 3615 des
475 3569 534 3616 arte
547 3562 615 3616 dans
634 3562 660 3616 le
679 3563 798 3634 premier
811 3567 920 3618 voltrme
937 3563 986 3618 deo
1005 3567 1088 3618 Actes
1108 3560 1275 3616 manuscrits
1294 3560 1328 3616 da
1347 3559 1374 3613 la

289 3651 392 3706 iacullt's
411 3653 460 3707 dee
478 3656 560 3724 Aris,
581 3653 723 3708 conseratis
742 3654 916 3723 auj0urd'hui
940 3671 992 3708 aux
1016 3651 1149 3707 Archiree
1171 3651 1317 3722 genarum
1337 3651 1373 3705 du

290 3742 442 3814 Royaume.
457 3749 473 3798 d
488 3743 642 3799 Bruxelles.

326 3833 362 3902 (2)
383 3833 543 3888 Vernulaeus
562 3837 655 3904 ajoute
675 3852 708 3889 en
728 3847 768 3890 eet
793 3835 901 3890 endroit
926 3854 932 3888 :
960 3859 972 3881 a
991 3833 1103 3888 iuterim
1125 3831 1250 3887 omnium
1273 3831 1301 3886 in
1324 3831 1378 3886 hoe

289 3924 446 3978 academico
467 3925 568 3979 Senatu
589 3925 670 3996 plena
690 3927 874 3981 venerationis
894 3925 1017 3994 gravitas
1040 3935 1091 3993 eet,
1116 3923 1163 3979 ead
1188 3941 1220 3978 ca
1243 3921 1378 3977 facilitate

289 4014 472 4085 comitataque
493 4015 636 4085 permixta,
653 4023 683 4070 ul
697 4016 817 4070 facilitas
831 4016 865 4070 de
879 4018 956 4086 justa
970 4015 1140 4071 authoritate
1154 4013 1224 4067 nihil
1237 4015 1375 4077 detrahat,

290 4105 412 4174 gravitas
426 4107 562 4160 neminem
580 4107 744 4161 absterreat.
760 4105 838 4169 Quod
858 4107 922 4160 dutn
943 4107 1067 4162 intuetur
1081 4124 1113 4160 ac
1131 4107 1216 4159 sentit
1230 4107 1373 4174 juventus,

290 4211 358 4264 erga
370 4195 496 4250 doctores
509 4213 573 4250 suos
588 4196 779 4264 reverentiam,
792 4213 857 4266 erga
871 4197 945 4251 eires
960 4195 1177 4268 placidissimam
1191 4211 1296 4265 pacem,
1312 4209 1380 4248 cum
