3100 4942
619 460 662 490 ..-
681 425 742 500 ,tit
765 459 809 476 -

150 603 264 670 missa
287 605 341 674 uei
362 603 530 688 quodiibet
552 607 785 687 premissorum
806 607 949 674 feceritis
964 623 1022 690 per
1036 623 1097 674 vos
1111 604 1259 677 uetsub·

155 703 283 770 misses
311 720 470 785 personas
495 705 642 786 predicte
665 723 721 774 ses
745 707 871 774 dierum
895 705 1054 774 cononica
1081 704 1260 773 monitione

152 802 327 884 premisse
342 803 525 884 ingressum
540 805 680 872 ecclesie
694 805 920 880 interdicimus
935 805 967 870 in
984 801 1208 886 bisecnipn‘s.
1223 803 1256 871 st

159 918 241 970 nero
254 901 425 968 interdicti
444 919 502 983 per
517 904 600 970 elios
621 921 680 972 sex
694 905 764 973 dies
780 905 886 970 dictos
909 920 967 970 sex
981 903 1051 975 dies
1075 903 1258 973 immediate

151 1009 343 1082 sequentes
363 1001 583 1072 sustinueritis
597 1020 657 1073 nos
680 1004 713 1072 in
735 1003 799 1088 biis
820 1003 968 1086 scriptis,
983 1001 1082 1070 simili
1101 1000 1256 1073 canonice

160 1099 348 1166 monitione
363 1102 523 1180 premisse
535 1102 766 1187 suspendimus
778 1119 796 1168 n
808 1101 1063 1172 diuinisienum
1077 1099 1105 1167 ti
1119 1101 1258 1180 presunt

154 1197 331 1264 interdicti
346 1207 381 1264 et
398 1196 626 1280 suspensionis
641 1202 818 1272 sententies
835 1218 893 1282 per
906 1200 990 1269 otios
1012 1216 1071 1266 sex
1085 1199 1169 1274 dies,
1186 1215 1258 1280 pne-

156 1297 249 1362 ietos
264 1296 440 1364 duodecim
454 1298 526 1367 dies
540 1299 724 1372 immediate
737 1309 915 1383 sequentes
927 1298 1046 1366 enimin
1071 1297 1158 1382 quod
1175 1296 1259 1374 obsit

152 1395 388 1462 sustinueritis
410 1396 581 1476 induretis,
599 1416 660 1466 vos
680 1399 713 1468 in
729 1399 793 1480 biis
810 1398 942 1482 scriptis
965 1397 1076 1466 sedern
1099 1394 1256 1486 canonice

160 1494 346 1562 monitione
374 1496 533 1578 premisse
566 1513 606 1562 eu
635 1514 720 1566 nunc
752 1507 849 1578 prout
878 1513 918 1564 ex
947 1506 1024 1570 tuno
1052 1504 1151 1561 etex
1179 1503 1258 1560 tunc

153 1602 260 1672 'prout
275 1610 316 1658 ex
334 1610 431 1670 cnunc,
444 1595 789 1665 excommunicationis
804 1593 963 1662 sententie
980 1591 1187 1662 innodamus.
1198 1591 1259 1659 Per

160 1707 358 1771 processum
385 1702 491 1758 autern
516 1703 663 1758 nostrum
686 1694 871 1762 huiusmodi
897 1692 1049 1760 nolumus
1070 1707 1134 1759 noe
1152 1691 1258 1758 inten-

153 1789 272 1854 dimus
290 1791 413 1856 nostris
432 1791 465 1854 in
481 1792 589 1870 utiquo
611 1793 813 1874 prciudicnre
835 1791 981 1874 collegis,
998 1790 1172 1872 quominus
1194 1788 1258 1870 ipsi

163 1889 214 1954 uei
239 1903 357 1954 eorum
384 1889 477 1965 niter,
501 1901 631 1956 scrunto
649 1901 756 1956 temen
779 1891 841 1957 boc
868 1899 981 1956 nostro
1001 1899 1158 1971 processu
1182 1903 1259 1968 pos·

154 1997 239 2052 sunt
254 1987 331 2070 (sie)
346 2003 406 2053 seu
428 1989 533 2069 possit
555 1991 587 2054 in
602 1990 788 2056 huiusmodi
805 1987 1007 2055 executionis
1030 1986 1160 2069 negotio
1177 1985 1258 2050 vite-

163 2086 233 2150 rius
264 2085 456 2168 procedere,
486 2097 581 2168 prout
610 2089 658 2154 eis
688 2090 739 2156 uei
765 2102 878 2154 eorum
907 2087 999 2154 ottoti
1026 2087 1131 2158 nisum
1161 2083 1258 2150 tuerit

155 2185 334 2266 expedire.
362 2185 606 2253 Absolutionem
635 2203 713 2254 vero
739 2188 884 2254 omniurn
913 2196 946 2252 et
971 2185 1172 2267 siugutcrun
1201 2181 1258 2264 qni

164 2284 312 2363 prefatas
333 2295 463 2350 nostros
485 2287 676 2362 sententies,
693 2297 747 2353 aut
772 2303 883 2353 cerunt
899 2285 1038 2368 ntiquom
1062 2279 1259 2352 incurrerint

154 2397 220 2448 seu
252 2384 430 2449 incurrerit
463 2386 694 2468 quoquomodo
732 2387 826 2452 nobis
864 2386 914 2452 uel
944 2381 1104 2466 superiori
1142 2388 1255 2446 nostro

162 2482 389 2547 tautummodo
406 2497 624 2550 reseruemus.
642 2485 677 2550 ln
693 2485 830 2568 quonum
847 2485 990 2552 omniunt
1006 2491 1039 2548 et
1054 2481 1255 2563 sungutonnm

160 2578 261 2645 tidem
286 2590 319 2646 et
342 2581 562 2648 testimonium
586 2585 831 2666 premissorum,
860 2589 1028 2665 presentes
1051 2579 1176 2646 titteres
1196 2595 1256 2644 seu

162 2693 305 2759 presens
332 2680 495 2760 pubiicum
523 2685 773 2749 instrumentum
803 2679 988 2748 huiusmodi
1019 2687 1151 2746 nostros
1181 2691 1256 2759 pto·

164 2793 283 2842 nessus
306 2777 338 2841 in
355 2795 391 2844 se
413 2782 617 2847 continentes
639 2782 711 2848 siue
724 2781 897 2847 continens
917 2779 1034 2846 exindo
1049 2777 1131 2854 deri,
1146 2785 1179 2843 et
1199 2791 1258 2858 pec

165 2878 315 2942 notarios
338 2877 487 2962 publicos
509 2881 735 2962 indescriptos
754 2879 916 2947 subscribi
940 2887 973 2946 et
988 2877 1144 2961 pubiineri
1166 2889 1256 2940 men·

159 2973 315 3040 donimus
342 2978 509 3059 nostrique
535 2979 633 3060 sigitii
659 2979 795 3044 fecimus
822 2978 1022 3061 uppensions
1049 2971 1254 3042 communiri.

160 3071 281 3138 batum
298 3085 330 3138 et
345 3084 450 3142 ectum
469 3077 599 3160 tousutj
617 3079 649 3144 in
665 3079 816 3145 domibus
838 3085 951 3144 nostre
966 3070 1064 3144 solite
1082 3073 1259 3140 residentis

165 3173 226 3236 sub
253 3189 341 3239 nnno
367 3189 385 3237 a
407 3176 568 3242 nativitate
594 3177 716 3244 donnini
740 3178 912 3244 mitissimo
939 3173 1257 3259 qnadrtnqentsstmo

162 3271 417 3354 quadragesimo
453 3276 566 3352 tercio,
604 3277 781 3343 indictione
816 3285 917 3355 sexte,
948 3275 1002 3341 die
1034 3289 1114 3340 vero
1148 3272 1257 3338 vitium

169 3372 293 3436 mensis
314 3372 466 3454 Augusti,
490 3374 700 3442 Pontibeetus
723 3376 835 3457 preicti
858 3373 979 3441 domini
1004 3373 1118 3449 nostri,
1134 3370 1258 3437 domini

169 3465 302 3551 Enqeuij
321 3487 403 3552 pepe
417 3473 521 3554 quenti
539 3491 625 3540 enno
641 3475 741 3542 tercio
758 3473 897 3549 decimo,
913 3471 1120 3554 presentibus
1140 3470 1259 3536 ibidem

169 3567 412 3634 superstitibus
426 3581 458 3636 et
473 3572 626 3638 discretis
640 3572 720 3638 viris
735 3572 901 3654 magistris
914 3570 1034 3638 Jecobo
1050 3569 1133 3637 Bont
1144 3568 1260 3634 artium

165 3674 200 3730 et
215 3666 376 3734 medicine
390 3687 428 3734 ec
442 3669 588 3736 Jobunne
603 3673 644 3737 de
659 3671 804 3737 Kesseke
816 3672 848 3734 in
864 3671 987 3736 eisdem
1003 3669 1128 3736 artibus
1143 3667 1258 3750 megis-

167 3764 235 3840 tus,
251 3783 291 3831 nc
304 3766 450 3836 tubanus
463 3769 550 3834 Hans
569 3769 752 3852 presbitero
765 3768 956 3836 Leodiensis
971 3777 1004 3834 ot
1015 3765 1258 3833 Cameracensis

171 3863 361 3941 diocesium.
376 3867 514 3934 testibus
528 3869 568 3934 ed
585 3869 744 3951 premissa
756 3868 881 3934 vocetis
898 3866 1126 3948 spectetiteret
1137 3863 1260 3947 rogetis

211 3961 247 4028 Et
262 3963 474 4032 metobaure
490 3967 586 4032 Boeis
600 3967 681 4032 elias
697 3967 739 4032 de
753 3965 953 4048 tteupeners
967 3965 1087 4032 ciorico
1109 3963 1260 4029 Comere-

168 4061 259 4125 censi
281 4061 411 4143 publico
433 4065 609 4146 apostolice
629 4074 661 4131 ot
682 4063 841 4146 imperteti
856 4063 1103 4130 auctoritatibus
1119 4060 1261 4134 notorio,

169 4157 225 4238 qui
236 4159 394 4226 dictarum
406 4161 585 4229 litterarum
599 4163 851 4246 apostoticarum
864 4160 1095 4245 presentationi
1108 4169 1141 4226 et
1151 4175 1264 4242 recep-
