3246 4944
721 441 955 508 -ola-

269 644 413 700 sensum,
431 642 525 706 quem
542 625 642 689 tenuit
665 632 696 688 et
720 631 806 688 tenet
828 631 938 688 sancta
964 624 1061 686 Mater
1082 620 1226 686 Ecclesia
1249 620 1354 702 (cujus

267 735 317 791 est
336 724 480 806 judicare
503 723 543 788 de
566 740 642 788 vero
665 739 762 786 sensu
786 731 818 787 et
840 720 1102 802 interpretatione
1117 720 1353 801 scripturarum

268 823 462 904 sanctarum)
484 840 522 887 ac
544 823 637 887 etiam
661 829 771 886 contra
799 822 981 885 unanimem
1006 835 1202 885 consensum
1226 819 1353 883 Patrum

268 924 369 1002 ipsam
383 923 578 1002 scripturam
593 928 736 986 sanctam
750 920 865 986 audeat
877 919 1090 1000 interpretari,
1100 927 1194 1008 prout
1205 917 1352 983 Sess.IV.

269 1015 1352 1115 sanctissimectprudentissimepraefluitcouoiliumTridentinum.

786 1175 846 1238 tv.

313 1319 423 1391 Porro,
441 1333 512 1381 cum
530 1333 593 1380 nou
616 1317 658 1380 sit
681 1316 742 1381 ulla
766 1316 808 1380 in
823 1315 971 1381 facultate
995 1313 1175 1396 theologica
1197 1314 1293 1380 lectio
1316 1332 1353 1379 err

270 1416 415 1480 instituto
440 1415 588 1494 primaria
612 1415 751 1479 senioris
773 1423 805 1478 at
826 1413 966 1495 junioris
986 1413 1125 1488 nomine,
1143 1414 1356 1481 scholasticae

270 1513 450 1595 theologiae
489 1514 690 1592 professores
727 1521 929 1592 nuncupatos
967 1513 1128 1587 volumus,
1162 1512 1259 1594 idque
1295 1513 1356 1579 hoc

271 1613 377 1688 mod0,
396 1611 499 1692 utqui
518 1612 712 1676 scholastica
737 1611 858 1677 diutius
881 1629 920 1676 cx
943 1611 1050 1678 officio
1072 1612 1228 1687 docuerit,
1247 1613 1357 1678 senior

271 1713 324 1786 sit,
341 1712 422 1776 alter
438 1727 515 1776 vero
527 1710 648 1792 junior.

777 1857 855 1922 LVI.

315 2007 429 2071 Senior
452 2007 557 2086 itaque
581 2006 794 2071 scholasticae
812 2005 992 2087 theologiae
1009 2005 1174 2086 professor
1188 2005 1359 2086 explicabit

276 2107 408 2186 primam
425 2105 489 2170 divi
506 2105 645 2170 Thomae
663 2114 797 2186 partem,
815 2121 896 2186 quae
919 2105 958 2169 de
982 2105 1183 2169 sanctissima
1206 2105 1358 2170 Trinitate

273 2215 305 2267 nt
332 2221 438 2268 rerum
466 2205 640 2278 creatione,
663 2205 702 2267 de
728 2204 860 2285 drigelis
882 2212 914 2268 ct
937 2203 1064 2267 homine
1088 2203 1201 2283 primo,
1225 2203 1360 2284 aliisquo

275 2302 328 2366 [lui
359 2303 524 2382 operibus,
551 2301 654 2382 deque
685 2301 977 2382 praedestinatione
1007 2309 1102 2383 atque
1132 2301 1358 2381 reprobatione

273 2402 354 2481 agit;
372 2401 518 2465 similiter
536 2413 567 2465 et
583 2401 707 2466 tertiam
725 2411 857 2482 partem,
875 2402 1011 2482 quaeda
1034 2409 1162 2466 nostrae
1185 2401 1299 2466 salutis
1321 2417 1359 2466 ac

274 2500 486 2580 reparationis
509 2510 640 2565 auctore
664 2499 805 2577 Christo,
823 2501 863 2565 de
885 2499 1097 2566 sacramentis
1113 2517 1151 2564 ac
1175 2500 1359 2566 novissimis

275 2607 407 2673 tractat;
432 2615 469 2662 ac
496 2616 752 2681 unamquamque
776 2608 897 2679 partem
921 2599 1023 2664 tribus
1047 2616 1118 2663 cum
1143 2599 1246 2664 medio
1268 2599 1361 2662 annis

275 2697 432 2775 absolvet,
452 2697 643 2779 habebitque
659 2700 769 2764 horam
787 2701 943 2764 decimam
961 2699 1160 2764 matutinam.

776 2855 865 2920 tvtt.

318 2997 440 3057 atvero
456 3010 494 3056 ne
506 2993 758 3072 disputationum
773 2994 949 3074 frequentia
965 2994 1058 3058 nimis
1071 3012 1167 3074 saepe
1179 2995 1258 3059 haec
1266 2994 1361 3060 lectio

278 3091 539 3170 interrumpatur,
565 3091 734 3155 statuimus
766 3102 811 3166 ut,
839 3093 966 3172 quando
997 3095 1074 3156 hora
1104 3109 1161 3156 sua
1188 3093 1361 3158 constituta
1422 3105 1424 3114 ’

279 3190 345 3253 fieri
364 3207 426 3252 riou
444 3198 560 3270 potest,
580 3199 683 3254 tunca
698 3191 801 3255 medio
815 3191 917 3254 martii
933 3192 1083 3271 usquead
1098 3193 1212 3257 festum
1227 3192 1364 3256 Bavonis

280 3290 332 3352 liat
359 3289 436 3353 hora
465 3299 553 3353 sexta
580 3289 743 3361 matutina,
773 3307 790 3353 a
818 3291 899 3354 festo
926 3306 1002 3354 vero
1030 3289 1166 3353 Batonis
1194 3307 1296 3371 usque
1324 3291 1363 3354 ad

280 3387 418 3452 medium
437 3389 539 3452 martii
557 3405 573 3452 a
590 3388 725 3468 septima
743 3389 896 3469 usquead
914 3397 1075 3464 octavam;
1098 3389 1148 3454 vel
1173 3387 1200 3451 si
1222 3405 1364 3454 commo-

279 3485 351 3550 dius
381 3487 537 3561 vidaatur,
570 3487 623 3552 liat
653 3504 781 3567 semper
810 3496 931 3552 aestate
960 3488 1039 3552 hora
1069 3487 1219 3567 septima,
1251 3488 1364 3570 hyeme

279 3586 456 3664 quadrante
471 3595 545 3668 post
561 3587 742 3668 septimam,
759 3603 951 3668 semperque
966 3587 1059 3652 duret
1074 3604 1131 3669 per
1146 3587 1269 3652 horam.

772 3742 877 3808 tvtll.

320 3883 432 3970 iunior
447 3894 550 3950 autem
568 3885 780 3950 scholasticae
805 3885 984 3967 theologiae
1008 3885 1175 3966 professor
1196 3885 1367 3967 explicabit

284 3981 416 4059 primam
446 3987 609 4048 secundae
639 3995 671 4049 et
700 3985 874 4050 secundam
906 3985 1087 4060 secundae,
1120 3985 1151 4048 in
1182 3985 1298 4066 quibus
1327 3985 1367 4050 do

283 4080 407 4144 actibus
429 4083 588 4155 humanis,
613 4084 653 4148 de
677 4083 817 4148 hominis
840 4083 1047 4159 heatitudine,
1075 4083 1115 4148 de
1141 4083 1311 4148 virtutibus
1337 4092 1368 4148 et

284 4177 369 4247 uitiis
396 4179 426 4241 in
453 4199 571 4267 genere
597 4191 628 4248 ot
654 4183 684 4245 iu
711 4184 832 4270 specie,
857 4182 897 4246 de
919 4182 1041 4266 iustitia
1067 4192 1098 4248 et
1124 4183 1207 4266 jure,
1230 4181 1365 4267 allisque
