3240 4946
727 463 910 529 -535—

313 646 362 709 lV.
387 647 547 712 Exccutor
577 647 714 728 explicet
749 646 957 712 monitionem
990 664 1045 713 seu
1084 647 1359 716 denuntiationem

270 763 362 829 quam
395 746 480 822 iecit,
499 763 537 812 eo
565 747 715 812 idiomate
743 764 799 812 seu
827 763 946 828 genere
973 747 1146 824 sermonis,
1165 759 1198 812 ut
1225 749 1359 832 intelligi

270 848 371 928 possit
388 861 405 908 a
422 863 559 926 persona
577 847 672 911 citata
689 855 719 911 ct
736 846 768 910 in
785 846 857 911 loco
875 847 1031 928 eiusdem.

311 945 347 1009 V.
372 945 531 1011 Executor
553 962 681 1027 semper
706 945 938 1026 complectatur
964 963 1022 1010 sua
1047 947 1202 1012 relatione
1229 947 1359 1014 modum

272 1061 349 1111 suae
365 1044 566 1110 executionis
589 1053 619 1110 et
636 1044 881 1126 responsionem
900 1044 1001 1120 citati,
1019 1053 1049 1110 et
1066 1045 1092 1110 si
1115 1063 1186 1110 eum
1203 1047 1360 1128 repererit

271 1160 413 1225 aegrum,
431 1144 481 1208 vel
499 1143 676 1220 absentem,
696 1160 754 1208 nec
772 1161 834 1208 non
853 1143 931 1207 alias
948 1143 1219 1209 circumstantias.

312 1243 362 1306 Vt.
388 1243 457 1306 Non
476 1241 527 1306 ilat
544 1241 652 1306 citatio
673 1259 730 1324 per
745 1241 896 1317 edictum,
916 1243 977 1306 nisi
995 1243 1085 1323 prius
1109 1243 1300 1319 constiterit,
1319 1243 1358 1310 dc

271 1360 333 1408 non
352 1350 419 1406 tuto
435 1341 483 1407 vel
502 1340 584 1406 lucili
602 1357 734 1406 accessu
759 1341 796 1404 ad
816 1357 998 1422 personam,
1017 1341 1065 1406 rel
1083 1343 1120 1406 ad
1140 1342 1281 1420 domum,
1299 1360 1356 1408 seu

271 1441 484 1515 domesticum
504 1458 562 1505 uec
575 1440 767 1506 decernatur
780 1441 828 1505 rel
846 1439 1030 1504 admittatur
1047 1441 1127 1506 iacta
1144 1457 1200 1522 per
1216 1441 1355 1506 edictum
1405 1515 1408 1520 ,
1527 1496 1530 1507 .

270 1541 391 1616 citatio,
410 1539 470 1604 nisi
487 1555 625 1622 persona
643 1539 767 1604 citanda
786 1539 898 1616 latitet,
917 1548 970 1604 aut
988 1539 1149 1605 nesciatur
1165 1541 1217 1604 ubi
1234 1540 1286 1605 sit.

312 1639 377 1703 vtt.
403 1638 480 1704 Cum
498 1638 552 1704 tiet
575 1655 632 1720 per
648 1639 785 1704 edictum
805 1638 924 1713 citatio,
944 1637 997 1704 irat
1022 1639 1059 1703 ad
1077 1638 1245 1704 ecclesiam
1263 1656 1355 1720 paro·

269 1739 404 1804 chinium
429 1737 490 1803 loci
515 1737 721 1802 habitationis
745 1737 875 1811 citandi,
894 1739 962 1802 sive
979 1738 1030 1801 uhi
1055 1738 1085 1800 in
1103 1754 1141 1804 co
1165 1738 1282 1819 oppido
1306 1739 1353 1804 vcl

270 1855 351 1920 pago
363 1837 466 1904 edicta
481 1835 549 1903 ieri
563 1837 611 1902 vel
626 1835 709 1920 affigi
724 1837 840 1910 solent,
856 1837 904 1900 vel
918 1837 949 1899 in
965 1853 1040 1901 casu
1055 1853 1119 1901 non
1133 1838 1189 1901 tuti
1202 1854 1355 1902 accessus

269 1940 307 2002 ad
338 1937 507 2002 ecclesiam
538 1937 606 2001 siue
639 1939 743 2002 locum
775 1935 1049 2018 propinquiorem,
1079 1944 1111 2000 ut
1140 1937 1179 1999 ad
1211 1924 1352 2002 notitiam

269 2037 355 2102 citati
380 2037 528 2100 facillime
552 2045 647 2117 queat
672 2035 840 2116 pervenire
864 2035 985 2111 citatio,
1011 2035 1229 2101 insinuatione
1251 2037 1353 2100 eidem

271 2154 327 2217 per
342 2135 509 2218 epistolam
528 2137 619 2211 tacta,
639 2134 708 2200 sire
723 2133 856 2215 pastori,
873 2144 905 2199 ut
921 2134 1087 2199 denuntiet
1102 2135 1354 2200 excommunica-

269 2235 400 2310 tionem,
418 2235 444 2298 si
462 2235 587 2298 litterae
604 2234 722 2298 luerint
739 2232 1124 2298 excommunicatoriales.

311 2333 391 2398 l'lll.
416 2334 501 2409 Quae
519 2344 623 2398 tamon
642 2349 704 2396 non
721 2331 849 2410 dentur,
871 2331 932 2395 nisi
950 2330 1101 2396 citatione
1118 2331 1207 2412 prius
1223 2331 1304 2396 lacta
1320 2331 1352 2395 in

269 2433 512 2512 personamus!
531 2431 620 2508 alias,
638 2448 676 2496 ex
692 2431 829 2494 evidenti
844 2430 1056 2506 contumacia,
1071 2438 1101 2495 et
1117 2448 1180 2511 quo
1196 2447 1272 2494 casu
1288 2447 1351 2495 non

266 2541 442 2613 suppetunt
457 2533 516 2596 alia
534 2531 673 2597 remedia
688 2530 774 2612 juxta
791 2529 925 2594 Conciiii
939 2529 1116 2594 Tridentini
1133 2530 1310 2596 decretum.

309 2631 361 2695 tlt.
386 2632 524 2696 Mittatur
554 2631 683 2695 libellus
715 2647 785 2694 oum
819 2639 990 2694 executore
1021 2629 1171 2705 citatoro,
1204 2637 1237 2693 ut
1266 2637 1355 2694 tanto

184 2785 193 2801 ,
272 2731 386 2796 metius
411 2731 513 2810 possit
535 2731 713 2795 deliberare
735 2745 773 2792 au
794 2728 990 2794 contendere
1014 2728 1108 2802 velit;
1127 2735 1157 2792 et
1174 2728 1201 2792 si
1225 2737 1357 2793 conten·

271 2829 408 2893 dandum
441 2839 540 2909 putet,
570 2829 730 2894 instruere
761 2827 864 2910 possit
893 2845 987 2892 suom
1018 2837 1277 2908 procuratorem
1305 2835 1359 2893 aut

272 2928 384 2992 saltem
407 2929 530 2992 litterae
555 2928 774 2994 monitoriales
798 2937 860 2991 tam
883 2928 1016 2992 clareat
1036 2926 1130 3008 plano
1147 2927 1355 2993 monitionem

272 3027 390 3091 actoris
420 3043 613 3108 causamque
643 3027 742 3092 debiti
774 3027 974 3100 contineant,
1007 3035 1040 3090 ut
1069 3043 1144 3090 reus
1174 3025 1354 3091 deliberare

271 3142 408 3207 seseque
425 3127 584 3190 instruere
600 3126 714 3206 possit.

311 3225 348 3286 x.
376 3225 495 3290 Poterit
511 3232 664 3288 executor
682 3223 863 3286 mandatum
880 3221 1026 3303 accipere
1043 3221 1080 3286 ad
1099 3222 1240 3287 debitum
1257 3224 1355 3287 couti-

268 3323 398 3389 tendum
423 3323 514 3388 etad
539 3322 724 3387 dilationem
748 3321 923 3386 solutionis
946 3320 1125 3402 petendam,
1145 3321 1201 3386 sed
1228 3338 1290 3387 non
1315 3322 1353 3384 ad

269 3422 468 3504 litigandum.

311 3522 363 3585 Xt.
387 3521 558 3586 Omittatur
573 3521 727 3599 deinceps
744 3519 774 3583 in
792 3518 1024 3586 citatorialibus
1041 3519 1166 3596 litteris,
1180 3519 1263 3599 quod
1278 3536 1352 3600 pars

269 3620 381 3685 debeat
411 3636 598 3700 comparere
628 3617 840 3699 personaliter
869 3617 906 3680 ad
936 3618 1195 3699 respondendum
1232 3627 1351 3684 statuto

270 3719 321 3783 dic
336 3727 367 3783 et
383 3719 473 3794 hora,
491 3719 562 3799 quia
579 3719 608 3783 id
628 3735 685 3799 per
702 3723 942 3798 procuratorem
961 3717 1065 3782 iacere
1082 3723 1198 3798 potest.

309 3818 377 3882 xu.
402 3818 596 3884 Procurator
612 3829 717 3882 autem
736 3833 797 3882 uon
815 3824 951 3896 occupet
973 3832 1102 3882 oausam
1125 3817 1261 3897 aliquam
1285 3817 1353 3884 siue

267 3915 1351 3999 adagendum,siveaddefendendumnisipriussatisinstructus;

267 4026 436 4097 utaturque
457 4017 496 4080 in
528 4017 678 4082 omuibus
708 4015 847 4080 consilio
878 4014 1045 4088 advocati,
1077 4031 1136 4080 nec
1168 4015 1353 4082 admittatur

268 4115 376 4197 petitio
400 4117 549 4203 specialis
575 4115 812 4180 informationis
834 4114 884 4178 vei
905 4111 1088 4194 juramenti,
1106 4114 1352 4198 personalisque

268 4216 492 4297 responsionis
508 4216 615 4297 partis,
636 4215 696 4278 nisi
714 4231 750 4280 ex
768 4230 880 4296 magna
897 4220 927 4278 et
939 4213 1118 4295 iustissima
1134 4230 1243 4279 causa.
