3246 4944
758 421 943 496 -592-
1010 427 1015 433 '

312 615 374 681 mis
403 633 501 696 super
529 614 677 690 articulo,
698 631 762 696 uuo
792 613 969 679 instituitur
997 611 1267 693 superintendens
1296 623 1395 692 super

310 716 535 780 observatione
565 713 745 795 huiusmodi
776 713 1026 788 reformationis,
1054 713 1138 794 quod
1171 711 1320 777 videlicet
1349 711 1395 774 illi

310 813 585 896 superintendenti
613 830 670 894 per
696 813 776 877 banc
805 812 1039 878 ordinationem
1067 811 1152 876 nulla
1178 811 1272 876 detur
1295 809 1393 890 juris·

310 913 408 978 dictio
431 923 484 977 aut
506 913 716 993 superioritas
739 913 770 974 in
794 912 997 996 magnificum
1021 911 1186 974 dominum
1210 909 1391 984 Rectorem,

311 1011 555 1077 Universitatem
578 1014 712 1093 eiusque
734 1009 912 1092 supposita,
931 1018 1024 1091 prout
1047 1009 1076 1073 id
1102 1009 1251 1074 similiter
1266 1009 1345 1072 alias
1361 1007 1392 1070 in

311 1112 491 1178 visitatione
517 1112 578 1176 alia
607 1119 733 1176 cautum
764 1120 796 1175 et
823 1126 1011 1190 expressum
1045 1109 1112 1174 luit.
1140 1109 1259 1174 lleinde
1289 1107 1392 1189 quoad

310 1221 495 1293 receptores
517 1205 739 1292 collegiorum,
758 1219 791 1274 ut
813 1226 879 1274 nou
897 1219 960 1274 tam
976 1209 1170 1290 generaliter
1184 1208 1394 1274 excludantur

309 1309 363 1386 uui
390 1309 516 1390 aliquod
544 1309 627 1374 aliud
655 1308 795 1373 officium
822 1308 883 1372 sibi
911 1307 1093 1388 adjunctum
1121 1306 1394 1388 habentesque

310 1407 475 1490 proprium
502 1425 594 1472 suum
622 1415 789 1488 quaestum
817 1406 945 1479 iaciunt.
965 1406 1015 1470 vel
1043 1406 1156 1470 saltem
1184 1406 1263 1472 tales
1289 1405 1395 1471 decla·

311 1516 423 1572 rentur
445 1507 549 1572 simile
571 1505 711 1570 officium
734 1505 865 1578 babere,
882 1521 920 1570 er
943 1521 1007 1586 uuo
1035 1505 1199 1587 proprium
1225 1512 1394 1586 quaestum

311 1606 438 1680 iaciant,
459 1606 511 1686 qui
537 1613 746 1670 mercaturam
770 1613 823 1670 aut
847 1605 1064 1670 mechanicam
1088 1613 1188 1669 artem
1213 1621 1273 1670 una
1297 1605 1394 1684 proli·

311 1713 427 1770 tentur.
444 1705 553 1770 'lertio
569 1715 602 1768 ut
622 1705 749 1786 quando
772 1720 789 1767 a
812 1704 934 1785 gremio
958 1703 1181 1770 Universitatls
1203 1713 1393 1784 separentur
1422 1783 1425 1788 Ι

309 1803 364 1884 uui
378 1812 454 1869 sunt
468 1803 501 1866 in
518 1803 720 1884 magistratus
736 1803 831 1884 hujus
846 1803 955 1883 oppidi
973 1802 1181 1867 boraniensis
1195 1802 1328 1868 servitio
1342 1803 1392 1866 vel

305 1902 500 1983 iuramento,
518 1902 719 1968 declarentur
742 1903 802 1968 sub
825 1902 888 1966 illis
909 1919 972 1966 non
987 1897 1220 1981 comprehendi
1232 1901 1390 1976 aduocati,

311 2011 538 2081 procuratores
560 2011 590 2066 et
612 2001 664 2066 aiii
687 2009 758 2066 actu
784 2001 963 2066 studentes.
981 2001 1124 2082 [lenique
1146 2001 1240 2068 etiarn
1267 2000 1392 2081 suppli·

309 2102 446 2166 candum
473 2118 546 2166 esse
572 2100 795 2166 serenissimis
823 2100 1035 2180 Principibus,
1059 2109 1092 2164 ut
1117 2116 1211 2166 aures
1238 2098 1393 2180 praebere

311 2201 484 2281 dignentur
511 2201 648 2281 siugulis
678 2199 880 2264 facultatibus
909 2199 1013 2264 dictae
1044 2198 1266 2264 Universitatis
1294 2198 1324 2262 in
1353 2197 1392 2262 iis

310 2315 392 2380 quae
417 2300 490 2365 illae
519 2317 693 2381 suggerere
723 2299 839 2362 babent
869 2315 926 2378 pro
954 2297 1206 2364 convenientiori
1238 2296 1393 2380 regimine

309 2398 466 2464 dictarum
493 2399 676 2463 facultatum
704 2407 735 2462 et
762 2397 963 2477 promotione
989 2397 1168 2462 studiorum
1192 2395 1389 2460 earumdem.

309 2497 425 2578 Rogari
453 2507 560 2562 autem
587 2496 798 2562 reverendum
828 2495 992 2560 dominum
1022 2495 1167 2559 abbatem
1199 2494 1391 2558 Parcensem

309 2605 468 2676 quatenus
496 2597 651 2676 accedere
681 2595 829 2676 dignetur
857 2593 1091 2660 serenissimos
1122 2593 1297 2674 Principes.
1326 2591 1390 2656 eis·

313 2693 450 2776 demque
472 2695 554 2758 banc
571 2694 789 2758 Universitatis
807 2703 942 2758 mentem
959 2700 989 2758 et
1004 2693 1197 2757 voluntatem
1215 2693 1394 2772 patefacere

314 2803 346 2858 et
362 2793 536 2868 insinuare,
555 2793 805 2875 petitionemque
828 2793 1050 2858 Universilatis
1072 2800 1284 2872 supratactam
1308 2790 1391 2872 apud

316 2891 448 2957 eosdem
464 2909 556 2972 quam
575 2892 744 2973 plurimum
761 2891 996 2966 commendare,
1012 2901 1044 2955 et
1059 2889 1259 2955 comitandus
1275 2889 1394 2954 dictum

316 2991 526 3057 reverendum
539 2991 703 3056 dominum
718 2991 864 3057 abbatem
881 2991 1075 3056 reverendos
1091 2989 1225 3055 eximios
1241 2999 1274 3054 et
1285 2989 1395 3054 claris

314 3090 430 3156 situum
453 3091 603 3155 dominos
618 3100 650 3155 et
672 3091 842 3171 magistros
857 3090 1008 3155 lacoburn
1024 3089 1223 3165 lansouium,
1240 3089 1394 3154 loannem

315 3189 509 3254 Paludunum
530 3200 561 3254 et
584 3189 766 3254 Cornelium
790 3187 933 3261 Silvium,
951 3191 988 3253 ad
1013 3205 1110 3268 super
1131 3187 1348 3263 difficultates,
1366 3189 1393 3252 si

312 3305 394 3369 quae
410 3290 491 3354 lorte
507 3290 624 3354 ibidem
642 3298 859 3363 moverentur,
876 3305 947 3353 cunr
970 3287 1056 3352 dicto
1072 3287 1248 3352 reverendo
1262 3287 1393 3352 domino

311 3388 425 3454 abbate
439 3389 680 3454 conterendum.

357 3589 446 3653 «ilie
473 3588 634 3663 mercurii,
658 3586 798 3652 secunda
825 3587 951 3668 augusti
978 3586 1051 3650 anrri
1079 3586 1169 3662 ltili,
1192 3585 1308 3651 indicta
1335 3586 1394 3650 luit

313 3687 518 3767 congregatio
545 3687 777 3752 Universitatis.
801 3687 834 3749 ln
861 3703 922 3766 qua
948 3685 1069 3750 domini
1096 3685 1322 3758 commissarii,
1339 3687 1393 3766 qui

311 3785 397 3865 juxta
431 3795 623 3865 postremam
656 3785 879 3850 Universitatis
912 3784 1152 3849 conclusionem
1183 3785 1393 3850 reverendam

313 3883 476 3947 dominum
503 3884 648 3948 abbatem
677 3886 866 3948 lercensem
894 3883 1075 3947 Bruxellatu
1102 3883 1243 3948 comitati
1271 3883 1396 3946 lucrant

313 3982 350 4044 ad
381 3997 453 4045 curu
484 3985 595 4048 eodem
626 3999 724 4064 super
752 3982 969 4057 difficultates,
997 3981 1024 4046 si
1054 3998 1136 4063 quae
1166 3983 1246 4046 lorte
1276 3981 1393 4044 ibidem

314 4089 529 4154 mouerentur,
545 4083 786 4157 conterendum,
805 4081 950 4146 lecerunt
969 4081 1142 4146 relationes
1159 4096 1245 4154 suas,
1263 4089 1294 4144 et
1310 4079 1396 4144 inter

313 4187 420 4242 cetera
457 4177 550 4241 etiam
587 4181 764 4245 retulerunt
799 4198 873 4246 sese
907 4180 1103 4246 intellexisse
1133 4178 1198 4242 illic
1226 4178 1393 4242 dominum
1439 4167 1442 4173 “
