3222 4944
703 495 743 508 -
766 459 887 525 748-

295 643 418 704 ubnno
442 639 533 716 1779,
551 641 602 704 die
625 641 665 705 ab
687 641 842 716 octobris,
860 641 1093 708 administratio
1118 641 1283 714 centralis,
1302 655 1339 706 ut

250 749 377 816 vocant,
405 741 634 819 departementi
667 741 785 821 bpliae,
803 758 894 822 ‘quae
924 739 1081 806 Bruxellis
1111 740 1236 822 agebat,
1265 740 1337 806 sola

251 853 309 904 sua
336 839 524 904 auctoritate
550 845 700 904 arrestum
727 839 897 922 tulitque
923 839 1146 920 supprimitur,
1168 840 1336 912 evertitur,

252 935 461 1002 conculcatur
475 937 604 1019 antiqua
619 945 651 1004 et
666 947 712 1003 tot
728 939 865 1004 saeculis
882 955 939 1020 per
950 937 1110 1019 Europam
1126 937 1337 1003 celeberrima

253 1035 463 1102 boraniensis
485 1035 696 1102 Universitas.
719 1037 962 1103 professoribus
986 1036 1159 1111 inhibetur,
1181 1053 1221 1102 ne
1242 1035 1336 1102 dein·

251 1151 329 1215 ceps
340 1135 528 1200 continuent
545 1135 779 1216 praelectiones
791 1153 867 1201 suas
879 1135 1097 1210 academicam
1112 1135 1336 1216 receptoribus

251 1232 408 1298 bonorum
435 1233 473 1296 ad
497 1233 742 1298 Universitatem
766 1234 875 1314 ejusve
897 1234 1033 1316 collegia
1056 1242 1109 1299 aut
1132 1233 1336 1298 fundationes

251 1331 462 1412 spectantium
478 1342 614 1408 vetatur,
633 1349 671 1396 ne
689 1331 824 1397 ulterius
842 1331 1105 1398 administrandis
1127 1331 1218 1397 bisce
1241 1331 1336 1396 bonis

250 1439 304 1495 aut
330 1432 443 1494 borum
470 1429 627 1494 reditibus
654 1431 849 1512 recipiendis
875 1448 949 1496 sese
974 1430 1187 1496 immisceant.
1211 1430 1336 1510 Ubique

251 1529 355 1612 sigilla
390 1539 596 1611 apponuntur
627 1548 635 1594 :
670 1531 820 1606 archivis,
852 1530 1056 1608 bibliothecis
1093 1539 1125 1595 et
1159 1530 1335 1611 generatim

251 1628 539 1712 qualibuscumque
565 1629 788 1694 Universilatis
816 1629 968 1696 musaeis.
996 1628 1165 1695 Praesides
1191 1628 1336 1710 aliaeque

253 1745 411 1810 personae
432 1728 566 1810 collegia
588 1737 643 1794 aut
665 1729 725 1792 alia
749 1729 939 1796 Academiae
961 1728 1106 1795 aedificia
1122 1727 1336 1792 inhabitantes

253 1828 335 1892 intra
350 1828 460 1892 decern
477 1827 547 1892 dies
563 1828 613 1892 bis
628 1827 784 1894 excedere
797 1829 965 1908 jubentur;
990 1828 1021 1892 ni
1046 1827 1192 1903 fecerint,
1210 1826 1337 1889 militari

253 1927 282 1990 vi
305 1927 496 2006 expellendi.
515 1927 722 1992 Professores
744 1943 858 1992 omnes
880 1927 999 2004 officio,
1017 1927 1182 2008 dignitate,
1208 1942 1337 2005 praeru-

253 2025 367 2106 gativis
383 2041 420 2090 ac
435 2025 672 2100 emolumentis,
688 2025 774 2089 nulla
792 2043 831 2090 ne
848 2025 978 2090 minima
994 2025 1099 2090 oblata
1115 2025 1335 2095 indemnitate,

253 2124 443 2206 spoliantur.
478 2123 513 2187 ln
550 2123 720 2189 Rectorem
758 2124 936 2204 [dominum
973 2123 1126 2189 loannem
1162 2123 1338 2203 losepbum

255 2221 461 2306 Havelange]‚
490 2239 601 2288 mense
629 2223 753 2289 octobri
786 2221 950 2288 bruxellas
979 2231 1011 2288 et
1041 2239 1114 2288 mox
1143 2223 1175 2288 in
1205 2221 1338 2285 Galliam

253 2321 423 2386 abductum
439 2321 496 2402 (l),
516 2338 553 2386 ac
577 2322 751 2386 nonnullos
774 2340 813 2387 ex
836 2321 950 2386 ordine
972 2321 1192 2388 ecclesiastico
1215 2319 1339 2403 profes·

253 2435 347 2484 sores
376 2419 608 2500 deportationis
644 2436 746 2499 poena
775 2419 977 2496 decernitur;
1009 2419 1060 2484 cui
1090 2436 1147 2484 seu
1177 2419 1249 2501 fuga
1281 2435 1340 2482 seu

253 2518 407 2584 latitando
423 2535 496 2584 sese
512 2518 561 2582 vix
577 2518 811 2584 subduxerunt.

298 2617 475 2682 «Ceterum
500 2619 585 2682 unde
606 2627 692 2682 tanta
716 2617 747 2680 in
770 2616 909 2697 simplici
933 2617 1163 2697 departementi
1186 2615 1339 2680 adminis-

255 2716 393 2780 tratione
408 2715 607 2780 auctoritatis
630 2716 690 2790 vis‚
707 2733 769 2798 qua
793 2715 976 2780 firmissima
999 2732 1143 2798 quaeque
1165 2715 1279 2780 evellat
1302 2731 1340 2778 ac

257 2813 420 2879 destruat?
443 2813 519 2896 Quis
535 2813 567 2878 in
590 2814 684 2878 bonis
699 2814 813 2878 alienis
829 2815 889 2878 sibi
907 2815 1107 2880 vindicandis
1124 2813 1176 2878 bic
1191 2814 1341 2878 insolitus

260 2913 446 2994 acquirendi
471 2913 606 2977 modost
624 2915 713 2996 ¹Quae
735 2914 862 2978 demum
885 2929 981 2978 causa
1005 2923 1109 2980 tantae
1131 2912 1341 2977 calamitatis?

259 3011 292 3076 ld
309 3011 361 3074 alii
381 3011 567 3092 dijudicent.
584 3011 699 3076 Verum
723 3028 804 3092 quae
827 3021 889 3074 tam
913 3011 1058 3076 funestae
1080 3027 1117 3075 ac
1140 3010 1341 3074 miserandae

258 3110 360 3176 eladis
383 3127 478 3175 causa
503 3111 608 3184 fuerit,
626 3109 687 3190 ipsi
702 3110 755 3192 qui
772 3126 841 3174 earn
859 3110 1034 3174 intulerunt
1052 3109 1153 3190 palam
1171 3109 1275 3173 fecere
1291 3108 1353 3174 bis,

259 3209 366 3275 verbis
391 3232 397 3271 :
425 3231 438 3268 n
457 3209 524 3284 Que
546 3208 746 3274 t’Universite
768 3209 808 3273 de
830 3207 982 3282 louvain,
1000 3225 1056 3289 par
1079 3224 1114 3271 sa
1138 3207 1240 3272 forme
1262 3215 1293 3273 et
1310 3207 1339 3272 la

259 3317 372 3373 nature
387 3308 446 3373 des
461 3307 606 3373 sciences
622 3307 675 3388 qui
699 3325 717 3387 y
740 3316 815 3370 sont
837 3305 1029 3387 enseignees
1051 3323 1091 3370 ne
1114 3305 1210 3370 suivit
1232 3322 1288 3386 pas
1313 3307 1344 3370 fe

260 3408 353 3472 mode
375 3406 600 3471 d'instructiun
625 3405 775 3487 publique
791 3408 946 3484 conforme
961 3423 1025 3468 oue
1036 3408 1193 3487 principes
1208 3403 1342 3486 republi-

260 3510 345 3571 cuins
363 3529 390 3569 r.
418 3505 602 3587 Cuiusmodi
632 3523 708 3570 vero
738 3515 848 3570 essent
876 3504 1075 3586 repudlieunu
1104 3505 1156 3568 ilfa
1187 3503 1342 3583 principia

259 3621 332 3669 eum
349 3622 386 3670 er
402 3605 503 3669 literis
515 3605 647 3668 mirtistri
653 3605 805 3684 justitiae,
815 3611 879 3668 tum
893 3621 932 3668 en
944 3613 1070 3669 arresto
1083 3601 1343 3682 municipalitatis

260 3703 469 3768 lovaniensis
481 3712 513 3766 et
524 3703 660 3784 epistola
673 3703 885 3768 commissarii
897 3700 1028 3766 Godfrin
1041 3701 1080 3765 ad
1093 3699 1341 3765 Universitatem

293 3916 331 3988 (l)
351 3915 441 3986 Voyec
463 3917 618 3984 duodecies,
633 3918 724 3980 XXV,
740 3935 785 3988 pp.
805 3917 945 3983 all-245,
960 3918 988 3970 la
1009 3919 1178 3984 Btoprapbte
1200 3914 1343 3994 deu-lean-

257 4007 357 4072 Josepb
371 4005 535 4074 Haustanes,
551 4013 665 4062 dernier
680 4009 795 4064 Recteur
807 4013 840 4061 de
858 4006 875 4061 l’
882 4009 1033 4062 Universae
1052 4013 1085 4062 de
1098 4008 1235 4069 Loueoln,
1249 4021 1345 4058 neuere

256 4095 401 4161 posthume
418 4101 450 4149 de
465 4097 575 4152 Nicolas
588 4097 691 4169 ioseph
705 4099 895 4166 Cnsrssrren,
911 4100 977 4152 cura
997 4098 1031 4152 ds
1045 4096 1224 4153 Dommartin,
1236 4097 1345 4162 publiea

231 4229 236 4238 .
257 4203 310 4252 pur
323 4191 361 4240 les
373 4193 449 4240 seins
462 4193 494 4242 de
506 4190 546 4245 M.
563 4191 596 4243 Α.
612 4189 802 4252 Cnnrnurmn,
817 4189 883 4243 cure
896 4189 929 4242 de
945 4189 1013 4242 Vien
1026 4187 1138 4262 (bicgo).
