3222 4944
649 495 766 560 -7tl
796 531 835 542 -

198 645 414 710 L'Unrvensrra
442 664 514 710 otas
537 663 588 710 sas
611 663 757 710 ntnronrs
779 663 852 708 tvae
875 663 910 708 ue
934 645 1131 708 Salar-Staea
1155 662 1188 706 er
1211 661 1283 706 troo

239 743 467 814 n'ltncaavaoua
494 763 530 807 ne
557 745 704 818 Mnaseas,
728 762 859 807 sennaar
886 762 919 808 m
946 751 1092 806 rnantana
1118 751 1218 806 notite
1245 757 1282 806 nu

239 854 327 907 xum·
341 852 454 907 stacta.

728 943 750 1006 l.

313 1059 396 1138 lires
411 1059 449 1122 dc
470 1060 579 1122 Benoit
599 1059 649 1123 X!
655 1060 680 1124 V
697 1061 716 1123 d
738 1059 933 1125 l’lloieersild
952 1061 989 1124 ‹le
1012 1061 1159 1124 Louuein.

596 1177 615 1229 5
635 1177 783 1232 novembre
806 1176 885 1234 1740.

242 1266 432 1332 Benedictus
449 1283 528 1346 papa
545 1265 643 1330 xllll.
661 1266 772 1332 Dilecti
790 1267 858 1330 Filii
877 1267 1009 1331 salutem
1027 1275 1058 1331 et
1073 1266 1286 1346 apostolicam·

199 1365 465 1431 benedictionem.
478 1365 643 1432 Praeclara
655 1374 762 1447 vestra
775 1365 815 1430 de
831 1365 979 1446 imposita
996 1365 1140 1444 tenuitati
1156 1373 1283 1434 nostrae

198 1465 341 1530 omnium
364 1464 574 1529 ecelesiarum
598 1464 817 1530 sollicitudine
840 1465 1019 1545 expectatio
1034 1481 1071 1530 ae
1086 1464 1204 1540 laetitia
1220 1481 1283 1545 qno

200 1564 328 1630 fidelius
351 1563 499 1643 pietatem
523 1563 618 1626 animi
643 1563 741 1628 vestri
765 1580 836 1628 cum
860 1563 1023 1628 literarum
1046 1563 1230 1628 celebritate
1253 1572 1285 1627 ct

199 1664 405 1743 incorruptae
421 1661 587 1726 doctrinae
609 1661 703 1727 laude
723 1663 876 1743 pacisque
897 1661 1006 1727 studio
1029 1663 1230 1727 coniunctam
1253 1670 1285 1728 et

200 1761 329 1826 filialem
351 1777 427 1841 erga
450 1761 516 1826 Nos
539 1760 773 1826 observantiam
798 1763 952 1835 referunt,
969 1778 1010 1827 eo
1031 1759 1227 1825 luculentius
1243 1759 1285 1825 ob
1327 1798 1329 1802 ν

199 1861 312 1926 oculos
338 1860 438 1926 Nobis
463 1859 578 1924 virium
608 1869 789 1925 nostrarum
817 1861 1066 1926 imbecillitatem
1093 1854 1225 1941 ponunt,
1252 1869 1285 1924 ut

199 1961 273 2025 inde
299 1960 499 2040 exploratius
524 1959 752 2040 intelligamus,
779 1969 812 2024 et
838 1977 931 2040 qnam
960 1959 1099 2039 impares
1125 1958 1226 2051 simus
1253 1959 1284 2022 in

199 2059 379 2139 apostolico
410 2058 588 2122 ministerio
619 2060 679 2123 rite
709 2068 885 2140 sancteque
912 2057 1073 2134 obeundo,
1100 2057 1286 2138 et'quantis

200 2158 352 2222 virtutum
381 2155 551 2236 praesidiis
578 2155 791 2236 indigeamus,
821 2167 854 2221 ut
879 2157 1041 2221 communi
1073 2155 1286 2237 expectationi

202 2265 440 2336 conceptosque
455 2253 593 2320 laetitiae
610 2254 807 2334 respondere
824 2254 997 2334 possimus.
1016 2253 1102 2328 Quae
1124 2263 1229 2318 autem
1248 2253 1289 2318 de

204 2365 357 2434 suscepto
370 2371 387 2417 a
403 2353 502 2418 Nobis
516 2354 608 2433 plane
621 2353 864 2420 immerentibus
877 2354 1073 2418 sacrosancti
1086 2354 1286 2444 apostolatus

204 2453 310 2517 ollieio
337 2453 438 2518 lausta
464 2470 502 2517 ac
527 2453 608 2518 laeta
632 2453 669 2516 ad
698 2452 851 2518 maiorem
874 2453 971 2516 divini
995 2452 1129 2518 honoris
1151 2453 1284 2527 cultum,

204 2559 365 2617 aeternam
402 2552 579 2615 animarum
616 2551 764 2628 salutem,
796 2561 827 2616 et
860 2552 1015 2616 bonarum
1045 2551 1159 2616 artium
1190 2551 1286 2616 disci-

204 2647 427 2732 plinarumque
457 2649 688 2715 incrementum
725 2650 912 2714 ominemini
950 2650 1079 2715 evenire
1114 2667 1211 2730 posse
1248 2651 1290 2714 ita

203 2746 332 2816 demum
356 2751 387 2813 in
412 2749 548 2815 Domino
571 2747 778 2825 confidimus,
803 2767 875 2814 cum
902 2749 940 2813 ab
969 2747 1185 2831 Omnipotenti
1214 2751 1290 2824 lieo,

203 2849 256 2929 qui
283 2849 409 2912 infirma
435 2848 522 2930 eligit
548 2857 580 2912 ut
604 2857 711 2913 notam
735 2848 829 2912 iaciat
852 2848 1024 2929 potentiam
1049 2863 1152 2922 suam,
1176 2847 1293 2912 vestris

203 2949 298 3012 etiam
325 2947 469 3012 assiduis
500 2946 650 3027 precibus
681 2947 780 3012 Nobis
806 2948 977 3026 impetrare
1002 2945 1200 3010 adnitamini.
1229 2945 1290 3010 Pro

204 3046 447 3110 humanissimis
469 3063 546 3108 vero
571 3042 685 3124 literis,
710 3045 826 3126 quibus
852 3047 894 3110 ob
920 3046 1066 3110 collatam
1095 3037 1310 3126 pontilleiam'

205 3144 389 3224 dignitatem
406 3142 506 3208 Nobis
522 3144 724 3223 gratulamini
742 3153 774 3208 et
789 3143 1101 3225 obsequentissimos
1117 3143 1291 3223 singularis

205 3250 330 3306 vestrae
352 3259 427 3322 erga
452 3241 671 3320 Apostolioam
696 3241 778 3305 lianc
801 3255 943 3305 sanctam
960 3243 1074 3306 Sedent
1090 3241 1292 3306 obedientiae

205 3355 322 3404 sensus
348 3341 525 3405 contestari
552 3340 692 3421 gestitis,
719 3350 843 3420 gratum
868 3339 1009 3404 animum
1035 3355 1293 3420 propensamque
1394 3389 1396 3396 Α

204 3439 400 3503 voluntatem
430 3439 521 3504 uobis
549 3437 755 3520 profitemur;
784 3455 821 3501 ac
847 3437 976 3502 insimul
1004 3437 1172 3519 diligenter
1198 3456 1292 3502 oura-

205 3537 322 3613 bimus,
342 3547 374 3602 ut
390 3538 567 3602 secundum
584 3554 692 3602 rerum
716 3537 973 3618 opportunitates
997 3536 1116 3601 nullum
1142 3546 1292 3618 paternae

207 3647 337 3701 nostrae
352 3635 559 3718 benignitatis
573 3635 713 3701 officium
730 3635 932 3701 desideretis.
943 3635 1085 3716 [lenique
1101 3653 1290 3715 persuasum

205 3735 298 3799 vobis
321 3753 395 3800 esse
418 3735 577 3814 cupimus,
595 3735 661 3799 llos
682 3735 928 3798 Universitatem
951 3743 1088 3798 vestram
1105 3735 1137 3798 in
1153 3737 1291 3816 Aposto-

205 3832 287 3898 licae
306 3833 398 3898 Sedis
421 3833 600 3914 clientelam
625 3849 642 3896 a
667 3831 975 3912 praedecessoribus
999 3833 1119 3897 nostris
1141 3833 1293 3898 Romanis

206 3931 415 3998 Pontificibus
442 3941 625 4014 susceptam
650 3932 744 3998 etde
767 3931 878 3996 eadem
902 3931 1087 4013 apostolica
1109 3931 1190 3997 Sede
1213 3932 1294 3997 bene

207 4027 323 4096 mereri
341 4042 526 4112 pergentem
544 4031 713 4112 praecipua
731 4047 860 4110 semper
882 4031 1104 4096 benevolentia
1126 4048 1164 4096 ac
1189 4042 1294 4112 patro·

204 4130 290 4194 oinio
313 4147 386 4196 esse
407 4131 644 4211 complexuros.
663 4129 794 4199 iuterim
811 4131 1020 4210 apostolicam
1037 4129 1307 4196 benedictionem.

206 4228 310 4303 vobis,
327 4229 435 4294 dilecti
454 4229 533 4306 Filii,
554 4239 755 4310 peramanter
770 4229 985 4309 impertimur.

250 4328 363 4392 ilatum
381 4329 499 4395 Romae
513 4330 596 4411 apud
612 4331 760 4394 Sanctam
777 4327 905 4392 Uariam
922 4328 1074 4394 Maiorem
1091 4329 1152 4394 sub
1173 4328 1291 4394 annulo
