3222 4944
727 455 912 524 ..pep-

274 637 395 704 domini
426 637 568 702 doctoris
600 637 707 714 Perea,
738 655 820 720 puae
851 655 907 719 per
943 637 1162 719 magistratum
1200 638 1271 702 data
1309 645 1360 703 cst

273 735 404 801 domino
429 735 584 818 Philippi;
610 737 734 802 ratione
755 737 849 818 cujus
873 740 903 800 in
928 737 1130 804 facoltatibus
1146 736 1229 817 iuris
1246 753 1358 818 magua

272 835 429 900 dissentio
444 847 556 901 exorta
580 846 629 902 est
651 846 682 900 et
698 845 897 918 perseverat,
915 847 942 901 et
962 852 1136 916 processus
1152 847 1182 900 et
1201 835 1358 916 juridicac

272 935 479 1001 executiones
496 935 703 1012 subsecutae,
720 952 792 1001 cum
815 935 1007 1000 detrimento
1029 935 1190 1000 scolarum
1214 933 1356 1015 publica·

272 1049 354 1110 rum,
386 1033 582 1116 praejudicio
613 1043 740 1100 mutuae
773 1035 936 1100 charitatis
966 1041 996 1100 et
1025 1033 1201 1104 amicitiae;
1233 1042 1265 1098 et
1294 1032 1355 1097 nisi

272 1141 335 1196 taur
362 1133 548 1199 enormibus
575 1133 754 1200 defectibus
781 1133 996 1215 provideatur,
1026 1132 1218 1214 perdendam
1246 1138 1358 1213 putant

271 1230 528 1298 Universitatear.

312 1329 345 1393 ln
363 1329 474 1412 primis
498 1330 615 1396 dicitur
638 1331 790 1398 dominus
812 1332 949 1414 Philippi
972 1333 1102 1398 dedisse
1124 1348 1182 1413 pro
1205 1330 1357 1396 fortifica·

270 1428 357 1495 tione
378 1429 517 1496 civitatis
541 1430 753 1497 lovaniensis
775 1431 945 1497 duodecim
970 1431 1068 1496 millia
1090 1430 1305 1504 florenorum:
1326 1438 1358 1495 et

270 1527 313 1593 ob
348 1528 432 1593 banc
467 1545 609 1600 causant,
642 1530 680 1593 ad
712 1530 898 1595 instantiam
932 1531 1146 1596 Excellentiae
1174 1533 1267 1604 Suae,
1300 1547 1356 1610 per

271 1626 490 1709 magistratum
520 1628 669 1693 collatum
703 1629 747 1692 illi
779 1629 879 1694 fnisse
909 1629 1177 1710 superviventiam
1208 1628 1355 1693 lectionis

270 1725 390 1790 domini
415 1726 549 1800 Peresii,
567 1727 660 1809 cujus
683 1728 787 1792 locurn
813 1729 843 1791 ia
867 1729 1013 1794 docendo
1036 1728 1217 1809 supplebat,
1234 1729 1355 1807 absque

271 1825 333 1890 ulla
365 1825 548 1906 praehabita
577 1827 813 1892 consultatione
843 1829 974 1893 strictae
1004 1827 1161 1892 facultatis
1189 1827 1356 1907 utriusque

267 1924 361 2004 iuris,
379 1935 490 1989 contra
508 1943 696 2006 expressum
712 1936 864 1992 statutum
884 1927 1100 2002 visitationis;
1118 1935 1240 1990 tantum
1255 1925 1355 2005 appli-

271 2038 363 2087 casse
389 2023 607 2088 testimonium
635 2025 721 2105 quud
751 2025 790 2088 ab
820 2025 982 2107 aliquibus
1011 2025 1198 2090 doctoribus
1229 2023 1356 2106 praevie

270 2130 449 2202 acceperat,
481 2139 548 2204 quo·
581 2124 805 2188 declarabatur
841 2125 924 2205 quod
963 2124 1113 2188 dominus
1151 2122 1285 2204 Philippi
1322 2123 1354 2186 in

270 2221 500 2287 substitutione
516 2223 635 2288 domini
655 2225 772 2288 Peresii
791 2225 992 2290 laudabiliter
1007 2224 1183 2298 docuisset,
1195 2234 1226 2288 et
1238 2223 1354 2308 dignus

270 2329 357 2386 esset
373 2321 404 2384 in
421 2337 457 2387 ea
475 2322 613 2387 lectione
629 2323 821 2388 continuari.
835 2323 924 2398 Quod
942 2323 1159 2388 testimonium
1176 2323 1354 2388 sustinetur

269 2437 286 2484 a
310 2419 435 2485 duobus
462 2421 621 2502 primariis
645 2423 749 2488 diotae
775 2423 933 2488 facultatis
957 2422 1144 2487 ductoribus
1168 2439 1230 2486 non
1253 2422 1353 2488 fuisse

269 2519 446 2600 collegiale,
472 2531 543 2585 esto
569 2521 720 2586 domiuus
745 2522 964 2602 stapletonus,
988 2531 1100 2587 auctor
1125 2521 1212 2586 illius
1238 2531 1269 2586 et
1296 2536 1353 2602 pro

268 2627 413 2698 ternpore
429 2618 517 2699 prior
532 2620 705 2694 facultatis,
723 2620 802 2684 illud
819 2619 953 2686 voluerit
969 2620 1080 2685 baberi
1102 2637 1159 2701 pro
1182 2619 1352 2701 collegiali,

191 2735 192 2738 ’
266 2725 299 2782 et
314 2717 473 2782 curaverit
491 2734 547 2798 per
563 2717 723 2784 bedellum
740 2719 860 2800 signari
877 2728 908 2784 et
924 2719 1069 2800 sigillari.

309 2815 424 2879 Contra
440 2815 555 2880 dictam
572 2815 677 2881 autem
696 2818 913 2898 provisionem
930 2817 1189 2898 superviventiae
1203 2816 1354 2882 dicuntur

268 2929 382 2978 omnes
419 2915 610 2980 unanimiter
647 2916 687 2981 de
724 2915 874 2982 facultate
909 2933 945 2982 se
980 2917 1173 2998 opposuisse
1202 2924 1351 2996 tanquam

267 3009 494 3076 destructivam
530 3013 764 3078 Universitatis.
800 3018 868 3088 Quo
906 3031 969 3078 nou
1007 3014 1167 3090 obstante,
1201 3013 1351 3079 dominus

267 3108 404 3190 Plrilippi
435 3111 464 3174 in
495 3110 638 3176 conuitio
671 3113 858 3179 Brabantiae
886 3113 1023 3194 optinuit
1052 3114 1173 3178 litteras
1208 3123 1351 3178 manute-

265 3207 392 3272 nentiae
417 3218 449 3273 et
475 3209 525 3274 via
551 3211 750 3276 executionis
774 3211 931 3293 juridicae
957 3213 1080 3276 curavit
1105 3229 1141 3276 se
1168 3211 1290 3276 institui
1318 3213 1349 3275 in

265 3305 521 3386 possessionem.

305 3405 343 3468 Et
372 3421 445 3470 cum
476 3407 554 3471 baec
585 3419 826 3490 peragerentur,
854 3409 1005 3474 dominus
1036 3408 1182 3490 Philippi,
1210 3425 1349 3474 cernens

263 3503 349 3568 burrc
365 3505 492 3570 modurn
511 3507 705 3586 procedendi
722 3510 761 3572 ab
777 3508 928 3574 omnibus
945 3509 976 3572 in
995 3509 1207 3592 universitate
1229 3508 1348 3589 iurpro·

262 3602 343 3675 bari,
374 3620 412 3667 cx
448 3605 620 3670 occasione
655 3608 738 3687 quod
777 3607 983 3689 magistratus
1019 3607 1228 3672 lovaniensis
1262 3616 1348 3672 esset

260 3712 476 3782 congregatus
506 3704 543 3767 ad
575 3704 803 3770 conterendam
837 3707 1055 3782 secretariam,
1086 3717 1251 3772 vacantem
1291 3723 1348 3787 per

261 3809 395 3864 mortem
419 3801 540 3866 domini
564 3803 704 3880 Peeters,
723 3805 938 3885 praesentavit
961 3805 1104 3871 libellum
1128 3805 1345 3886 magistrumn

258 3897 289 3959 in
312 3915 389 3978 quo,
408 3903 595 3966 renuntians
618 3912 769 3984 optentae
792 3921 869 3969 suae
892 3904 1163 3985 superviveutiae,
1181 3905 1345 3985 petebata

260 3998 444 4077 magistratu
461 3999 502 4064 de
518 4016 601 4064 novo
618 4001 788 4066 lectionem
805 4012 970 4069 vacantem
987 4021 1044 4084 per
1068 4014 1203 4068 mortem
1225 4004 1346 4070 domini

259 4093 355 4159 Percs
378 4096 439 4160 sibi
464 4099 618 4163 conferri.
635 4098 724 4174 Quod
750 4111 781 4166 et
805 4101 1010 4183 magistratus
1029 4104 1143 4168 codem
1160 4104 1212 4166 die
1228 4104 1345 4168 fecisse

257 4193 393 4270 dicitur3
417 4206 570 4261 attamen
589 4199 769 4280 aliqualiter
793 4201 914 4266 formae
937 4219 994 4282 per
1009 4201 1229 4266 visitationem
1252 4219 1342 4283 prae·
