<?xml version="1.0" encoding="UTF-8"?>
<!DOCTYPE html PUBLIC "-//W3C//DTD XHTML 1.0 Transitional//EN"
    "http://www.w3.org/TR/xhtml1/DTD/xhtml1-transitional.dtd">
<html xmlns="http://www.w3.org/1999/xhtml" xml:lang="en" lang="en">
 <head>
  <title>
</title>
<meta http-equiv="Content-Type" content="text/html;charset=utf-8" />
  <meta name='ocr-system' content='tesseract 3.04.00' />
  <meta name='ocr-capabilities' content='ocr_page ocr_carea ocr_par ocr_line ocrx_word'/>
</head>
<body>
  <div class='ocr_page' id='page_1' title='image "./documentsrelati00reusgoog_0550.png"; bbox 0 0 3240 4946; ppageno 0'>
   <div class='ocr_carea' id='block_1_1' title="bbox 771 480 955 548">
    <p class='ocr_par' dir='ltr' id='par_1_1' title="bbox 771 480 955 548">
     <span class='ocr_line' id='line_1_1' title="bbox 771 480 955 548; baseline 0 -1"><span class='ocrx_word' id='word_1_1' title='bbox 771 480 955 548; x_wconf 75' lang='lat'>-538-</span> 
     </span>
    </p>
   </div>
   <div class='ocr_carea' id='block_1_2' title="bbox 357 664 1495 749">
    <p class='ocr_par' dir='ltr' id='par_1_2' title="bbox 357 664 1495 749">
     <span class='ocr_line' id='line_1_2' title="bbox 357 664 1495 749; baseline 0.002 -21"><span class='ocrx_word' id='word_1_2' title='bbox 357 665 479 729; x_wconf 87' lang='lat' dir='ltr'>llltllll.</span> <span class='ocrx_word' id='word_1_3' title='bbox 504 666 563 732; x_wconf 85' lang='lat' dir='ltr'>Sed</span> <span class='ocrx_word' id='word_1_4' title='bbox 589 664 642 747; x_wconf 92' lang='lat' dir='ltr'>qui</span> <span class='ocrx_word' id='word_1_5' title='bbox 667 664 697 728; x_wconf 90' lang='lat' dir='ltr'>iu</span> <span class='ocrx_word' id='word_1_6' title='bbox 721 665 891 745; x_wconf 89' lang='lat' dir='ltr'>scripturis</span> <span class='ocrx_word' id='word_1_7' title='bbox 911 665 1034 748; x_wconf 86' lang='lat' dir='ltr'>jactitat</span> <span class='ocrx_word' id='word_1_8' title='bbox 1049 684 1085 731; x_wconf 89' lang='lat' dir='ltr'>se</span> <span class='ocrx_word' id='word_1_9' title='bbox 1101 668 1140 731; x_wconf 93' lang='lat' dir='ltr'>de</span> <span class='ocrx_word' id='word_1_10' title='bbox 1156 666 1262 749; x_wconf 91' lang='lat' dir='ltr'>aliquo</span> <span class='ocrx_word' id='word_1_11' title='bbox 1279 666 1404 732; x_wconf 91' lang='lat' dir='ltr'>instru-</span> <span class='ocrx_word' id='word_1_12' title='bbox 1486 698 1495 710; x_wconf 94' lang='lat'><strong>·</strong></span> 
     </span>
    </p>
   </div>
   <div class='ocr_carea' id='block_1_3' title="bbox 315 763 1408 4298">
    <p class='ocr_par' dir='ltr' id='par_1_3' title="bbox 315 763 1404 1144">
     <span class='ocr_line' id='line_1_3' title="bbox 318 763 1403 846; baseline 0 -18"><span class='ocrx_word' id='word_1_13' title='bbox 318 775 424 829; x_wconf 90' lang='lat' dir='ltr'>mento</span> <span class='ocrx_word' id='word_1_14' title='bbox 451 764 499 829; x_wconf 87' lang='lat' dir='ltr'>vel</span> <span class='ocrx_word' id='word_1_15' title='bbox 526 763 685 844; x_wconf 83' lang='lat' dir='ltr'>aliquibus</span> <span class='ocrx_word' id='word_1_16' title='bbox 712 764 812 828; x_wconf 90' lang='lat' dir='ltr'>titulis</span> <span class='ocrx_word' id='word_1_17' title='bbox 839 782 896 829; x_wconf 89' lang='lat' dir='ltr'>seu</span> <span class='ocrx_word' id='word_1_18' title='bbox 921 765 1058 844; x_wconf 88' lang='lat' dir='ltr'>juribus,</span> <span class='ocrx_word' id='word_1_19' title='bbox 1083 775 1215 846; x_wconf 77' lang='lat' dir='ltr'>cogatur</span> <span class='ocrx_word' id='word_1_20' title='bbox 1241 781 1277 828; x_wconf 91' lang='lat' dir='ltr'>ea</span> <span class='ocrx_word' id='word_1_21' title='bbox 1304 765 1403 828; x_wconf 87' lang='lat' dir='ltr'>simul</span> 
     </span>
     <span class='ocr_line' id='line_1_4' title="bbox 315 864 1400 945; baseline 0 -17"><span class='ocrx_word' id='word_1_22' title='bbox 315 864 478 940; x_wconf 84' lang='lat' dir='ltr'>cxlribere,</span> <span class='ocrx_word' id='word_1_23' title='bbox 497 873 530 928; x_wconf 91' lang='lat' dir='ltr'>ut</span> <span class='ocrx_word' id='word_1_24' title='bbox 545 865 583 926; x_wconf 88' lang='lat' dir='ltr'>ad</span> <span class='ocrx_word' id='word_1_25' title='bbox 601 880 637 928; x_wconf 87' lang='lat' dir='ltr'>ea</span> <span class='ocrx_word' id='word_1_26' title='bbox 653 881 781 945; x_wconf 92' lang='lat' dir='ltr'>quoque</span> <span class='ocrx_word' id='word_1_27' title='bbox 800 881 862 928; x_wconf 92' lang='lat' dir='ltr'>uno</span> <span class='ocrx_word' id='word_1_28' title='bbox 878 865 1041 930; x_wconf 90' lang='lat' dir='ltr'>volumine</span> <span class='ocrx_word' id='word_1_29' title='bbox 1064 864 1251 945; x_wconf 86' lang='lat' dir='ltr'>responderi</span> <span class='ocrx_word' id='word_1_30' title='bbox 1277 865 1400 945; x_wconf 87' lang='lat' dir='ltr'>possit;</span> 
     </span>
     <span class='ocr_line' id='line_1_5' title="bbox 318 962 1404 1047; baseline 0.001 -20"><span class='ocrx_word' id='word_1_31' title='bbox 318 962 414 1027; x_wconf 88' lang='lat' dir='ltr'>modo</span> <span class='ocrx_word' id='word_1_32' title='bbox 445 973 547 1027; x_wconf 89' lang='lat' dir='ltr'>tamen</span> <span class='ocrx_word' id='word_1_33' title='bbox 578 979 615 1027; x_wconf 88' lang='lat' dir='ltr'>ea</span> <span class='ocrx_word' id='word_1_34' title='bbox 646 965 677 1025; x_wconf 92' lang='lat' dir='ltr'>in</span> <span class='ocrx_word' id='word_1_35' title='bbox 709 971 856 1044; x_wconf 90' lang='lat' dir='ltr'>promptu</span> <span class='ocrx_word' id='word_1_36' title='bbox 888 963 962 1040; x_wconf 89' lang='lat' dir='ltr'>sint,</span> <span class='ocrx_word' id='word_1_37' title='bbox 987 964 1026 1030; x_wconf 90' lang='lat' dir='ltr'>de</span> <span class='ocrx_word' id='word_1_38' title='bbox 1056 981 1120 1047; x_wconf 91' lang='lat' dir='ltr'>quo</span> <span class='ocrx_word' id='word_1_39' title='bbox 1149 981 1222 1030; x_wconf 91' lang='lat' dir='ltr'>sese</span> <span class='ocrx_word' id='word_1_40' title='bbox 1249 963 1404 1044; x_wconf 87' lang='lat' dir='ltr'>jactitans</span> 
     </span>
     <span class='ocr_line' id='line_1_6' title="bbox 317 1061 876 1144; baseline -0.009 -16"><span class='ocrx_word' id='word_1_41' title='bbox 317 1069 450 1142; x_wconf 77' lang='lat' dir='ltr'>cogetur</span> <span class='ocrx_word' id='word_1_42' title='bbox 462 1061 670 1142; x_wconf 80' lang='lat' dir='ltr'>jurejurando</span> <span class='ocrx_word' id='word_1_43' title='bbox 686 1077 876 1144; x_wconf 83' lang='lat' dir='ltr'>expurgare.</span> 
     </span>
    </p>

    <p class='ocr_par' dir='ltr' id='par_1_4' title="bbox 318 1160 1406 1824">
     <span class='ocr_line' id='line_1_7' title="bbox 362 1160 1401 1243; baseline 0.003 -20"><span class='ocrx_word' id='word_1_44' title='bbox 362 1160 502 1226; x_wconf 86' lang='lat' dir='ltr'>llllVlll.</span> <span class='ocrx_word' id='word_1_45' title='bbox 526 1161 593 1226; x_wconf 89' lang='lat' dir='ltr'>Non</span> <span class='ocrx_word' id='word_1_46' title='bbox 611 1161 817 1225; x_wconf 88' lang='lat' dir='ltr'>admittantur</span> <span class='ocrx_word' id='word_1_47' title='bbox 833 1160 1238 1242; x_wconf 89' lang='lat' dir='ltr'>pluresscripturaequam</span> <span class='ocrx_word' id='word_1_48' title='bbox 1252 1171 1401 1243; x_wconf 90' lang='lat' dir='ltr'>quatuor,</span> 
     </span>
     <span class='ocr_line' id='line_1_8' title="bbox 320 1260 1406 1342; baseline 0.002 -18"><span class='ocrx_word' id='word_1_49' title='bbox 320 1277 423 1342; x_wconf 89' lang='lat' dir='ltr'>neque</span> <span class='ocrx_word' id='word_1_50' title='bbox 441 1260 535 1325; x_wconf 86' lang='lat' dir='ltr'>etiam</span> <span class='ocrx_word' id='word_1_51' title='bbox 553 1260 731 1340; x_wconf 70' lang='lat' dir='ltr'>scripturae</span> <span class='ocrx_word' id='word_1_52' title='bbox 748 1277 903 1325; x_wconf 90' lang='lat' dir='ltr'>novorum</span> <span class='ocrx_word' id='word_1_53' title='bbox 921 1261 1087 1338; x_wconf 88' lang='lat' dir='ltr'>sactorum,</span> <span class='ocrx_word' id='word_1_54' title='bbox 1106 1277 1187 1342; x_wconf 90' lang='lat' dir='ltr'>quae</span> <span class='ocrx_word' id='word_1_55' title='bbox 1203 1271 1406 1328; x_wconf 80' lang='lat' dir='ltr'>concernunt</span> 
     </span>
     <span class='ocr_line' id='line_1_9' title="bbox 319 1359 1405 1442; baseline 0.004 -20"><span class='ocrx_word' id='word_1_56' title='bbox 319 1359 481 1442; x_wconf 80' lang='lat' dir='ltr'>negotium</span> <span class='ocrx_word' id='word_1_57' title='bbox 494 1359 679 1442; x_wconf 80' lang='lat' dir='ltr'>principale,</span> <span class='ocrx_word' id='word_1_58' title='bbox 690 1359 750 1423; x_wconf 91' lang='lat' dir='ltr'>nisi</span> <span class='ocrx_word' id='word_1_59' title='bbox 764 1377 800 1424; x_wconf 83' lang='lat' dir='ltr'>ex</span> <span class='ocrx_word' id='word_1_60' title='bbox 815 1377 910 1425; x_wconf 87' lang='lat' dir='ltr'>causa</span> <span class='ocrx_word' id='word_1_61' title='bbox 921 1360 1020 1424; x_wconf 91' lang='lat' dir='ltr'>etsub</span> <span class='ocrx_word' id='word_1_62' title='bbox 1030 1359 1212 1441; x_wconf 75' lang='lat' dir='ltr'>iuramento</span> <span class='ocrx_word' id='word_1_63' title='bbox 1224 1359 1405 1426; x_wconf 88' lang='lat' dir='ltr'>calumniae</span> 
     </span>
     <span class='ocr_line' id='line_1_10' title="bbox 318 1458 1404 1541; baseline 0 -17"><span class='ocrx_word' id='word_1_64' title='bbox 318 1460 505 1524; x_wconf 88' lang='lat' dir='ltr'>continente</span> <span class='ocrx_word' id='word_1_65' title='bbox 517 1459 601 1539; x_wconf 92' lang='lat' dir='ltr'>quod</span> <span class='ocrx_word' id='word_1_66' title='bbox 616 1475 678 1522; x_wconf 92' lang='lat' dir='ltr'>non</span> <span class='ocrx_word' id='word_1_67' title='bbox 697 1459 786 1538; x_wconf 88' lang='lat' dir='ltr'>prius</span> <span class='ocrx_word' id='word_1_68' title='bbox 798 1458 884 1524; x_wconf 92' lang='lat' dir='ltr'>illius</span> <span class='ocrx_word' id='word_1_69' title='bbox 897 1459 1155 1541; x_wconf 88' lang='lat' dir='ltr'>allegationisvel</span> <span class='ocrx_word' id='word_1_70' title='bbox 1170 1459 1242 1524; x_wconf 88' lang='lat' dir='ltr'>lacti</span> <span class='ocrx_word' id='word_1_71' title='bbox 1256 1460 1404 1526; x_wconf 90' lang='lat' dir='ltr'>babuerit</span> 
     </span>
     <span class='ocr_line' id='line_1_11' title="bbox 322 1558 1405 1638; baseline 0.001 -16"><span class='ocrx_word' id='word_1_72' title='bbox 322 1559 476 1632; x_wconf 83' lang='lat' dir='ltr'>notitiam,</span> <span class='ocrx_word' id='word_1_73' title='bbox 494 1558 746 1638; x_wconf 82' lang='lat' dir='ltr'>observaturque</span> <span class='ocrx_word' id='word_1_74' title='bbox 762 1575 798 1622; x_wconf 90' lang='lat' dir='ltr'>ea</span> <span class='ocrx_word' id='word_1_75' title='bbox 813 1558 853 1624; x_wconf 89' lang='lat' dir='ltr'>de</span> <span class='ocrx_word' id='word_1_76' title='bbox 870 1576 904 1624; x_wconf 92' lang='lat' dir='ltr'>re</span> <span class='ocrx_word' id='word_1_77' title='bbox 928 1565 1079 1623; x_wconf 90' lang='lat' dir='ltr'>statutum</span> <span class='ocrx_word' id='word_1_78' title='bbox 1104 1558 1346 1636; x_wconf 86' lang='lat' dir='ltr'>Universitatis;</span> <span class='ocrx_word' id='word_1_79' title='bbox 1372 1567 1405 1625; x_wconf 91' lang='lat' dir='ltr'>et</span> 
     </span>
     <span class='ocr_line' id='line_1_12' title="bbox 321 1657 1403 1741; baseline -0.002 -17"><span class='ocrx_word' id='word_1_80' title='bbox 321 1660 349 1724; x_wconf 92' lang='lat' dir='ltr'>si</span> <span class='ocrx_word' id='word_1_81' title='bbox 373 1658 462 1738; x_wconf 92' lang='lat' dir='ltr'>plura</span> <span class='ocrx_word' id='word_1_82' title='bbox 486 1657 663 1739; x_wconf 81' lang='lat' dir='ltr'>allegentur</span> <span class='ocrx_word' id='word_1_83' title='bbox 685 1657 733 1722; x_wconf 90' lang='lat' dir='ltr'>rel</span> <span class='ocrx_word' id='word_1_84' title='bbox 759 1657 952 1734; x_wconf 86' lang='lat' dir='ltr'>scribantur,</span> <span class='ocrx_word' id='word_1_85' title='bbox 971 1675 1033 1724; x_wconf 93' lang='lat' dir='ltr'>non</span> <span class='ocrx_word' id='word_1_86' title='bbox 1051 1658 1274 1741; x_wconf 80' lang='lat' dir='ltr'>babeatjmlex</span> <span class='ocrx_word' id='word_1_87' title='bbox 1290 1675 1403 1725; x_wconf 90' lang='lat' dir='ltr'>eorum</span> 
     </span>
     <span class='ocr_line' id='line_1_13' title="bbox 320 1759 486 1824; baseline -0.018 -1"><span class='ocrx_word' id='word_1_88' title='bbox 320 1759 486 1824; x_wconf 88' lang='lat' dir='ltr'>rationem.</span> 
     </span>
    </p>

    <p class='ocr_par' dir='ltr' id='par_1_5' title="bbox 318 1856 1405 2336">
     <span class='ocr_line' id='line_1_14' title="bbox 359 1856 1404 1938; baseline 0.002 -18"><span class='ocrx_word' id='word_1_89' title='bbox 359 1857 473 1920; x_wconf 82' lang='lat' dir='ltr'>xxiii.</span> <span class='ocrx_word' id='word_1_90' title='bbox 498 1856 566 1920; x_wconf 91' lang='lat' dir='ltr'>Sint</span> <span class='ocrx_word' id='word_1_91' title='bbox 597 1857 828 1938; x_wconf 87' lang='lat' dir='ltr'>responsiones</span> <span class='ocrx_word' id='word_1_92' title='bbox 857 1858 895 1922; x_wconf 93' lang='lat' dir='ltr'>ad</span> <span class='ocrx_word' id='word_1_93' title='bbox 933 1858 1085 1924; x_wconf 87' lang='lat' dir='ltr'>articulos</span> <span class='ocrx_word' id='word_1_94' title='bbox 1122 1858 1218 1923; x_wconf 90' lang='lat' dir='ltr'>libelli</span> <span class='ocrx_word' id='word_1_95' title='bbox 1257 1865 1286 1923; x_wconf 91' lang='lat' dir='ltr'>el</span> <span class='ocrx_word' id='word_1_96' title='bbox 1324 1857 1404 1922; x_wconf 87' lang='lat' dir='ltr'>alias</span> 
     </span>
     <span class='ocr_line' id='line_1_15' title="bbox 318 1956 1404 2037; baseline 0.001 -16"><span class='ocrx_word' id='word_1_97' title='bbox 318 1956 494 2037; x_wconf 91' lang='lat' dir='ltr'>scripturas</span> <span class='ocrx_word' id='word_1_98' title='bbox 524 1957 647 2036; x_wconf 86' lang='lat' dir='ltr'>planae,</span> <span class='ocrx_word' id='word_1_99' title='bbox 666 1957 822 2032; x_wconf 87' lang='lat' dir='ltr'>sincerae,</span> <span class='ocrx_word' id='word_1_100' title='bbox 841 1957 1000 2021; x_wconf 86' lang='lat' dir='ltr'>dilucidae</span> <span class='ocrx_word' id='word_1_101' title='bbox 1026 1967 1056 2021; x_wconf 92' lang='lat' dir='ltr'>et</span> <span class='ocrx_word' id='word_1_102' title='bbox 1086 1958 1262 2037; x_wconf 85' lang='lat' dir='ltr'>simplices,</span> <span class='ocrx_word' id='word_1_103' title='bbox 1280 1959 1404 2037; x_wconf 87' lang='lat' dir='ltr'>absque</span> 
     </span>
     <span class='ocr_line' id='line_1_16' title="bbox 319 2055 1402 2137; baseline 0 -17"><span class='ocrx_word' id='word_1_104' title='bbox 319 2057 485 2126; x_wconf 79' lang='lat' dir='ltr'>relatione,</span> <span class='ocrx_word' id='word_1_105' title='bbox 505 2055 564 2119; x_wconf 91' lang='lat' dir='ltr'>nisi</span> <span class='ocrx_word' id='word_1_106' title='bbox 593 2055 702 2119; x_wconf 88' lang='lat' dir='ltr'>relatio</span> <span class='ocrx_word' id='word_1_107' title='bbox 731 2055 783 2117; x_wconf 89' lang='lat' dir='ltr'>liat</span> <span class='ocrx_word' id='word_1_108' title='bbox 809 2055 1004 2136; x_wconf 74' lang='lat' dir='ltr'>adinstat</span> <span class='ocrx_word' id='word_1_109' title='bbox 1031 2073 1067 2120; x_wconf 89' lang='lat' dir='ltr'>ea</span> <span class='ocrx_word' id='word_1_110' title='bbox 1094 2058 1229 2136; x_wconf 90' lang='lat' dir='ltr'>quaein</span> <span class='ocrx_word' id='word_1_111' title='bbox 1253 2065 1402 2137; x_wconf 90' lang='lat' dir='ltr'>promptu</span> 
     </span>
     <span class='ocr_line' id='line_1_17' title="bbox 320 2153 1405 2235; baseline -0.001 -16"><span class='ocrx_word' id='word_1_112' title='bbox 320 2165 396 2219; x_wconf 90' lang='lat' dir='ltr'>sunt</span> <span class='ocrx_word' id='word_1_113' title='bbox 419 2155 467 2218; x_wconf 90' lang='lat' dir='ltr'>vel</span> <span class='ocrx_word' id='word_1_114' title='bbox 492 2154 523 2217; x_wconf 93' lang='lat' dir='ltr'>in</span> <span class='ocrx_word' id='word_1_115' title='bbox 547 2153 644 2228; x_wconf 86' lang='lat' dir='ltr'>actis;</span> <span class='ocrx_word' id='word_1_116' title='bbox 670 2153 765 2235; x_wconf 91' lang='lat' dir='ltr'>idque</span> <span class='ocrx_word' id='word_1_117' title='bbox 792 2155 905 2219; x_wconf 87' lang='lat' dir='ltr'>babeat</span> <span class='ocrx_word' id='word_1_118' title='bbox 931 2154 1036 2219; x_wconf 93' lang='lat' dir='ltr'>locum</span> <span class='ocrx_word' id='word_1_119' title='bbox 1064 2154 1094 2217; x_wconf 94' lang='lat' dir='ltr'>in</span> <span class='ocrx_word' id='word_1_120' title='bbox 1122 2155 1405 2234; x_wconf 68' lang='lat' dir='ltr'>responsionibus</span> 
     </span>
     <span class='ocr_line' id='line_1_18' title="bbox 321 2252 1119 2336; baseline -0.003 -18"><span class='ocrx_word' id='word_1_121' title='bbox 321 2269 403 2336; x_wconf 93' lang='lat' dir='ltr'>qnae</span> <span class='ocrx_word' id='word_1_122' title='bbox 421 2252 500 2318; x_wconf 88' lang='lat' dir='ltr'>liunt</span> <span class='ocrx_word' id='word_1_123' title='bbox 515 2255 552 2317; x_wconf 91' lang='lat' dir='ltr'>ad</span> <span class='ocrx_word' id='word_1_124' title='bbox 570 2269 788 2334; x_wconf 90' lang='lat' dir='ltr'>quascumque</span> <span class='ocrx_word' id='word_1_125' title='bbox 805 2262 913 2334; x_wconf 87' lang='lat' dir='ltr'>postea</span> <span class='ocrx_word' id='word_1_126' title='bbox 931 2255 1119 2336; x_wconf 85' lang='lat' dir='ltr'>scripturas.</span> 
     </span>
    </p>

    <p class='ocr_par' dir='ltr' id='par_1_6' title="bbox 315 2351 1408 3308">
     <span class='ocr_line' id='line_1_19' title="bbox 360 2351 1406 2433; baseline 0.004 -19"><span class='ocrx_word' id='word_1_127' title='bbox 360 2353 455 2415; x_wconf 84' lang='lat' dir='ltr'>XXX.</span> <span class='ocrx_word' id='word_1_128' title='bbox 484 2351 519 2416; x_wconf 85' lang='lat' dir='ltr'>m</span> <span class='ocrx_word' id='word_1_129' title='bbox 548 2352 747 2431; x_wconf 86' lang='lat' dir='ltr'>respondere</span> <span class='ocrx_word' id='word_1_130' title='bbox 771 2351 885 2433; x_wconf 84' lang='lat' dir='ltr'>jussus</span> <span class='ocrx_word' id='word_1_131' title='bbox 912 2360 1070 2433; x_wconf 88' lang='lat' dir='ltr'>quatenus</span> <span class='ocrx_word' id='word_1_132' title='bbox 1097 2369 1160 2416; x_wconf 94' lang='lat' dir='ltr'>non</span> <span class='ocrx_word' id='word_1_133' title='bbox 1187 2354 1406 2433; x_wconf 89' lang='lat' dir='ltr'>responderit,</span> 
     </span>
     <span class='ocr_line' id='line_1_20' title="bbox 318 2451 1408 2532; baseline 0 -16"><span class='ocrx_word' id='word_1_134' title='bbox 318 2453 367 2517; x_wconf 91' lang='lat' dir='ltr'>rel</span> <span class='ocrx_word' id='word_1_135' title='bbox 399 2451 659 2532; x_wconf 89' lang='lat' dir='ltr'>respondendum</span> <span class='ocrx_word' id='word_1_136' title='bbox 692 2469 753 2514; x_wconf 90' lang='lat' dir='ltr'>nou</span> <span class='ocrx_word' id='word_1_137' title='bbox 786 2452 959 2532; x_wconf 85' lang='lat' dir='ltr'>negaverit,</span> <span class='ocrx_word' id='word_1_138' title='bbox 981 2469 1038 2532; x_wconf 95' lang='lat' dir='ltr'>pro</span> <span class='ocrx_word' id='word_1_139' title='bbox 1068 2452 1219 2516; x_wconf 77' lang='lat' dir='ltr'>confesso</span> <span class='ocrx_word' id='word_1_140' title='bbox 1250 2453 1408 2516; x_wconf 86' lang='lat' dir='ltr'>habeatur</span> 
     </span>
     <span class='ocr_line' id='line_1_21' title="bbox 317 2549 1405 2632; baseline -0.001 -15"><span class='ocrx_word' id='word_1_141' title='bbox 317 2551 401 2631; x_wconf 93' lang='lat' dir='ltr'>quod</span> <span class='ocrx_word' id='word_1_142' title='bbox 425 2551 535 2614; x_wconf 86' lang='lat' dir='ltr'>attinet</span> <span class='ocrx_word' id='word_1_143' title='bbox 558 2550 595 2612; x_wconf 94' lang='lat' dir='ltr'>ad</span> <span class='ocrx_word' id='word_1_144' title='bbox 620 2550 696 2613; x_wconf 90' lang='lat' dir='ltr'>illud</span> <span class='ocrx_word' id='word_1_145' title='bbox 722 2550 837 2614; x_wconf 88' lang='lat' dir='ltr'>lactum</span> <span class='ocrx_word' id='word_1_146' title='bbox 861 2549 944 2629; x_wconf 93' lang='lat' dir='ltr'>quod</span> <span class='ocrx_word' id='word_1_147' title='bbox 970 2565 1032 2614; x_wconf 93' lang='lat' dir='ltr'>non</span> <span class='ocrx_word' id='word_1_148' title='bbox 1057 2551 1194 2630; x_wconf 88' lang='lat' dir='ltr'>negavit,</span> <span class='ocrx_word' id='word_1_149' title='bbox 1213 2550 1308 2631; x_wconf 92' lang='lat' dir='ltr'>idque</span> <span class='ocrx_word' id='word_1_150' title='bbox 1332 2551 1405 2632; x_wconf 89' lang='lat' dir='ltr'>ipso</span> 
     </span>
     <span class='ocr_line' id='line_1_22' title="bbox 315 2649 1404 2732; baseline -0.001 -18"><span class='ocrx_word' id='word_1_151' title='bbox 315 2651 399 2732; x_wconf 87' lang='lat' dir='ltr'>jure,</span> <span class='ocrx_word' id='word_1_152' title='bbox 414 2649 498 2712; x_wconf 90' lang='lat' dir='ltr'>nulla</span> <span class='ocrx_word' id='word_1_153' title='bbox 515 2649 609 2712; x_wconf 90' lang='lat' dir='ltr'>etiam</span> <span class='ocrx_word' id='word_1_154' title='bbox 627 2649 765 2712; x_wconf 74' lang='lat' dir='ltr'>confessi</span> <span class='ocrx_word' id='word_1_155' title='bbox 782 2665 883 2728; x_wconf 91' lang='lat' dir='ltr'>poena</span> <span class='ocrx_word' id='word_1_156' title='bbox 896 2649 1053 2729; x_wconf 86' lang='lat' dir='ltr'>apposita,</span> <span class='ocrx_word' id='word_1_157' title='bbox 1070 2658 1101 2713; x_wconf 94' lang='lat' dir='ltr'>ut</span> <span class='ocrx_word' id='word_1_158' title='bbox 1114 2649 1161 2714; x_wconf 88' lang='lat' dir='ltr'>sin</span> <span class='ocrx_word' id='word_1_159' title='bbox 1175 2649 1404 2714; x_wconf 89' lang='lat' dir='ltr'>altercationes</span> 
     </span>
     <span class='ocr_line' id='line_1_23' title="bbox 323 2747 1405 2829; baseline 0 -17"><span class='ocrx_word' id='word_1_160' title='bbox 323 2747 486 2822; x_wconf 89' lang='lat' dir='ltr'>tollantur,</span> <span class='ocrx_word' id='word_1_161' title='bbox 505 2747 621 2828; x_wconf 90' lang='lat' dir='ltr'>quibus</span> <span class='ocrx_word' id='word_1_162' title='bbox 638 2749 742 2828; x_wconf 86' lang='lat' dir='ltr'>urgeri</span> <span class='ocrx_word' id='word_1_163' title='bbox 768 2748 849 2812; x_wconf 84' lang='lat' dir='ltr'>solet</span> <span class='ocrx_word' id='word_1_164' title='bbox 874 2748 999 2829; x_wconf 91' lang='lat' dir='ltr'>plenior</span> <span class='ocrx_word' id='word_1_165' title='bbox 1021 2749 1202 2828; x_wconf 87' lang='lat' dir='ltr'>responsio,</span> <span class='ocrx_word' id='word_1_166' title='bbox 1221 2748 1305 2812; x_wconf 91' lang='lat' dir='ltr'>unde</span> <span class='ocrx_word' id='word_1_167' title='bbox 1330 2748 1405 2812; x_wconf 90' lang='lat' dir='ltr'>lites</span> 
     </span>
     <span class='ocr_line' id='line_1_24' title="bbox 322 2846 1405 2927; baseline 0.001 -17"><span class='ocrx_word' id='word_1_168' title='bbox 322 2848 528 2912; x_wconf 87' lang='lat' dir='ltr'>vehementer</span> <span class='ocrx_word' id='word_1_169' title='bbox 551 2847 762 2911; x_wconf 88' lang='lat' dir='ltr'>retardantur.</span> <span class='ocrx_word' id='word_1_170' title='bbox 784 2847 852 2911; x_wconf 85' lang='lat' dir='ltr'>Pari</span> <span class='ocrx_word' id='word_1_171' title='bbox 878 2848 1000 2912; x_wconf 88' lang='lat' dir='ltr'>ratione</span> <span class='ocrx_word' id='word_1_172' title='bbox 1023 2846 1076 2911; x_wconf 88' lang='lat' dir='ltr'>bat</span> <span class='ocrx_word' id='word_1_173' title='bbox 1099 2863 1227 2927; x_wconf 83' lang='lat' dir='ltr'>semper</span> <span class='ocrx_word' id='word_1_174' title='bbox 1244 2847 1405 2927; x_wconf 89' lang='lat' dir='ltr'>interpre-</span> 
     </span>
     <span class='ocr_line' id='line_1_25' title="bbox 321 2945 1403 3026; baseline -0.002 -16"><span class='ocrx_word' id='word_1_175' title='bbox 321 2947 397 3010; x_wconf 85' lang='lat' dir='ltr'>tatio</span> <span class='ocrx_word' id='word_1_176' title='bbox 420 2955 531 3010; x_wconf 90' lang='lat' dir='ltr'>contra</span> <span class='ocrx_word' id='word_1_177' title='bbox 554 2961 611 3010; x_wconf 87' lang='lat' dir='ltr'>eos</span> <span class='ocrx_word' id='word_1_178' title='bbox 634 2947 686 3026; x_wconf 93' lang='lat' dir='ltr'>qui</span> <span class='ocrx_word' id='word_1_179' title='bbox 710 2945 829 3010; x_wconf 91' lang='lat' dir='ltr'>clarius</span> <span class='ocrx_word' id='word_1_180' title='bbox 846 2955 876 3010; x_wconf 89' lang='lat' dir='ltr'>et</span> <span class='ocrx_word' id='word_1_181' title='bbox 892 2946 1018 3026; x_wconf 92' lang='lat' dir='ltr'>plenius</span> <span class='ocrx_word' id='word_1_182' title='bbox 1034 2946 1222 3026; x_wconf 91' lang='lat' dir='ltr'>responderi</span> <span class='ocrx_word' id='word_1_183' title='bbox 1240 2947 1403 3026; x_wconf 89' lang='lat' dir='ltr'>petierint,</span> 
     </span>
     <span class='ocr_line' id='line_1_26' title="bbox 322 3044 1404 3126; baseline -0.003 -15"><span class='ocrx_word' id='word_1_184' title='bbox 322 3055 356 3111; x_wconf 91' lang='lat' dir='ltr'>ut</span> <span class='ocrx_word' id='word_1_185' title='bbox 386 3053 574 3110; x_wconf 89' lang='lat' dir='ltr'>occurratur</span> <span class='ocrx_word' id='word_1_186' title='bbox 601 3045 763 3109; x_wconf 88' lang='lat' dir='ltr'>calliditati</span> <span class='ocrx_word' id='word_1_187' title='bbox 795 3046 986 3125; x_wconf 91' lang='lat' dir='ltr'>aliquorum,</span> <span class='ocrx_word' id='word_1_188' title='bbox 1004 3045 1057 3124; x_wconf 92' lang='lat' dir='ltr'>qui</span> <span class='ocrx_word' id='word_1_189' title='bbox 1074 3044 1233 3126; x_wconf 88' lang='lat' dir='ltr'>ambigua,</span> <span class='ocrx_word' id='word_1_190' title='bbox 1251 3045 1404 3122; x_wconf 90' lang='lat' dir='ltr'>obscura,</span> 
     </span>
     <span class='ocr_line' id='line_1_27' title="bbox 320 3143 1405 3225; baseline 0 -17"><span class='ocrx_word' id='word_1_191' title='bbox 320 3145 570 3225; x_wconf 80' lang='lat' dir='ltr'>imperfecteque</span> <span class='ocrx_word' id='word_1_192' title='bbox 594 3144 807 3224; x_wconf 92' lang='lat' dir='ltr'>responsione</span> <span class='ocrx_word' id='word_1_193' title='bbox 830 3144 903 3208; x_wconf 90' lang='lat' dir='ltr'>lites</span> <span class='ocrx_word' id='word_1_194' title='bbox 930 3145 1118 3224; x_wconf 82' lang='lat' dir='ltr'>protrahere</span> <span class='ocrx_word' id='word_1_195' title='bbox 1143 3152 1173 3208; x_wconf 91' lang='lat' dir='ltr'>el</span> <span class='ocrx_word' id='word_1_196' title='bbox 1199 3143 1405 3208; x_wconf 87' lang='lat' dir='ltr'>adversarios</span> 
     </span>
     <span class='ocr_line' id='line_1_28' title="bbox 319 3253 618 3308; baseline -0.01 0"><span class='ocrx_word' id='word_1_197' title='bbox 319 3260 435 3308; x_wconf 86' lang='lat' dir='ltr'>vexare</span> <span class='ocrx_word' id='word_1_198' title='bbox 450 3253 618 3308; x_wconf 87' lang='lat' dir='ltr'>conantur.</span> 
     </span>
    </p>

    <p class='ocr_par' dir='ltr' id='par_1_7' title="bbox 317 3341 1408 4298">
     <span class='ocr_line' id='line_1_29' title="bbox 360 3341 1405 3424; baseline 0.001 -18"><span class='ocrx_word' id='word_1_199' title='bbox 360 3343 470 3406; x_wconf 85' lang='lat' dir='ltr'>llillll.</span> <span class='ocrx_word' id='word_1_200' title='bbox 495 3342 532 3407; x_wconf 82' lang='lat' dir='ltr'>tn</span> <span class='ocrx_word' id='word_1_201' title='bbox 559 3351 631 3423; x_wconf 89' lang='lat' dir='ltr'>post</span> <span class='ocrx_word' id='word_1_202' title='bbox 657 3352 794 3424; x_wconf 91' lang='lat' dir='ltr'>quatuor</span> <span class='ocrx_word' id='word_1_203' title='bbox 817 3341 993 3421; x_wconf 88' lang='lat' dir='ltr'>scripturas</span> <span class='ocrx_word' id='word_1_204' title='bbox 1016 3343 1216 3422; x_wconf 88' lang='lat' dir='ltr'>supradictas</span> <span class='ocrx_word' id='word_1_205' title='bbox 1238 3349 1270 3406; x_wconf 91' lang='lat' dir='ltr'>ct</span> <span class='ocrx_word' id='word_1_206' title='bbox 1294 3341 1405 3422; x_wconf 87' lang='lat' dir='ltr'>plures</span> 
     </span>
     <span class='ocr_line' id='line_1_30' title="bbox 319 3439 1406 3522; baseline -0.003 -14"><span class='ocrx_word' id='word_1_207' title='bbox 319 3443 356 3522; x_wconf 88' lang='lat' dir='ltr'>(si</span> <span class='ocrx_word' id='word_1_208' title='bbox 374 3445 468 3508; x_wconf 91' lang='lat' dir='ltr'>modo</span> <span class='ocrx_word' id='word_1_209' title='bbox 486 3442 665 3522; x_wconf 88' lang='lat' dir='ltr'>praemisso</span> <span class='ocrx_word' id='word_1_210' title='bbox 681 3442 842 3505; x_wconf 87' lang='lat' dir='ltr'>admissae</span> <span class='ocrx_word' id='word_1_211' title='bbox 862 3459 899 3504; x_wconf 87' lang='lat' dir='ltr'>ex</span> <span class='ocrx_word' id='word_1_212' title='bbox 922 3456 1018 3505; x_wconf 89' lang='lat' dir='ltr'>causa</span> <span class='ocrx_word' id='word_1_213' title='bbox 1042 3440 1178 3519; x_wconf 79' lang='lat' dir='ltr'>luerint),</span> <span class='ocrx_word' id='word_1_214' title='bbox 1197 3439 1337 3505; x_wconf 83' lang='lat' dir='ltr'>officium</span> <span class='ocrx_word' id='word_1_215' title='bbox 1362 3441 1406 3505; x_wconf 89' lang='lat' dir='ltr'>sit</span> 
     </span>
     <span class='ocr_line' id='line_1_31' title="bbox 317 3539 1403 3623; baseline -0.001 -18"><span class='ocrx_word' id='word_1_216' title='bbox 317 3541 434 3623; x_wconf 89' lang='lat' dir='ltr'>jndiois</span> <span class='ocrx_word' id='word_1_217' title='bbox 461 3543 509 3605; x_wconf 88' lang='lat' dir='ltr'>val</span> <span class='ocrx_word' id='word_1_218' title='bbox 537 3542 719 3605; x_wconf 86' lang='lat' dir='ltr'>adsessoris</span> <span class='ocrx_word' id='word_1_219' title='bbox 748 3541 876 3604; x_wconf 87' lang='lat' dir='ltr'>visitare</span> <span class='ocrx_word' id='word_1_220' title='bbox 902 3549 987 3615; x_wconf 87' lang='lat' dir='ltr'>acta;</span> <span class='ocrx_word' id='word_1_221' title='bbox 1016 3550 1046 3605; x_wconf 89' lang='lat' dir='ltr'>et</span> <span class='ocrx_word' id='word_1_222' title='bbox 1072 3542 1099 3604; x_wconf 89' lang='lat' dir='ltr'>si</span> <span class='ocrx_word' id='word_1_223' title='bbox 1123 3541 1154 3604; x_wconf 93' lang='lat' dir='ltr'>in</span> <span class='ocrx_word' id='word_1_224' title='bbox 1178 3539 1250 3620; x_wconf 86' lang='lat' dir='ltr'>jure</span> <span class='ocrx_word' id='word_1_225' title='bbox 1272 3557 1403 3604; x_wconf 89' lang='lat' dir='ltr'>causam</span> 
     </span>
     <span class='ocr_line' id='line_1_32' title="bbox 320 3640 1405 3721; baseline -0.004 -15"><span class='ocrx_word' id='word_1_226' title='bbox 320 3641 500 3706; x_wconf 89' lang='lat' dir='ltr'>consistere</span> <span class='ocrx_word' id='word_1_227' title='bbox 523 3641 627 3704; x_wconf 87' lang='lat' dir='ltr'>rideat</span> <span class='ocrx_word' id='word_1_228' title='bbox 649 3657 686 3706; x_wconf 89' lang='lat' dir='ltr'>ac</span> <span class='ocrx_word' id='word_1_229' title='bbox 709 3642 780 3705; x_wconf 90' lang='lat' dir='ltr'>sine</span> <span class='ocrx_word' id='word_1_230' title='bbox 804 3640 1045 3721; x_wconf 83' lang='lat' dir='ltr'>probationibus</span> <span class='ocrx_word' id='word_1_231' title='bbox 1071 3641 1175 3706; x_wconf 87' lang='lat' dir='ltr'>decidi</span> <span class='ocrx_word' id='word_1_232' title='bbox 1202 3657 1310 3721; x_wconf 90' lang='lat' dir='ltr'>posse,</span> <span class='ocrx_word' id='word_1_233' title='bbox 1329 3657 1405 3704; x_wconf 86' lang='lat' dir='ltr'>mox</span> 
     </span>
     <span class='ocr_line' id='line_1_33' title="bbox 319 3739 1406 3815; baseline -0.001 -11"><span class='ocrx_word' id='word_1_234' title='bbox 319 3741 490 3805; x_wconf 88' lang='lat' dir='ltr'>concludat</span> <span class='ocrx_word' id='word_1_235' title='bbox 514 3748 544 3804; x_wconf 91' lang='lat' dir='ltr'>et</span> <span class='ocrx_word' id='word_1_236' title='bbox 566 3741 757 3804; x_wconf 87' lang='lat' dir='ltr'>sententiam</span> <span class='ocrx_word' id='word_1_237' title='bbox 781 3739 975 3804; x_wconf 83' lang='lat' dir='ltr'>definitivam</span> <span class='ocrx_word' id='word_1_238' title='bbox 998 3740 1094 3815; x_wconf 87' lang='lat' dir='ltr'>lerat;</span> <span class='ocrx_word' id='word_1_239' title='bbox 1114 3741 1162 3804; x_wconf 91' lang='lat' dir='ltr'>sin</span> <span class='ocrx_word' id='word_1_240' title='bbox 1180 3757 1255 3803; x_wconf 88' lang='lat' dir='ltr'>vero</span> <span class='ocrx_word' id='word_1_241' title='bbox 1272 3739 1303 3801; x_wconf 90' lang='lat' dir='ltr'>in</span> <span class='ocrx_word' id='word_1_242' title='bbox 1320 3739 1406 3804; x_wconf 87' lang='lat' dir='ltr'>lacto</span> 
     </span>
     <span class='ocr_line' id='line_1_34' title="bbox 319 3839 1406 3921; baseline 0.001 -18"><span class='ocrx_word' id='word_1_243' title='bbox 319 3856 448 3904; x_wconf 89' lang='lat' dir='ltr'>oausam</span> <span class='ocrx_word' id='word_1_244' title='bbox 465 3839 645 3903; x_wconf 90' lang='lat' dir='ltr'>consistere</span> <span class='ocrx_word' id='word_1_245' title='bbox 662 3839 777 3912; x_wconf 89' lang='lat' dir='ltr'>videat,</span> <span class='ocrx_word' id='word_1_246' title='bbox 796 3839 1040 3920; x_wconf 87' lang='lat' dir='ltr'>interloquatur,</span> <span class='ocrx_word' id='word_1_247' title='bbox 1059 3839 1266 3921; x_wconf 89' lang='lat' dir='ltr'>admittatque</span> <span class='ocrx_word' id='word_1_248' title='bbox 1282 3839 1406 3904; x_wconf 92' lang='lat' dir='ltr'>idcirco</span> 
     </span>
     <span class='ocr_line' id='line_1_35' title="bbox 320 3937 1407 4020; baseline 0.003 -20"><span class='ocrx_word' id='word_1_249' title='bbox 320 3947 426 4016; x_wconf 88' lang='lat' dir='ltr'>partes</span> <span class='ocrx_word' id='word_1_250' title='bbox 466 3939 502 4000; x_wconf 87' lang='lat' dir='ltr'>ad</span> <span class='ocrx_word' id='word_1_251' title='bbox 545 3937 756 4018; x_wconf 89' lang='lat' dir='ltr'>probandum,</span> <span class='ocrx_word' id='word_1_252' title='bbox 791 3947 956 4020; x_wconf 88' lang='lat' dir='ltr'>utramque</span> <span class='ocrx_word' id='word_1_253' title='bbox 996 3939 1045 4004; x_wconf 87' lang='lat' dir='ltr'>vel</span> <span class='ocrx_word' id='word_1_254' title='bbox 1085 3939 1280 4010; x_wconf 86' lang='lat' dir='ltr'>alterutram,</span> <span class='ocrx_word' id='word_1_255' title='bbox 1312 3937 1407 4018; x_wconf 86' lang='lat' dir='ltr'>cujus</span> 
     </span>
     <span class='ocr_line' id='line_1_36' title="bbox 320 4037 1408 4119; baseline 0.003 -20"><span class='ocrx_word' id='word_1_256' title='bbox 320 4037 529 4115; x_wconf 87' lang='lat' dir='ltr'>allegationes</span> <span class='ocrx_word' id='word_1_257' title='bbox 545 4037 592 4102; x_wconf 90' lang='lat' dir='ltr'>vel</span> <span class='ocrx_word' id='word_1_258' title='bbox 610 4039 689 4102; x_wconf 90' lang='lat' dir='ltr'>lacta</span> <span class='ocrx_word' id='word_1_259' title='bbox 707 4039 896 4119; x_wconf 88' lang='lat' dir='ltr'>probatione</span> <span class='ocrx_word' id='word_1_260' title='bbox 912 4039 1073 4119; x_wconf 88' lang='lat' dir='ltr'>indigent;</span> <span class='ocrx_word' id='word_1_261' title='bbox 1090 4047 1121 4103; x_wconf 91' lang='lat' dir='ltr'>ct</span> <span class='ocrx_word' id='word_1_262' title='bbox 1138 4038 1165 4102; x_wconf 87' lang='lat' dir='ltr'>si</span> <span class='ocrx_word' id='word_1_263' title='bbox 1183 4048 1316 4118; x_wconf 91' lang='lat' dir='ltr'>utraque</span> <span class='ocrx_word' id='word_1_264' title='bbox 1332 4055 1408 4118; x_wconf 90' lang='lat' dir='ltr'>pars</span> 
     </span>
     <span class='ocr_line' id='line_1_37' title="bbox 321 4135 1405 4222; baseline 0.006 -26"><span class='ocrx_word' id='word_1_265' title='bbox 321 4135 508 4215; x_wconf 91' lang='lat' dir='ltr'>probatione</span> <span class='ocrx_word' id='word_1_266' title='bbox 538 4137 669 4219; x_wconf 90' lang='lat' dir='ltr'>indiget,</span> <span class='ocrx_word' id='word_1_267' title='bbox 689 4147 723 4202; x_wconf 93' lang='lat' dir='ltr'>ut</span> <span class='ocrx_word' id='word_1_268' title='bbox 752 4138 850 4202; x_wconf 90' lang='lat' dir='ltr'>actori</span> <span class='ocrx_word' id='word_1_269' title='bbox 884 4138 986 4218; x_wconf 93' lang='lat' dir='ltr'>primo</span> <span class='ocrx_word' id='word_1_270' title='bbox 1016 4138 1207 4222; x_wconf 81' lang='lat' dir='ltr'>praefigatur</span> <span class='ocrx_word' id='word_1_271' title='bbox 1234 4137 1405 4212; x_wconf 90' lang='lat' dir='ltr'>terminus,</span> 
     </span>
     <span class='ocr_line' id='line_1_38' title="bbox 319 4233 519 4298; baseline 0.005 -1"><span class='ocrx_word' id='word_1_272' title='bbox 319 4233 519 4298; x_wconf 91' lang='lat' dir='ltr'>deindereo.</span> 
     </span>
    </p>
   </div>
   <div class='ocr_carea' id='block_1_4' title="bbox 0 0 1625 4946">
    <p class='ocr_par' dir='ltr' id='par_1_8' title="bbox 0 0 1625 4946">
     <span class='ocr_line' id='line_1_39' title="bbox 0 0 1625 4946; baseline 0 0"><span class='ocrx_word' id='word_1_273' title='bbox 0 0 1625 4946; x_wconf 95' lang='lat' dir='ltr'> </span> 
     </span>
    </p>
   </div>
  </div>
 </body>
</html>
