3194 4940
699 379 736 389 -
754 343 820 414 *aso
842 376 882 387 -

247 534 346 598 sone,
371 521 432 587 vita
456 532 485 590 et
510 523 670 604 prelatura
693 539 730 588 ac
752 521 1042 588 administratione
1051 536 1163 586 eorum
1185 520 1333 594 durante

150 703 152 710 Ι
173 706 175 712 ¹
231 601 354 686 'semel
364 619 547 697 dominicata
565 623 592 687 si
606 622 845 704 vcrocapit'ulm
859 621 1009 706 collegia
1007 619 1055 686 vel
1069 629 1251 686 conuentus
1264 607 1332 718 lue-

233 709 324 796 '‘rint,
341 711 478 802 singulis
494 721 604 804 viginti
620 721 841 796 aurisonum
858 721 1010 786 clericum
1027 737 1066 786 err
1081 711 1286 785 studentibus
1302 687 1334 784 'e't

140 819 146 828 '
198 820 203 828 '
244 766 412 899 gradientis
428 819 513 884 dicte
529 820 756 887 Uniuersitatis
771 832 803 885 et
818 822 850 884 in
867 820 920 883 illa
938 817 1165 892 residentibus,
1180 818 1233 900 qui
1252 804 1332 882 ultr'a

234 911 460 998 ”quadraginta
473 917 616 985 llorenos
628 936 697 984 aun
690 919 751 984 de
763 935 889 984 camera
902 915 1064 982 annuatim
1080 933 1142 980 non
1156 915 1335 988 babeat.rel

239 1011 304 1096 ‘qut
317 1015 362 1090 ob,
377 1027 594 1095 paupertatem
612 1018 746 1099 gradum
758 1016 886 1099 assequi
906 1034 967 1080 non
985 1015 1137 1098 potuerit.
1154 1013 1334 1080 facultatem

236 1105 242 1136 ²
250 1115 419 1200 perpetuis
433 1116 549 1190 tuturis
572 1117 772 1198 temporibus
795 1119 981 1192 duraturam
1005 1114 1182 1196 apostolica
1199 1111 1338 1180 auctori·

254 1219 318 1278 tate
340 1205 560 1292 concedimus,
585 1225 616 1280 et
640 1227 673 1281 ut
694 1215 743 1280 sic
766 1215 932 1281 nominare
955 1215 1093 1296 possint.
1113 1213 1155 1278 ub
1178 1213 1339 1296 publicam

256 1311 424 1376 utilitatem
448 1314 488 1378 de
502 1313 679 1393 apostolice
703 1314 869 1395 potestatis
886 1313 1084 1394 plenitudine
1107 1311 1338 1393 indulgemus:

256 1425 295 1476 ac
310 1411 457 1476 volumus
480 1425 513 1478 et
527 1413 638 1479 eudem
662 1413 853 1480 auctoritate
876 1421 1099 1494 potestateque
1121 1413 1293 1476 statuimus
1309 1421 1342 1476 et

256 1509 456 1582 ordinamus,
484 1514 568 1593 quod
598 1511 724 1594 prelati.
752 1512 903 1594 capitula,
931 1522 1126 1582 conuentus.
1154 1510 1288 1591 collegia
1311 1518 1343 1574 et

260 1625 399 1688 persone
415 1611 611 1683 buiusmodi.
629 1628 666 1676 ac
680 1627 890 1676 successores
913 1625 1038 1684 eorum,
1053 1607 1172 1689 quibus
1196 1607 1340 1672 nomina·

256 1705 364 1771 tiones
380 1708 562 1774 buiusmudi
580 1712 660 1775 lacte
676 1711 804 1783 luerint.
822 1709 942 1773 eisdem
960 1709 1087 1772 clericis
1103 1707 1151 1770 sic
1169 1705 1343 1770 nominatis

245 1818 416 1885 ¹perpetuo
440 1808 479 1872 de
503 1827 567 1873 uno
591 1809 746 1874 benelteiu
769 1806 1004 1880 ecclesiastico,
1022 1823 1094 1869 curn
1116 1822 1190 1868 curu
1208 1805 1256 1867 vel
1274 1803 1345 1870 sinc

260 1919 350 1980 cura,
365 1905 483 1970 clerico
500 1909 637 1980 seculari
655 1907 686 1971 in
704 1907 828 1972 titulum
845 1906 985 1970 conten-i
1001 1915 1032 1970 et
1049 1921 1105 1984 per
1117 1904 1212 1968 talem
1230 1901 1347 1984 regiae

262 2003 434 2082 gubernari
469 2007 585 2080 solito,
617 2007 821 2088 dispositioni
852 2004 1031 2086 apostolice
1059 2002 1254 2084 generaliter
1284 2017 1347 2065 non

263 2113 430 2167 reseruato
443 2115 497 2168 aut
508 2123 547 2169 ex
561 2105 702 2186 generali
721 2107 940 2172 reseruatione
955 2103 1082 2178 allecto,
1096 2101 1192 2165 ctiam
1208 2101 1235 2165 si
1252 2117 1346 2166 cano·

265 2201 390 2266 niratus
406 2213 437 2267 et
454 2203 627 2284 prebenda,
645 2205 881 2269 administratio
897 2204 943 2268 vel
960 2201 1101 2266 odicium
1125 2201 1156 2264 in
1180 2199 1348 2281 collegiata

265 2309 320 2363 aut
334 2301 537 2376 sclrnlastria‚
554 2303 766 2370 matricularia
783 2321 838 2368 seu
857 2301 1002 2366 custodia
1019 2301 1049 2363 in
1064 2298 1238 2380 parochiali
1252 2297 1352 2363 ecclc

265 2399 325 2464 siis
346 2401 393 2466 vel
417 2403 537 2480 capella
561 2404 667 2479 luerit,
689 2413 721 2469 et
743 2403 781 2466 ud
805 2400 1114 2465 administrationem
1138 2398 1187 2488 uel
1210 2396 1352 2462 officium

268 2497 451 2564 huiusmodi
475 2503 682 2568 consueuerit
704 2505 776 2585 quis
801 2521 857 2582 per
879 2500 1070 2566 electionem
1095 2497 1236 2568 assumi.
1261 2497 1354 2576 eique

256 2613 344 2661 'cura
369 2599 531 2665 immineat
553 2603 743 2676 ultimarum,
767 2601 860 2666 cuius
884 2601 1025 2672 fructus,
1052 2596 1197 2660 redditus
1223 2607 1254 2658 et
1282 2609 1354 2674 pru·

254 2709 387 2761 'uentus
404 2699 531 2778 triginta
547 2699 741 2766 liorerrorem
763 2697 958 2764 lienonsium
981 2710 1152 2760 aureorum
1177 2693 1355 2758 secundum

270 2809 474 2862 communem
500 2799 737 2864 estimationem
760 2798 900 2861 valorem
929 2810 1071 2858 annuum
1099 2809 1161 2855 non
1189 2790 1355 2863 excedant.

270 2895 357 2973 quod
375 2907 448 2976 post
464 2897 713 2963 nominationem
731 2896 914 2976 huiusmodi
932 2895 1012 2974 ipsis
1034 2891 1176 2973 prelatis,
1193 2887 1357 2969 capitulis.

272 2993 429 3075 collegiis.
448 2995 662 3061 conuentibus
685 3007 717 3061 et
741 2993 890 3075 personis
906 2994 946 3057 de
962 3009 998 3056 se
1015 2993 1129 3055 laetam
1146 2999 1178 3054 et
1195 2996 1358 3069 presenta-

274 3101 337 3156 tam
353 3100 470 3174 quouis
487 3111 598 3161 mense
621 3096 800 3176 apostolico
817 3095 866 3158 vel
891 3091 1056 3157 ordinario
1081 3097 1265 3166 nuncupato
1289 3101 1361 3168 per·

275 3195 381 3270 petuis
412 3193 527 3260 tuturis
557 3194 758 3274 temporibus
788 3209 902 3258 vacare
931 3187 1121 3268 contigerit,
1155 3185 1286 3266 ipseque
1315 3181 1363 3248 siu

277 3292 478 3372 nominatus,
505 3311 561 3374 per
583 3311 619 3360 se
642 3294 692 3358 vel
720 3301 961 3374 procuratorem
990 3304 1084 3352 suum
1112 3285 1150 3350 ad
1177 3285 1239 3349 boc
1260 3283 1300 3348 ab
1324 3298 1364 3346 eo

278 3393 460 3472 specialiter
480 3395 703 3468 constitutum,
730 3392 811 3455 inira
835 3391 931 3456 unius
955 3385 1077 3452 mensis
1100 3383 1251 3464 spatium,
1277 3388 1364 3462 post·

279 3508 373 3572 quam
389 3493 449 3556 sibl
464 3491 510 3558 rel
528 3493 631 3558 eidem
650 3490 849 3573 procuratori
862 3490 902 3554 de
919 3483 1104 3552 huiusmodi
1119 3481 1263 3547 beneficii
1276 3495 1364 3544 vaca·

280 3590 367 3654 tione
381 3593 574 3669 constiterit,
592 3592 718 3657 duxerit
734 3589 978 3670 acceptandum,
998 3583 1134 3664 possint.
1152 3590 1320 3646 teneantur
1335 3585 1367 3642 02

280 3688 419 3754 debeant
433 3691 564 3756 omnino
582 3690 772 3770 prouidere:
791 3687 972 3752 districtius
996 3683 1181 3746 inhibentes
1205 3676 1368 3742 uniuersis
1458 3737 1462 3746 ,

280 3797 313 3853 et
334 3789 471 3870 singulis
494 3789 639 3872 prelatis,
656 3789 818 3870 capitulis,
835 3783 993 3865 collegiis,
1012 3779 1229 3854 conuentibus
1248 3786 1279 3842 et
1295 3791 1369 3858 per·

282 3887 373 3952 sonis
390 3889 533 3969 prelatis,
548 3907 587 3955 ne
602 3890 643 3954 de
659 3887 818 3954 beneticio
834 3884 883 3949 vel
900 3881 1007 3947 officio
1024 3875 1208 3944 buiusmodi
1226 3875 1368 3946 interim,

282 3986 377 4053 etiarn
393 4001 466 4054 ante
480 3989 734 4069 acceptationem
750 3985 899 4058 eandem.
919 3981 981 4046 nisi
999 3987 1168 4062 postquam
1185 3976 1234 4040 eis
1253 3961 1373 4038 consti·

266 4093 360 4157 ‘terit
371 4094 457 4176 quod
469 4093 578 4160 clerici
591 4093 629 4157 ad
642 4093 696 4156 illa
710 4090 757 4156 sic
771 4086 922 4154 nominati
940 4083 993 4147 illa
1009 4089 1178 4160 acceptare
1196 4075 1370 4154 nolueriqt,
