3240 4946
730 439 915 504 -ltt-

277 635 386 686 noster
403 619 554 686 archidux
572 631 626 686 aut
643 621 853 687 Reuercndus
869 619 1018 685 dominus
1038 617 1225 682 Blsuntinus
1249 618 1366 699 digna-¹

276 729 364 785 retur
386 722 510 801 aliquos
526 720 645 800 probos
659 721 748 785 viros
764 731 795 785 ct
812 719 930 801 legales
947 719 986 784 de
1001 717 1124 800 gremio
1141 707 1359 782 uniuersitatis

276 823 454 911 nominare,
485 819 680 884 uniuersitas
716 820 929 884 committeret
964 817 1086 883 eisdem
1123 815 1357 881 correctionem

275 935 468 984 excessuum
494 935 550 984 scu
579 917 737 983 ahusuum
765 919 1003 1000 suppositorum
1028 915 1131 998 quoad
1157 915 1357 996 priuilegium

276 1018 528 1091 conseruatorie,
561 1026 591 1082 et
620 1018 742 1083 eisdem
781 1018 960 1082 facultatem
998 1016 1154 1081 concedet
1189 1013 1357 1095 ordinandj

276 1117 522 1183 reformationes
543 1117 631 1182 curie
653 1116 905 1182 conseruatoris.
927 1117 992 1192 Qua
1016 1115 1144 1195 quidem
1167 1113 1279 1178 cedula
1304 1131 1359 1195 per

277 1216 423 1281 eumdem
448 1215 611 1280 dominum
637 1215 836 1280 Bisuntinum
862 1215 999 1295 perlecta
1023 1222 1055 1278 et
1080 1213 1188 1276 audito
1215 1212 1300 1294 quod
1326 1211 1358 1293 ju

277 1323 546 1396 apponctamento
571 1315 659 1394 prius
684 1315 783 1378 misso
801 1313 1047 1394 continebantur
1062 1312 1165 1393 aliqua
1182 1329 1244 1392 quc
1261 1311 1359 1391 crini-

276 1413 368 1494 legijs
382 1413 600 1477 uniuersitatis
614 1413 866 1494 ureiudicahant,
880 1423 912 1476 vt
929 1422 1035 1476 rector
1050 1409 1110 1491 sihj
1128 1409 1360 1475 demonstrauit

277 1530 316 1577 ex
356 1513 446 1576 litera
486 1513 742 1593 apnunctamentj
783 1513 823 1576 de
862 1511 1064 1576 correctione
1102 1525 1293 1574 excessuum
1330 1519 1361 1573 ct

279 1609 506 1676 reformatione
532 1612 620 1676 curie
647 1610 901 1686 communioris,
927 1609 1005 1674 dixit
1027 1608 1062 1690 jn
1090 1608 1152 1673 fide
1178 1623 1236 1672 sua
1264 1607 1359 1671 nichil

279 1709 450 1798 cogitatum
475 1709 574 1775 luisse
596 1711 636 1774 de
659 1709 829 1790 preluditio
848 1707 1079 1782 uniuersitatis,
1098 1723 1156 1772 nec
1176 1707 1360 1788 jllustrissi-

281 1824 364 1872 mum
392 1808 555 1877 domiuum
583 1809 788 1873 archiducem
812 1805 1008 1888 uniuersitatj
1029 1805 1063 1886 J'n
1088 1806 1195 1886 aliquo
1217 1805 1360 1870 voluisse

279 1916 333 1972 aut
346 1906 427 1973 velle
441 1906 652 1986 preiudirarc,
667 1916 698 1971 ct
710 1909 789 1970 vltra
802 1917 951 1972 contenta
961 1906 996 1987 jn
1009 1904 1121 1970 cedula
1134 1911 1359 1986 perrecturam

280 2005 419 2070 exhibita
443 2005 699 2087 illustrissimum
727 2006 892 2070 dominum
918 2005 1121 2069 archiducem
1153 2003 1249 2066 nichil
1281 2003 1361 2066 vltra

278 2104 468 2184 petiturum
501 2105 592 2169 saluo
630 2114 734 2169 tamen
768 2105 851 2186 quod
884 2103 1023 2184 denatatj
1053 2101 1272 2168 uniuersitatis
1303 2117 1360 2182 pro

275 2219 386 2268 eorum
401 2202 627 2284 informatione
644 2204 773 2267 audient
790 2204 958 2284 deputatos
975 2201 1130 2283 principis
1146 2218 1244 2281 super
1261 2200 1360 2264 reior-

277 2302 414 2365 matione
437 2301 594 2364 ahusuum
618 2302 702 2366 dicte
726 2302 815 2367 curie
840 2299 1081 2367 conseruatoris
1109 2315 1165 2380 per
1191 2299 1361 2379 deputatos

277 2399 496 2465 uniuersitatis
537 2401 699 2476 lacienda;
742 2401 826 2482 qnod
863 2410 969 2465 rector
1005 2399 1084 2463 dixit
1121 2397 1360 2462 uniuersitatem

280 2515 478 2580 nequaquam
503 2517 663 2564 recusare.
685 2501 719 2564 Et
743 2499 903 2580 pollicitus
927 2507 975 2564 est
996 2498 1068 2580 jpse
1085 2498 1233 2562 dominus
1250 2497 1359 2560 Bisan-

279 2597 365 2661 tinus
381 2598 436 2661 illo
452 2597 503 2662 dic
520 2599 663 2663 scrihere
679 2616 772 2662 suam
797 2599 1029 2662 salsamentum
1053 2597 1183 2662 domino
1208 2597 1359 2677 Bergeusi

276 2696 310 2776 jn
350 2697 509 2760 Namurco
548 2714 645 2775 penes
682 2698 846 2761 dominum
883 2695 1086 2762 archiducem
1124 2695 1270 2775 existenti
1301 2710 1360 2775 pro

279 2795 472 2858 relaxatione
496 2805 636 2875 protacta
660 2796 850 2870 ontinenam
869 2803 962 2876 prout
985 2796 1079 2860 etiam
1103 2795 1164 2859 hoc
1187 2809 1222 2858 se
1246 2794 1361 2858 iecisse

279 2910 317 2956 ac
347 2894 493 2957 nuntium
524 2895 653 2960 misisse
683 2897 780 2959 altera
811 2896 862 2960 die
898 2911 1024 2960 summo
1062 2911 1155 2958 mane
1191 2893 1361 2958 antedictis

281 2991 411 3056 domino
434 2993 552 3074 rector]
577 3005 608 3058 et
630 2995 790 3074 deputatis
814 2995 1032 3059 uniuersitatis
1056 3011 1111 3074 cer
1127 3009 1223 3056 vnum
1239 3009 1277 3056 ex
1294 2990 1362 3056 suis

281 3092 496 3156 seruitorihus
509 3093 714 3174 significauit.
729 3094 831 3174 Sorter
844 3094 960 3175 quihus
973 3091 1165 3158 uniuersitas
1181 3091 1362 3155 deliberans

280 3190 515 3272 regradabatur
530 3192 634 3257 eidem
657 3191 787 3257 domino
812 3193 928 3273 rectorj
951 3203 982 3257 et
1005 3191 1164 3274 deputatis
1187 3190 1227 3255 de
1250 3205 1361 3254 eornm

279 3289 462 3370 diligentiis.

324 3488 458 3567 lnsuoer
483 3489 626 3554 narrauit
648 3490 797 3562 dominns
820 3508 857 3554 ac
882 3491 1032 3570 magister
1056 3489 1168 3553 Petrus
1192 3487 1361 3567 hapostole

283 3585 457 3652 modernus
480 3597 628 3668 receptor
651 3589 869 3653 vnlnersitatis
897 3589 1032 3668 qualiter
1059 3598 1189 3670 propter
1214 3585 1362 3651 diuersas

282 3696 313 3750 et
340 3685 455 3749 multas
478 3703 637 3766 expensas
660 3705 739 3768 quas
762 3687 957 3752 uniuersilas
974 3687 1133 3752 sustinere
1150 3685 1259 3749 hahuit
1275 3685 1315 3750 uh
1332 3695 1364 3749 ct
1455 3703 1457 3706 ·

283 3793 413 3864 propter
441 3786 565 3864 negoha
591 3803 662 3862 sua,
684 3787 808 3851 modice
836 3789 970 3866 pecunie
997 3786 1058 3850 suh
1084 3802 1121 3849 eo
1148 3785 1303 3858 existunt;
1333 3795 1365 3849 et

280 3884 352 3964 quia
370 3883 586 3948 verisimiliter
608 3885 712 3949 adhuc
737 3887 846 3966 ulurrs
865 3885 1030 3967 impensas
1052 3885 1212 3948 sustinere
1236 3882 1365 3946 habehit

279 3993 449 4062 antequam
487 3999 543 4047 sua
582 3984 707 4066 negotia
742 3986 776 4066 jn
815 3987 895 4049 lacto
933 3982 1175 4048 conseruatorie
1212 3981 1364 4061 expedire

281 4080 408 4162 poterit.
429 4081 517 4160 petiit
539 4101 577 4145 an
603 4101 641 4148 nc
664 4101 746 4164 opus
769 4086 829 4147 erit
849 4083 972 4164 jntraru
994 4081 1122 4145 archam
1144 4080 1363 4144 uniuersitatis

281 4195 340 4262 pro
371 4180 504 4260 pecunia
535 4182 738 4246 extrahenda.
770 4183 871 4262 Super
900 4198 963 4264 quo
993 4179 1142 4244 dominus
1180 4188 1287 4244 rector
1323 4195 1362 4243 ex
