3240 4946
717 443 900 509 -476-

267 622 1352 708 jpsedomintisflectorcumcertisalijsdevniuersitatequandam

270 721 495 802 obligationem
515 724 643 788 nomine
663 725 882 790 uniuersitatis
905 725 1040 808 principi
1065 725 1288 806 porrigendam
1313 725 1353 789 dc

271 821 485 886 obseruandis
508 823 792 890 reformationibus
816 826 905 890 curie
929 823 1171 890 consecratoria
1186 824 1352 903 conceptis

271 937 327 1000 tter
343 920 488 984 eumdem
506 921 669 986 dominnm
687 937 943 1005 rectoremque
963 923 1083 1004 jbidem
1107 925 1188 987 lectu
1211 921 1350 986 fuerunt.

272 1019 399 1084 ponens
422 1019 507 1099 jdem
536 1020 686 1084 dominns
714 1030 820 1086 rector
840 1022 874 1104 jn
898 1022 1129 1088 deliberatione
1149 1020 1352 1084 dominorum

271 1135 309 1182 an
327 1118 511 1184 huiusmodi
528 1119 679 1200 obligatio
696 1137 768 1184 cum
785 1121 928 1185 articulis
945 1138 1003 1201 pro
1021 1118 1247 1185 reformatione
1269 1118 1353 1182 dicte

270 1217 360 1281 curie
386 1218 562 1300 conceptis,
585 1219 685 1282 saluis
712 1221 816 1285 adfruc
838 1219 909 1300 alijs
934 1235 990 1301 pro
1014 1217 1241 1284 reformatione
1265 1217 1351 1298 totalj

271 1319 414 1384 eiusdem
431 1320 521 1384 curie
538 1337 594 1400 per
610 1321 848 1385 uniuersitatem
868 1321 1080 1403 imposterum
1103 1319 1269 1394 addendis,
1288 1319 1351 1398 pla·

271 1427 376 1492 ceant,
393 1427 424 1482 et
448 1418 520 1500 quis
536 1419 583 1483 vel
602 1419 654 1500 cuj
673 1420 816 1500 mittendj
833 1429 928 1484 erunt
943 1420 982 1483 ad
999 1419 1130 1499 opidum
1148 1417 1353 1482 nruxettense

274 1533 331 1596 pro
353 1517 494 1598 vlteriorj
519 1519 732 1582 conductione
756 1519 938 1584 huiusmodi
963 1518 1093 1599 negotij.
1114 1519 1215 1597 Super
1238 1516 1354 1595 unibus

272 1615 464 1680 vnlnersitus
487 1615 668 1680 deliberans
692 1619 852 1683 conclusit
874 1618 1057 1683 huiusmodi
1080 1615 1306 1696 obligationem
1324 1623 1355 1678 et

274 1715 530 1780 reformationem
560 1715 698 1795 placere,
716 1727 747 1781 et
771 1717 844 1798 jlfas
871 1726 1026 1797 acceptat,
1045 1733 1163 1797 rogans
1190 1714 1352 1779 dominnm

274 1823 430 1878 rectorem
447 1822 480 1875 vt
496 1831 553 1894 pto
570 1815 629 1880 bac
644 1815 713 1880 vioe
729 1817 878 1896 dignetur
893 1825 1060 1896 acceptare
1075 1831 1158 1880 onus
1181 1811 1353 1878 accedendi

273 1913 498 1977 cancellarium
535 1914 662 1977 nustria
701 1915 856 1980 bruxellis
893 1915 1080 1978 existentem
1119 1930 1175 1994 pro
1213 1910 1353 1990 vlteriorj

274 2009 489 2075 conductione
505 2011 687 2076 huiusmodi
706 2013 822 2094 turgotij
839 2013 877 2076 ad
894 2013 1050 2076 bonorem
1066 2019 1097 2076 el
1113 2011 1217 2074 minus
1231 2009 1355 2090 jncom·

275 2108 403 2173 modum
429 2127 484 2174 sen
510 2111 717 2190 preludicium
744 2111 985 2192 priuilegiotum
1009 2109 1238 2183 uniuersitatis,
1264 2115 1359 2188 prout

271 2207 391 2288 jdjdem
408 2225 490 2272 onus
505 2208 621 2290 jntnitu
640 2219 670 2274 ct
685 2210 953 2290 courtemplatione
974 2209 1193 2274 uniuersitatis
1209 2206 1359 2271 dominns

275 2315 382 2372 rector
397 2309 586 2389 acceptauit.

630 2419 700 2472 Acta
719 2419 921 2486 Homericus,
937 2418 969 2486 V,
986 2417 1032 2472 fol.
1049 2415 1159 2486 lxxxiiij
1176 2423 1210 2471 ιθ.

318 2605 357 2668 23
373 2605 524 2668 decembre
541 2605 630 2667 tsttd.
647 2605 796 2670 licctorat
811 2605 962 2671 d'ndrien
979 2603 1131 2669 Florentii
1155 2603 1281 2682 (Adrion
1300 2599 1359 2680 Vl).

325 2803 380 2866 bie
394 2802 540 2882 mercurii
553 2802 628 2883 xxiij
643 2804 950 2869 mensisdecembris
960 2803 1082 2886 jndicta
1092 2803 1363 2884 luitcongregatic

283 2900 502 2964 uniuersitatis
519 2903 595 2966 nora
612 2903 735 2966 decima
751 2913 823 2968 atrte
839 2905 1004 2970 meridiem
1021 2903 1102 2983 apud
1121 2904 1224 2968 locum
1242 2902 1362 2982 capilu-

281 3001 379 3063 larem
409 3000 546 3064 ecclesie
574 3002 675 3082 sanctj
704 3003 785 3084 Petrj
811 3003 1031 3068 bononiensis.
1060 3003 1096 3064 ln
1124 3017 1186 3082 qua
1213 3001 1363 3065 dominus

283 3107 390 3162 rector
416 3099 524 3162 retulit
550 3100 686 3180 qualiter
712 3103 764 3164 die
790 3103 916 3166 veneris
944 3103 1086 3181 proxime
1115 3101 1264 3180 preterita
1290 3101 1363 3178 ipse

282 3196 432 3260 adiuncto
448 3196 507 3278 sibj
529 3201 654 3263 notario
678 3201 897 3264 vnlnersitatis
919 3201 1056 3265 accessit
1080 3200 1209 3280 opidum
1235 3198 1363 3262 Bruxel-

283 3297 372 3360 lense
385 3295 418 3376 jo
437 3298 567 3360 materia
581 3301 805 3378 suspensionis
819 3300 1077 3373 conseruatorie;
1094 3299 1231 3380 jptsoquc
1244 3297 1363 3378 jbidem

282 3396 448 3472 existente,
459 3399 670 3462 considerans
682 3399 866 3478 opinionem
880 3401 1084 3463 diuersorum
1095 3399 1129 3478 jo
1144 3397 1363 3468 vrriuersitate,

283 3511 418 3576 quorum
446 3495 541 3576 aliqu]
566 3497 714 3561 dicebant
735 3497 841 3577 jpsum
865 3497 1028 3562 dominum
1053 3508 1209 3561 rectorem
1234 3497 1364 3558 ductum

283 3596 393 3658 fauore
406 3596 602 3658 notariorum
616 3603 647 3658 et
659 3605 913 3675 procuratorum,
928 3613 966 3659 eo
980 3596 1063 3676 quod
1079 3612 1140 3659 non
1159 3595 1237 3657 satis
1252 3607 1364 3656 corum

283 3692 413 3755 sallario
439 3691 642 3768 detraxisset,
670 3694 766 3774 aliquj
795 3704 899 3758 antem
926 3695 1075 3758 dicebant
1101 3703 1132 3757 et
1158 3699 1366 3756 asseruerunt

281 3793 412 3855 domino
441 3793 662 3873 conseruatori
694 3793 799 3856 minus
832 3795 911 3857 bene
949 3792 1127 3872 prouisum.
1160 3790 1263 3862 Quare
1294 3789 1367 3869 jpse

280 3889 430 3953 dominus
454 3901 559 3954 rector·
582 3892 716 3956 studens
741 3909 798 3972 pro
822 3908 919 3971 posse
942 3907 1138 3954 conseruare
1161 3889 1309 3954 vnionem
1332 3885 1365 3966 J'n

281 3989 491 4054 vtriuersitate
511 3989 610 4068 jussit
634 3992 757 4054 notario
784 4001 942 4071 quatenns
970 4005 1080 4054 secum
1107 3987 1246 4052 deferret
1272 4001 1366 4049 unam

285 4085 387 4148 albam
411 4087 581 4168 sigillatam
605 4090 642 4151 ad
666 4089 757 4168 jllum
781 4088 875 4152 linem
898 4099 929 4150 vt
953 4086 1078 4167 articul]
1103 4080 1366 4163 uniuersitatisjn

287 4185 403 4268 mitior]
433 4187 533 4252 forma
564 4204 657 4269 qnam
689 4187 781 4269 positj
814 4188 937 4253 fuerant
967 4185 1088 4268 passarj
1121 4192 1265 4265 possent,
1291 4181 1366 4262 jllos
