3240 4946
679 379 865 454 -tttt-

231 570 371 638 assernit
399 572 606 639 residentiam
636 587 726 636 suam
757 570 788 634 in
820 570 962 636 Louanio
992 568 1184 638 dimittendi.
1212 569 1315 654 Super

231 671 347 754 quibus
363 672 556 738 vninersitas
571 670 754 736 deliberans
767 669 926 736 conclusit
942 670 1027 752 quod
1044 671 1149 736 dictus
1164 671 1315 737 dominus

230 781 443 838 conseruntur
457 771 572 835 habeat
587 770 692 834 locum
710 779 742 834 ct
756 769 936 835 sessionem
953 778 985 835 vt
1000 769 1049 852 suj
1066 769 1316 852 predecessores

231 878 263 935 et
289 879 537 936 conseruatores
568 868 759 943 babuerunt,
787 869 880 934 saluo
909 869 994 951 quod
1025 880 1179 950 sequatur
1202 887 1326 936 omnesw

231 968 380 1034 dominos
403 968 534 1034 abbntos
558 975 587 1034 et
611 967 762 1049 precedat
784 964 897 1034 omnes
921 969 1123 1051 presidentes
1137 969 1171 1050 jn
1189 969 1314 1036 actibus

231 1067 328 1133 buius
343 1069 562 1134 vninersitatis
577 1069 706 1149 dempto
723 1068 907 1149 presidente
923 1069 1080 1134 facultatis
1094 1069 1221 1134 artium.

272 1223 342 1278 Actu
360 1221 557 1283 Untuersltalts,
574 1217 608 1282 V,
625 1217 673 1275 fol.
690 1217 801 1272 cccxxvi
816 1225 843 1270 v⁰
856 1224 882 1274 et
897 1220 1031 1290 ccccxxvij
1048 1226 1074 1274 r⁰
1086 1224 1114 1274 el
1127 1227 1165 1275 νῦ.

274 1394 313 1460 22
328 1392 482 1459 decembre
498 1389 589 1456 laud.
607 1390 755 1456 liectorat
771 1389 811 1456 ds
827 1388 1004 1482 Godescalc
1019 1389 1229 1458 licsemondt.

275 1577 332 1642 bie
354 1573 475 1656 sabbatj
502 1572 563 1655 xxij
592 1571 713 1637 mensis
735 1572 917 1638 decembris
944 1573 1042 1639 altera
1069 1573 1217 1640 videlieet
1243 1574 1314 1656 lest]

233 1677 325 1743 beate
347 1675 469 1739 Thomu
492 1671 628 1754 apostoli
649 1671 769 1754 judinta
793 1673 851 1737 luit
866 1672 1075 1754 congregatio
1097 1673 1316 1739 uniuersitatis

233 1775 317 1856 apud
343 1772 599 1855 Augustinenses
623 1770 708 1852 inter
735 1787 851 1836 nonam
878 1779 908 1836 et
934 1771 1089 1838 decimam
1120 1772 1216 1838 boras
1243 1781 1317 1839 ante

235 1873 400 1940 meridiem
417 1887 514 1952 super
531 1869 592 1952 hijs
608 1869 765 1935 articulis.

278 2072 398 2139 Deinde
420 2069 569 2137 dominus
592 2077 804 2136 conseruator
827 2070 994 2151 proposuit
1009 2071 1145 2152 qualiter
1164 2071 1238 2152 jpse
1254 2088 1318 2137 non

236 2171 358 2236 babens
380 2185 581 2233 assessorem
603 2168 774 2249 aliquando
790 2168 831 2248 vtj
853 2169 959 2244 babel,
978 2185 1035 2249 pro
1056 2168 1222 2236 decisione
1244 2185 1319 2234 cau·

236 2286 344 2335 sarum
360 2275 469 2333 curem
492 2283 531 2332 eo
552 2266 770 2348 pendentium.
787 2266 932 2348 consiliis
954 2267 1090 2348 plurium
1114 2268 1317 2334 dominorum

235 2367 470 2434 licentiatorum
484 2365 578 2446 juris,
591 2365 707 2448 quibus
722 2366 797 2446 petit
812 2366 941 2448 aliquod
955 2366 1117 2430 saliarium
1130 2377 1318 2448 competens

236 2483 292 2550 pro
309 2481 420 2532 eorum
436 2463 600 2530 laboribus
620 2463 774 2545 ordinari,
794 2473 886 2546 prout
902 2465 981 2529 alies
998 2481 1055 2546 per
1076 2465 1316 2531 uniuersitatem

236 2565 418 2631 ordinatum
445 2563 503 2629 luit
529 2563 692 2628 saliarium
720 2580 778 2644 pro
804 2563 968 2628 laboribus
994 2564 1113 2629 domini
1139 2565 1318 2644 assessoris

239 2681 297 2746 pro
323 2673 468 2746 tempore
494 2661 672 2729 existentis.
700 2663 804 2742 Super
828 2678 891 2743 quo
917 2661 1110 2728 vninersitas
1136 2663 1319 2728 deliberans

239 2763 401 2828 commisit
416 2761 546 2828 domino
567 2761 683 2842 rectorj
700 2769 731 2826 et
746 2761 905 2840 deputatis
920 2761 1092 2844 ordinariis
1113 2771 1145 2828 et
1159 2762 1320 2844 aliquibus

236 2861 420 2927 senioribus
446 2860 643 2942 singularum
671 2859 853 2925 facultatum
882 2878 939 2942 per
964 2862 1129 2926 domiuum
1160 2871 1318 2927 rectorem

237 2959 452 3026 assumendis.

353 3092 423 3145 Actu
441 3090 642 3154 Universitatls,
659 3090 692 3154 V,
708 3091 757 3148 fol.
772 3091 904 3162 cccxxviij
921 3099 949 3144 v·
962 3097 990 3148 el
1002 3093 1117 3149 cccxxix
1131 3101 1169 3150 νο.

280 3263 316 3328 15
330 3261 452 3328 octobre
468 3261 560 3326 lbet.
578 3261 727 3326 Rectorat
742 3261 782 3327 de
798 3262 895 3329 bouis
910 3263 950 3330 de
965 3264 1098 3331 Schore.

281 3445 336 3512 llic
360 3443 469 3509 martis
492 3443 556 3507 xvi·
573 3442 716 3509 octobris
736 3444 856 3526 indicta
880 3445 938 3511 luit
962 3446 1169 3529 congregatio
1191 3448 1320 3514 vniner-

238 3545 343 3612 sitatis
358 3545 441 3626 apud
458 3544 713 3627 Augustincnses
730 3545 808 3610 bora
824 3546 957 3628 septima
978 3547 1018 3612 de
1034 3563 1125 3614 mnne
1144 3565 1242 3630 super
1257 3550 1319 3630 hijs

238 3645 394 3711 articulis.

281 3845 438 3925 Deinceps
461 3843 603 3909 narrauit
617 3845 768 3910 dominus
793 3853 897 3911 rector
913 3847 1048 3928 qualiter
1071 3849 1222 3913 dominus
1244 3865 1323 3915 con·

239 3955 386 4010 seruator
404 3960 467 4008 non
480 3943 618 4026 intendit
642 3943 779 4026 amplius
796 3945 911 4011 sedere
935 3963 992 4027 pro
1009 3947 1171 4024 tribunali,
1190 3948 1250 4012 nisi
1268 3965 1324 4029 per

239 4042 479 4108 uniuersitatem
502 4041 561 4124 sibj
587 4043 793 4123 prouideatur
816 4055 928 4110 contra
950 4047 1124 4110 nonnullos
1149 4049 1324 4112 aduocatos

240 4150 269 4206 et
287 4150 512 4224 procuratores
535 4142 588 4224 quj
602 4142 709 4224 indies
729 4141 764 4223 jn
780 4159 890 4208 eorum
914 4144 1084 4225 scripturis
1106 4146 1166 4228 sibj
1191 4147 1320 4212 domino

240 4240 462 4322 conseruatori
497 4249 530 4306 vt
563 4242 701 4308 assernit
731 4241 937 4324 iniurientur,
969 4251 1063 4326 prcul
1097 4247 1247 4332 allegauit
1279 4247 1320 4314 de
