3246 4944
766 461 952 528 -uto-

313 643 374 708 nisi
392 652 495 708 tamon
513 643 629 708 luerint
646 642 800 726 religiosi,
818 642 871 725 qui
887 643 919 706 in
941 643 1010 708 suis
1034 643 1240 709 monasteriis
1263 644 1398 709 Univer-

313 741 397 806 sitati
415 741 630 822 incorporatis
644 741 815 822 theologici
834 742 929 806 studii
946 758 1075 807 cursum
1091 741 1299 820 absolverint,
1313 743 1398 808 etde

312 857 351 906 eo
368 840 571 928 superiorum
588 841 636 906 vel
652 841 809 905 lectorum
826 857 958 906 suorum
981 840 1198 906 testimonium
1222 841 1396 915 attulerint,

312 939 366 1020 qui
396 939 519 1005 etiarnsi
548 939 726 1020 praedictas
753 939 909 1005 lectiones
935 939 967 1003 in
995 939 1131 1020 puhlicis
1159 938 1292 1013 scholis,
1316 956 1397 1019 quas

314 1039 420 1104 Halios
436 1050 564 1115 vocant,
579 1057 641 1104 non
658 1040 828 1119 audierint,
843 1039 871 1105 si
889 1048 992 1106 tamen
1011 1058 1066 1122 per
1082 1039 1245 1120 praevium
1262 1056 1395 1106 oramen

312 1139 376 1218 apti
398 1139 516 1220 reperti
538 1139 668 1212 fuerint.
687 1146 836 1220 poterunt
851 1156 979 1222 quoque
994 1139 1033 1204 ad
1050 1139 1245 1221 praedictum
1261 1137 1394 1220 gradum

312 1237 446 1313 admitti,
466 1245 560 1318 prout
576 1237 643 1302 lieri
661 1238 841 1304 consuevit.

795 1385 913 1451 LXlill.

351 1516 396 1580 dd
420 1517 581 1581 licentiam
605 1534 733 1600 quoque
758 1518 865 1583 nullus
890 1525 1128 1600 promoveatur,
1146 1515 1207 1581 nisi
1234 1518 1394 1600 septennii

309 1615 413 1697 spatio
437 1615 534 1681 totius
553 1615 766 1682 scholasticae
782 1616 962 1698 theologiae
978 1634 1109 1682 cursum
1126 1615 1312 1690 absolverit,
1331 1617 1393 1681 uisi

308 1716 391 1780 forte
407 1714 449 1779 ob
466 1722 678 1796 praegnantes
695 1715 837 1781 rationes
854 1716 986 1781 facultas
1005 1717 1167 1780 censuerit
1190 1707 1261 1779 eum
1285 1715 1393 1797 aliquo

307 1813 340 1877 in
372 1831 436 1880 uuo
464 1829 562 1890 annu,
586 1813 634 1879 vel
664 1814 925 1896 sesquiannoad
956 1831 1126 1889 sumntum,
1153 1831 1392 1896 nonnumquam

308 1911 573 1994 dispensandum.

784 2043 916 2108 hxvttt.

349 2189 590 2273 Disputationes
615 2199 835 2274 actamquae
862 2201 923 2257 tarn
948 2209 1004 2274 pro
1031 2193 1271 2258 baccalaureatu
1295 2210 1390 2274 quam

307 2308 365 2372 pro
382 2291 512 2356 licentia
529 2291 621 2367 hunt,
639 2299 832 2373 peragantur
849 2292 939 2356 boris
955 2301 986 2357 et
1002 2292 1098 2358 modo
1113 2293 1287 2358 consuetis.

797 2439 902 2503 hxtx.

345 2571 493 2635 (letarum
506 2569 661 2635 ordinarii
674 2573 877 2651 professores
894 2571 990 2639 buras
1006 2571 1038 2635 in
1054 2580 1214 2654 postrema
1233 2571 1392 2636 facultatis

304 2667 506 2734 ordinatione
528 2669 732 2746 constitutas,
749 2670 874 2752 aliaque
898 2670 1015 2736 ibidem
1039 2671 1177 2752 praefixa
1194 2671 1226 2734 in
1242 2670 1390 2735 docendo

304 2765 474 2848 diligenter
489 2767 672 2834 observent.

800 2900 892 2964 Lxx.

344 3047 608 3114 baccalaureatus
623 3057 728 3114 autem
745 3058 849 3114 aetum
867 3049 1030 3115 formalem
1047 3050 1110 3115 duo
1126 3049 1179 3114 alii
1198 3058 1288 3116 actus
1311 3067 1386 3116 eum

303 3145 558 3212 solemnitatibus
579 3149 744 3213 consuetis
762 3149 965 3228 praecedent,
983 3157 1025 3223 et,
1044 3149 1124 3214 utin
1142 3165 1230 3214 more
1247 3149 1386 3230 positum

303 3253 365 3320 est,
393 3245 540 3326 singulos
572 3255 662 3311 actus
700 3247 868 3328 praecedat
907 3264 967 3312 una
1002 3247 1155 3313 solemnis
1192 3257 1223 3314 et
1260 3248 1387 3329 publica

302 3342 490 3424 disputatio.

792 3477 901 3541 LXXI.

344 3627 445 3691 Porro
468 3633 530 3692 tant
553 3625 591 3691 ad
615 3626 892 3693 baccalaureatum
916 3645 1009 3710 uuam
1026 3627 1065 3692 ad
1083 3626 1240 3693 licentiam
1259 3645 1387 3708 promo·

303 3726 396 3790 vendi
437 3725 549 3792 stricte
585 3727 818 3801 examinentur,
851 3727 977 3809 solique
1013 3727 1119 3792 idonei
1157 3727 1387 3802 admittantur;

302 3824 444 3890 inidonei
460 3833 586 3920 antem,
603 3826 690 3889 omni
715 3826 838 3908 privato
864 3825 977 3891 affectu
1006 3827 1160 3908 seposito,
1178 3826 1388 3907 repellantur.

785 3973 906 4039 txxh.

346 4103 423 4167 Cum
460 4121 537 4171 vero
573 4104 800 4188 disputationis
828 4106 1015 4173 exercitatio
1044 4115 1075 4172 et
1104 4105 1221 4188 ingenii
1250 4121 1388 4171 acumen

298 4202 465 4281 ostendat,
482 4203 603 4287 etquid
623 4205 744 4272 borbini
766 4207 932 4272 doctrinae
954 4206 1029 4272 insit
1053 4205 1228 4290 patefaciat,
1245 4204 1387 4286 diligens
