3194 4940
626 481 667 491 -
689 445 756 508 aal-
775 481 811 493 -

163 625 355 698 doctorum,
381 624 607 706 magistrorum
631 635 662 690 et
684 615 880 690 scholarium
907 625 1135 691 Uniucrsitatis
1161 625 1261 690 studii

160 724 251 804 opidi
271 721 497 799 luouanienais,
516 723 704 789 leodiensis
717 714 873 798 diocesis,
890 725 1081 790 dilectorum
1104 721 1256 798 illiorum,

167 823 282 903 petitio
296 822 496 898 continebat,
510 822 584 888 licet
597 821 628 886 in
644 822 730 888 dicto
746 822 855 903 opido,
869 823 961 905 quod
973 823 1140 904 temporali
1157 823 1262 903 ipsius

165 921 261 987 ducis
286 921 402 986 ditioni
426 921 581 996 subiacet,
607 937 821 1002 magnumque
845 933 991 987 necnon
1015 921 1208 1003 populosum
1231 917 1273 1007 crs

171 1021 315 1101 primurn
327 1035 372 1085 'ex
387 1019 493 1100 opidis
509 1019 645 1085 ducatus
664 1020 833 1086 Brabantie
855 1021 977 1088 existit.
994 1031 1025 1086 et
1041 1021 1072 1084 in
1089 1037 1153 1102 quo
1176 1021 1263 1085 theo-

165 1117 268 1200 logie,
295 1119 465 1200 utriusque
484 1118 588 1200 juris,
612 1118 792 1200 artiumque
815 1130 847 1184 et
874 1115 1031 1184 medicine
1059 1119 1263 1183 facultatibus

165 1217 360 1282 buiusmodi
384 1217 538 1287 studium,
556 1217 640 1298 quod
665 1219 759 1281 annis
783 1217 991 1298 quadraginta
1008 1225 1039 1283 et
1055 1216 1136 1281 ultra
1155 1215 1262 1281 lloruil

167 1315 207 1378 ad
237 1333 443 1397 preseusque
468 1315 571 1397 viget,
598 1315 789 1381 auctoritato
815 1315 994 1395 apostolica
1021 1331 1094 1379 cum
1121 1315 1264 1380 diuersis

165 1413 389 1490 libertatibus,
407 1415 674 1490 immunitatibus,
692 1413 825 1478 indultis
841 1424 872 1479 et
888 1413 1065 1495 priuilegiis
1082 1413 1262 1478 institutum

166 1515 282 1591 luerit,
302 1527 405 1580 tamen
424 1531 482 1595 pro
498 1532 537 1580 eo
553 1516 636 1597 quod
657 1515 776 1594 passim
794 1515 921 1588 Rector,
939 1515 1103 1586 doctores,
1119 1513 1261 1595 magistri

167 1625 199 1679 et
226 1605 399 1679 'scholares
426 1613 650 1679 Uniuersitatis
677 1615 752 1678 dicti
780 1613 894 1686 studii,
923 1613 1017 1677 ctiam
1049 1629 1106 1694 pro
1136 1613 1264 1678 lenibus

164 1715 294 1786 causis,
311 1723 399 1778 extra
417 1729 527 1778 muros
550 1714 695 1778 eiusdem
712 1713 798 1791 opidi
822 1715 859 1776 ad
874 1712 1030 1796 iudicium
1054 1713 1171 1794 soplus‘
1184 1717 1261 1777 e'no-

168 1821 301 1886 cantur,
318 1811 468 1876 doctores
485 1811 634 1876 videlicet
655 1822 686 1876 et
712 1811 853 1892 magistri
878 1828 894 1874 a
918 1811 1145 1889 prosecutione
1163 1813 1264 1875 lectu-

169 1927 296 1983 rarum,
314 1909 352 1974 ad
376 1926 457 1991 quas
479 1909 622 1990 deputati
646 1922 732 1983 sunt,
750 1927 810 1974 uec
835 1927 897 1974 non
917 1909 1035 1974 Rector
1050 1919 1081 1974 et
1097 1911 1274 1976 scltolares'

172 2009 313 2090 predicti
325 2025 342 2073 a
355 2009 596 2074 continuatione
608 2011 705 2074 studii
721 2027 777 2088 per
788 2027 847 2074 eos
861 2009 1000 2074 inchoati
1015 2003 1182 2090 propterea
1201 2027 1263 2074 non

173 2125 288 2188 parum
312 2109 551 2187 impediuntur;
570 2125 693 2183 verum,
712 2109 738 2172 si
757 2109 837 2188 ipsis
852 2109 890 2172 ad
908 2108 1010 2171 instar
1028 2103 1219 2172 verisiensis
1235 2119 1266 2172 ct

170 2209 310 2271 aliarum
328 2207 466 2286 plurium
482 2217 545 2270 tam
562 2209 641 2272 citra
664 2224 759 2288 quam
784 2209 866 2272 ultra
891 2201 1113 2271 montana‘rum
1130 2205 1265 2272 Uniuer-

166 2305 305 2372 silatum
320 2307 565 2379 concederetur,
583 2309 667 2389 quod
691 2317 780 2372 extra
798 2324 908 2370 muros
922 2307 998 2370 dicti
1022 2301 1109 2385 opidi
1125 2307 1163 2369 ad
1178 2306 1263 2387 juni-

170 2407 257 2470 cium
273 2405 386 2471 saltem
403 2405 433 2468 in
449 2406 548 2484 prima
566 2405 717 2470 instantia
734 2405 864 2470 euocari
883 2422 945 2470 non
963 2406 1100 2486 possint,
1114 2405 1267 2471 doctores

171 2515 204 2567 ct
218 2503 364 2583 magistri
380 2503 532 2578 lecturas,
549 2521 607 2569 nec
624 2521 686 2568 non
705 2503 822 2568 licetur
835 2515 870 2568 et·
882 2505 1050 2568 scholares
1067 2505 1179 2584 prelati
1197 2515 1264 2568 stu-

173 2603 263 2669 dium
292 2603 476 2668 huiusmodi
504 2603 705 2668 commodius
732 2603 922 2668 continuare
949 2613 981 2666 et
1007 2603 1072 2666 illis
1099 2599 1268 2667 intendore

174 2701 316 2768 liberius
332 2711 363 2766 et
378 2702 518 2781 quietius
535 2712 679 2783 possent.

323 2913 327 2920 ’
370 2919 528 2972 (donamina
548 2935 583 2971 on
602 2923 688 2971 oclrol
706 2921 740 2970 de
759 2921 787 2970 la
806 2924 904 2982 saecul·
922 2920 1080 2970 demandae.

203 3093 206 3100 '
220 3085 537 3168 Nos,qullacullatcs
551 3086 755 3167 ipsasvigere
768 3095 799 3152 et
812 3086 984 3152 instaurari
997 3086 1114 3152 studiis
1127 3087 1271 3152 assiduis

175 3194 381 3267 exoptamus,
391 3185 496 3260 ducis,
512 3202 571 3252 nec
585 3203 648 3250 non
661 3185 822 3260 Rectoris,
837 3186 1019 3258 doctorum,
1030 3177 1274 3268 magistrorum

177 3296 213 3350 at
237 3284 435 3350 scholarium
463 3285 681 3365 predictorum
709 3285 741 3350 in
769 3287 829 3350 bac
860 3296 950 3366 parte
979 3285 1273 3366 supplicationibus

181 3381 338 3459 inclinati,
355 3383 545 3449 auctoritate
566 3385 744 3464 apostolica
770 3395 881 3450 tenore
899 3386 1099 3466 presentium
1116 3393 1273 3465 perpetuo

182 3480 354 3546 statuimus
369 3479 401 3546 e't
416 3483 710 3564 ordinamus,quod
725 3483 878 3564 deinceps
894 3483 925 3547 in
940 3483 1196 3565 quibuscumque
1209 3483 1272 3548 liti-

183 3579 255 3654 bus,
270 3580 412 3660 querelis
427 3589 460 3646 et
474 3581 593 3659 causis,
607 3582 752 3646 moderni
768 3593 800 3647 et
816 3599 874 3663 pro
890 3590 1034 3662 tempore
1047 3581 1175 3655 Rector,
1190 3582 1266 3647 doc-

184 3687 284 3755 tores,
302 3679 444 3762 magistri
469 3681 689 3751 etsclrolares
710 3681 938 3748 Uniuersilalis
962 3681 1060 3758 studii
1083 3680 1160 3746 dicti
1184 3682 1271 3762 opidi

181 3787 293 3841 contra
320 3793 377 3842 eos
403 3779 453 3844 vel
479 3780 618 3861 aliquem
647 3796 757 3848 eorum
781 3779 822 3844 dc
845 3788 960 3860 celero,
977 3779 1158 3852 mouendis,
1182 3790 1269 3845 extra

184 3891 294 3938 muros
309 3875 386 3940 dicti
409 3877 509 3958 opidi,
527 3877 638 3960 vigore
661 3893 936 3960 quarumcumque
961 3877 1137 3942 litterarum
1161 3879 1273 3943 asede

180 3973 340 4056 predicta,
367 3977 415 4041 vel
444 3976 557 4056 legatis
584 3985 638 4042 aut
664 3975 838 4058 detegaris,
861 3977 915 4041 ¹rel
932 3976 1160 4057 ‘subdelegatis
1186 3976 1274 4042 sedis

185 4072 342 4149 ciusdem,
362 4075 411 4140 vel
436 4075 515 4140 alias
538 4075 781 4156 quomodolibet
803 4086 1021 4140 emanatarum
1045 4083 1078 4139 ct
1099 4091 1273 4142 coracessa-

183 4183 328 4252 cumpro
344 4181 489 4255 tempore
505 4173 536 4238 in
554 4175 654 4256 prima
670 4173 832 4247 instanlia,
849 4174 920 4240 siue
935 4184 1049 4256 agatur
1064 4175 1276 4255 possessorio

188 4270 259 4344 siue
282 4272 445 4354 petitorio,
462 4269 669 4354 adjudicium
692 4273 821 4339 euocari
846 4283 900 4338 aut
921 4273 1078 4338 tralli‘scu
1102 4274 1274 4339 conueniri·
