3240 4946
730 475 920 541 -486-

282 675 378 725 suum
408 658 545 725 tribunal
582 658 758 725 obseruare
796 673 858 723 non
893 656 1049 740 intendit;
1087 657 1171 739 quod
1209 659 1301 724 cedet
1333 659 1368 741 jn

284 773 433 841 magnum
463 757 669 840 preluditium
699 757 871 824 scolarium
898 767 930 822 et
956 758 1211 838 suppositorum.
1239 759 1368 841 Ponens

186 845 189 850 ’
281 865 453 938 eapropter
472 855 508 938 jn
531 855 762 922 deliberatione
778 857 982 922 dominorum
997 873 1036 920 ao
1054 873 1093 921 ne
1108 855 1255 921 videatur
1271 873 1366 939 expe·

281 956 373 1021 diens
396 972 436 1020 ex
461 955 599 1036 singulis
627 955 830 1020 facultatibus
857 957 1011 1034 deputare
1037 954 1162 1036 aliquos
1188 955 1241 1037 quj
1268 973 1367 1037 super

283 1054 406 1121 eisdem
422 1053 703 1118 reformationibus
719 1053 814 1118 simul
830 1053 996 1118 conferant
1012 1062 1168 1118 eteorum
1185 1053 1366 1119 auisamen·

282 1159 348 1217 tum
362 1149 560 1233 uniuersitatj
575 1152 714 1218 referant
727 1152 764 1216 ad
778 1151 912 1216 ulterius
925 1167 1116 1231 responsum
1130 1151 1224 1216 finale
1236 1153 1366 1218 domino

280 1249 502 1331 conseruatori
527 1267 625 1331 super
648 1251 769 1316 eisdem
796 1249 1077 1314 reformationibus
1096 1250 1246 1314 dandum.
1265 1251 1367 1332 super

280 1366 344 1430 quo
360 1349 556 1414 uniuersitas
572 1349 755 1414 deliberans
780 1347 940 1412 conclusit
962 1348 1047 1429 quod
1071 1348 1305 1430 quamprimum
1328 1366 1368 1414 ex

281 1447 420 1528 singuiis
450 1447 654 1513 facultatibus
684 1448 801 1512 dentur
830 1446 970 1528 deputati
998 1447 1051 1530 qui
1079 1447 1173 1513 simul
1201 1447 1367 1513 conferant

282 1563 381 1628 super
396 1546 609 1628 responsione
632 1546 736 1610 danda
760 1545 891 1610 domino
915 1545 1149 1627 conseruatori,
1167 1545 1258 1611 saluo
1280 1546 1365 1627 quod

282 1646 411 1728 antiqua
427 1645 628 1711 consuetudo
645 1645 748 1726 quoad
765 1645 947 1726 signatores
963 1644 1185 1726 primariorum
1202 1644 1365 1710 literarum

283 1755 315 1812 et
330 1745 582 1828 supplicationes
598 1744 708 1810 literas
724 1744 843 1809 babere
859 1743 1033 1808 volentium
1050 1744 1255 1809 obseruetur.

620 1877 690 1931 Acta
708 1877 909 1944 Universitotis,
925 1874 959 1944 V,
974 1876 1024 1932 fol.
1039 1877 1082 1946 xcj
1099 1883 1124 1929 r⁰
1138 1880 1166 1930 et
1179 1881 1218 1930 νο.

326 2057 365 2122 ld
380 2058 452 2122 nott
468 2057 559 2123 tbttt.
577 2058 728 2123 Rectorat
744 2054 783 2123 de
800 2055 909 2122 Pierre
924 2055 1111 2138 l’Apostole,

326 2237 382 2303 llie
403 2236 478 2304 lune
501 2236 623 2302 decima
639 2244 728 2303 sexta
744 2236 865 2303 mensis
881 2236 1006 2320 augusti
1021 2236 1141 2318 indicta
1158 2235 1216 2301 fuit
1232 2251 1368 2318 congre-

283 2337 369 2419 gatio
398 2337 618 2403 uniuersitatis
642 2337 733 2418 'apud
770 2337 1027 2417 tugusttnenses
1061 2335 1147 2418 jnter
1183 2351 1299 2400 nonam
1338 2345 1369 2400 et

285 2435 426 2502 decimas
442 2435 539 2499 boras
555 2443 628 2500 ante
645 2435 810 2500 meridiem
827 2451 925 2516 super
941 2434 1003 2516 biis
1019 2435 1175 2500 articulis.

325 2534 450 2600 Primus
477 2533 591 2599 estad
619 2533 810 2600 audiendum
837 2534 942 2616 aliqua
966 2532 1099 2616 proponj
1126 2550 1182 2614 per
1204 2533 1367 2598 dominum

284 2643 442 2698 rectorem
472 2631 702 2698 concernentia
731 2649 823 2697 vsum
853 2633 1096 2698 conseruatorie
1128 2631 1367 2714 priuilegiorum

285 2731 502 2798 uniuersitatis
518 2731 603 2798 etad
619 2729 861 2796 deliberandum
878 2731 1030 2812 desuper.

327 2927 484 3004 Quantum
508 2929 546 2992 ad
571 2928 706 3009 primum
727 2928 896 2994 articulum
913 2929 1082 3010 proposuit
1097 2927 1247 2994 dominus
1262 2937 1371 2994 rector

285 3026 422 3108 qualiter
433 3025 467 3108 jn
485 3026 586 3091 literis
602 3027 757 3108 principis
775 3025 951 3119 nouissime
968 3044 1025 3108 pro
1039 3027 1265 3094 reformatione
1280 3027 1369 3092 curie

283 3125 403 3192 domini
433 3126 675 3192 conseruatoris
704 3125 861 3207 expeditis
891 3127 1072 3191 continetur
1100 3126 1185 3208 quod
1218 3141 1369 3192 assessor

284 3243 343 3308 pro
380 3234 524 3306 tempore
560 3224 691 3290 baberet
727 3241 786 3306 pro
822 3241 882 3290 suo
918 3225 1049 3288 sallario
1089 3233 1216 3290 centum
1259 3235 1370 3306 petros

286 3341 495 3402 communes;
513 3341 571 3406 pro
587 3325 704 3406 quibus
720 3323 923 3406 acquirendis
940 3324 1023 3389 etad
1045 3324 1140 3390 linem
1156 3333 1188 3389 vt
1210 3323 1370 3390 vrriuersi-

284 3431 331 3488 tas
361 3424 400 3488 ab
426 3421 493 3505 jllis
523 3423 684 3488 releuetur
710 3422 909 3504 indempnis,
940 3423 1127 3487 conclusum
1160 3423 1217 3487 fuit
1247 3423 1368 3503 pridem

283 3523 367 3606 quod
392 3538 450 3604 pro
473 3520 616 3603 quolibet
640 3522 777 3586 termino
797 3521 919 3603 pridem
935 3537 1137 3587 assessorem
1154 3531 1369 3588 concernentc

284 3621 482 3704 reciperetur
494 3620 597 3684 media
611 3620 757 3685 blancla.
771 3619 809 3685 Et
824 3621 897 3702 quia
914 3621 1097 3685 buiusmodi
1115 3621 1217 3686 media
1234 3621 1368 3686 blanelra

285 3737 348 3786 non
368 3720 531 3784 videretur
547 3718 696 3785 sufficere
719 3736 777 3802 pro
801 3719 885 3783 dicta
908 3735 1031 3784 summa
1055 3719 1246 3802 colligenda,
1264 3721 1366 3785 visum

282 3818 342 3884 fuit
364 3816 514 3883 omnibus
535 3817 569 3900 jn
593 3818 676 3882 dicta
699 3817 905 3899 deputatione
926 3817 1076 3882 besterna
1093 3817 1144 3882 die
1160 3817 1265 3882 babila
1282 3817 1366 3882 exis·

285 3917 426 3982 tentibus
443 3918 526 3997 quod
544 3932 602 3998 pro
618 3916 761 3998 quolibet
777 3916 913 3982 termino
930 3916 1127 3997 reciperetur
1143 3933 1203 3980 vna
1220 3916 1366 3981 blancka.

284 4015 411 4079 Ponens
432 4013 467 4096 jn
495 4014 726 4080 deliberatione
752 4015 955 4079 dominorum
982 4031 1022 4078 an
1050 4029 1089 4080 ne
1116 4015 1256 4095 placeret
1282 4015 1367 4096 quod

280 4114 327 4196 jta
353 4112 407 4178 liat
433 4123 464 4179 et
488 4115 572 4195 quod
603 4114 698 4196 aliquj
730 4114 924 4196 deputentur
953 4113 1005 4196 quj
1036 4113 1169 4180 eandem
1200 4113 1367 4179 blanciam

284 4213 450 4295 recipiant.
478 4212 580 4298 Super
606 4231 669 4298 quo
694 4213 889 4280 uniuersitas
915 4212 1097 4279 deliberans
1122 4212 1281 4278 conclusit
1308 4229 1366 4298 pro
