<?xml version="1.0" encoding="UTF-8"?>
<!DOCTYPE html PUBLIC "-//W3C//DTD XHTML 1.0 Transitional//EN"
    "http://www.w3.org/TR/xhtml1/DTD/xhtml1-transitional.dtd">
<html xmlns="http://www.w3.org/1999/xhtml" xml:lang="en" lang="en">
 <head>
  <title>
</title>
<meta http-equiv="Content-Type" content="text/html;charset=utf-8" />
  <meta name='ocr-system' content='tesseract 3.04.00' />
  <meta name='ocr-capabilities' content='ocr_page ocr_carea ocr_par ocr_line ocrx_word'/>
</head>
<body>
  <div class='ocr_page' id='page_1' title='image "./documentsrelati00reusgoog_0704.png"; bbox 0 0 3222 4944; ppageno 0'>
   <div class='ocr_carea' id='block_1_1' title="bbox 749 439 930 514">
    <p class='ocr_par' dir='ltr' id='par_1_1' title="bbox 749 439 930 514">
     <span class='ocr_line' id='line_1_1' title="bbox 749 439 930 514; baseline 0 -1"><span class='ocrx_word' id='word_1_1' title='bbox 749 485 782 498; x_wconf 79' lang='lat'>-</span> <span class='ocrx_word' id='word_1_2' title='bbox 812 439 930 514; x_wconf 75' lang='lat' dir='ltr'>caa-</span> 
     </span>
    </p>
   </div>
   <div class='ocr_carea' id='block_1_2' title="bbox 295 627 1380 1009">
    <p class='ocr_par' dir='ltr' id='par_1_2' title="bbox 295 627 1380 1009">
     <span class='ocr_line' id='line_1_2' title="bbox 299 627 1378 712; baseline 0.004 -20"><span class='ocrx_word' id='word_1_3' title='bbox 299 629 416 695; x_wconf 86' lang='lat' dir='ltr'>l&#39;uerint</span> <span class='ocrx_word' id='word_1_4' title='bbox 438 641 469 696; x_wconf 91' lang='lat' dir='ltr'>ot</span> <span class='ocrx_word' id='word_1_5' title='bbox 494 630 525 694; x_wconf 93' lang='lat' dir='ltr'>iu</span> <span class='ocrx_word' id='word_1_6' title='bbox 548 631 647 696; x_wconf 87' lang='lat' dir='ltr'>altera</span> <span class='ocrx_word' id='word_1_7' title='bbox 671 630 811 712; x_wconf 90' lang='lat' dir='ltr'>ipsarum</span> <span class='ocrx_word' id='word_1_8' title='bbox 835 629 1018 697; x_wconf 82' lang='lat' dir='ltr'>laenitatem</span> <span class='ocrx_word' id='word_1_9' title='bbox 1044 627 1203 704; x_wconf 90' lang='lat' dir='ltr'>intitulati,</span> <span class='ocrx_word' id='word_1_10' title='bbox 1223 631 1378 712; x_wconf 81' lang='lat' dir='ltr'><strong>usquead</strong></span> 
     </span>
     <span class='ocr_line' id='line_1_3' title="bbox 297 727 1380 808; baseline 0.001 -16"><span class='ocrx_word' id='word_1_11' title='bbox 297 728 381 794; x_wconf 90' lang='lat' dir='ltr'>diem</span> <span class='ocrx_word' id='word_1_12' title='bbox 408 747 467 793; x_wconf 88' lang='lat' dir='ltr'>sue</span> <span class='ocrx_word' id='word_1_13' title='bbox 493 729 620 796; x_wconf 84' lang='lat' dir='ltr'>licentia</span> <span class='ocrx_word' id='word_1_14' title='bbox 646 730 678 794; x_wconf 92' lang='lat' dir='ltr'>in</span> <span class='ocrx_word' id='word_1_15' title='bbox 707 730 908 796; x_wconf 78' lang='lat' dir='ltr'>facultatibus</span> <span class='ocrx_word' id='word_1_16' title='bbox 935 727 1016 808; x_wconf 85' lang='lat' dir='ltr'>juris</span> <span class='ocrx_word' id='word_1_17' title='bbox 1043 737 1097 793; x_wconf 90' lang='lat' dir='ltr'>aut</span> <span class='ocrx_word' id='word_1_18' title='bbox 1124 728 1294 804; x_wconf 78' lang='lat' dir='ltr'>medicine,</span> <span class='ocrx_word' id='word_1_19' title='bbox 1326 738 1380 796; x_wconf 85' lang='lat' dir='ltr'>aut</span> 
     </span>
     <span class='ocr_line' id='line_1_4' title="bbox 297 827 1380 910; baseline 0.005 -20"><span class='ocrx_word' id='word_1_20' title='bbox 297 827 528 894; x_wconf 89' lang='lat' dir='ltr'>baccalariatus</span> <span class='ocrx_word' id='word_1_21' title='bbox 553 830 679 894; x_wconf 78' lang='lat' dir='ltr'>formati</span> <span class='ocrx_word' id='word_1_22' title='bbox 707 831 738 893; x_wconf 95' lang='lat' dir='ltr'>in</span> <span class='ocrx_word' id='word_1_23' title='bbox 768 830 916 895; x_wconf 73' lang='lat' dir='ltr'><strong>facultate</strong></span> <span class='ocrx_word' id='word_1_24' title='bbox 947 827 1119 908; x_wconf 82' lang='lat' dir='ltr'>theologie.</span> <span class='ocrx_word' id='word_1_25' title='bbox 1147 827 1380 910; x_wconf 74' lang='lat' dir='ltr'>cuiuscumque</span> 
     </span>
     <span class='ocr_line' id='line_1_5' title="bbox 295 917 1378 1009; baseline -0.001 -17"><span class='ocrx_word' id='word_1_26' title='bbox 295 928 434 1008; x_wconf 83' lang='lat' dir='ltr'>generis,</span> <span class='ocrx_word' id='word_1_27' title='bbox 452 928 581 1008; x_wconf 81' lang='lat' dir='ltr'>gradus,</span> <span class='ocrx_word' id='word_1_28' title='bbox 600 928 871 1009; x_wconf 89' lang='lat' dir='ltr'>preeminentieve</span> <span class='ocrx_word' id='word_1_29' title='bbox 887 927 1015 1000; x_wconf 84' lang='lat' dir='ltr'>tuerint,</span> <span class='ocrx_word' id='word_1_30' title='bbox 1034 926 1094 990; x_wconf 88' lang='lat' dir='ltr'>nisi</span> <span class='ocrx_word' id='word_1_31' title='bbox 1112 917 1216 990; x_wconf 88' lang='lat' dir='ltr'>tamen</span> <span class='ocrx_word' id='word_1_32' title='bbox 1234 927 1378 1008; x_wconf 81' lang='lat' dir='ltr'>episcopi</span> 
     </span>
    </p>
   </div>
   <div class='ocr_carea' id='block_1_3' title="bbox 246 1023 1378 1108">
    <p class='ocr_par' dir='ltr' id='par_1_3' title="bbox 246 1023 1378 1108">
     <span class='ocr_line' id='line_1_6' title="bbox 246 1023 1378 1108; baseline 0.004 -22"><span class='ocrx_word' id='word_1_33' title='bbox 246 1083 248 1086; x_wconf 83' lang='lat'>.</span> <span class='ocrx_word' id='word_1_34' title='bbox 296 1026 346 1090; x_wconf 89' lang='lat' dir='ltr'>vel</span> <span class='ocrx_word' id='word_1_35' title='bbox 374 1027 509 1108; x_wconf 86' lang='lat' dir='ltr'>aliquam</span> <span class='ocrx_word' id='word_1_36' title='bbox 536 1025 724 1108; x_wconf 83' lang='lat' dir='ltr'>religionem</span> <span class='ocrx_word' id='word_1_37' title='bbox 752 1027 888 1108; x_wconf 80' lang='lat' dir='ltr'>professi</span> <span class='ocrx_word' id='word_1_38' title='bbox 914 1025 1089 1100; x_wconf 75' lang='lat' dir='ltr'>extiterint,</span> <span class='ocrx_word' id='word_1_39' title='bbox 1113 1023 1257 1090; x_wconf 87' lang='lat' dir='ltr'>delerant</span> <span class='ocrx_word' id='word_1_40' title='bbox 1282 1043 1378 1106; x_wconf 89' lang='lat' dir='ltr'>capas</span> 
     </span>
    </p>
   </div>
   <div class='ocr_carea' id='block_1_4' title="bbox 192 1123 1377 1215">
    <p class='ocr_par' dir='ltr' id='par_1_4' title="bbox 192 1123 1377 1215">
     <span class='ocr_line' id='line_1_7' title="bbox 192 1123 1377 1215; baseline -0.001 -27"><span class='ocrx_word' id='word_1_41' title='bbox 192 1207 195 1215; x_wconf 17' lang='grc' dir='ltr'>λ</span> <span class='ocrx_word' id='word_1_42' title='bbox 295 1125 413 1191; x_wconf 91' lang='lat' dir='ltr'>talares</span> <span class='ocrx_word' id='word_1_43' title='bbox 439 1126 546 1207; x_wconf 83' lang='lat' dir='ltr'>nigras</span> <span class='ocrx_word' id='word_1_44' title='bbox 573 1126 644 1192; x_wconf 85' lang='lat' dir='ltr'>talis</span> <span class='ocrx_word' id='word_1_45' title='bbox 671 1126 778 1207; x_wconf 92' lang='lat' dir='ltr'>panni,</span> <span class='ocrx_word' id='word_1_46' title='bbox 796 1125 888 1207; x_wconf 84' lang='lat' dir='ltr'>cujus</span> <span class='ocrx_word' id='word_1_47' title='bbox 916 1126 997 1190; x_wconf 87' lang='lat' dir='ltr'>ultra</span> <span class='ocrx_word' id='word_1_48' title='bbox 1025 1123 1166 1204; x_wconf 81' lang='lat' dir='ltr'>precium</span> <span class='ocrx_word' id='word_1_49' title='bbox 1196 1125 1377 1206; x_wconf 84' lang='lat' dir='ltr'>quindecim</span> 
     </span>
    </p>
   </div>
   <div class='ocr_carea' id='block_1_5' title="bbox 294 1223 1379 1800">
    <p class='ocr_par' dir='ltr' id='par_1_5' title="bbox 294 1223 1379 1800">
     <span class='ocr_line' id='line_1_8' title="bbox 297 1223 1379 1306; baseline 0.001 -18"><span class='ocrx_word' id='word_1_50' title='bbox 297 1225 500 1304; x_wconf 91' lang='lat' dir='ltr'>patardorum</span> <span class='ocrx_word' id='word_1_51' title='bbox 528 1241 591 1289; x_wconf 91' lang='lat' dir='ltr'>non</span> <span class='ocrx_word' id='word_1_52' title='bbox 618 1225 766 1301; x_wconf 63' lang='lat' dir='ltr'>excedam</span> <span class='ocrx_word' id='word_1_53' title='bbox 794 1242 856 1306; x_wconf 83' lang='lat' dir='ltr'>que</span> <span class='ocrx_word' id='word_1_54' title='bbox 878 1241 956 1305; x_wconf 90' lang='lat' dir='ltr'>cape</span> <span class='ocrx_word' id='word_1_55' title='bbox 977 1224 1043 1287; x_wconf 91' lang='lat' dir='ltr'>sint</span> <span class='ocrx_word' id='word_1_56' title='bbox 1066 1223 1104 1286; x_wconf 90' lang='lat' dir='ltr'>ad</span> <span class='ocrx_word' id='word_1_57' title='bbox 1129 1223 1229 1288; x_wconf 88' lang='lat' dir='ltr'>latera</span> <span class='ocrx_word' id='word_1_58' title='bbox 1251 1231 1283 1288; x_wconf 90' lang='lat' dir='ltr'>et</span> <span class='ocrx_word' id='word_1_59' title='bbox 1305 1235 1379 1289; x_wconf 91' lang='lat' dir='ltr'>ente</span> 
     </span>
     <span class='ocr_line' id='line_1_9' title="bbox 294 1322 1375 1404; baseline -0.002 -16"><span class='ocrx_word' id='word_1_60' title='bbox 294 1323 426 1388; x_wconf 90' lang='lat' dir='ltr'>omniuo</span> <span class='ocrx_word' id='word_1_61' title='bbox 447 1333 567 1402; x_wconf 89' lang='lat' dir='ltr'>aperte.</span> <span class='ocrx_word' id='word_1_62' title='bbox 585 1323 714 1404; x_wconf 82' lang='lat' dir='ltr'>hosque</span> <span class='ocrx_word' id='word_1_63' title='bbox 737 1324 855 1404; x_wconf 82' lang='lat' dir='ltr'>quibus</span> <span class='ocrx_word' id='word_1_64' title='bbox 879 1332 910 1388; x_wconf 92' lang='lat' dir='ltr'>et</span> <span class='ocrx_word' id='word_1_65' title='bbox 932 1323 1067 1403; x_wconf 87' lang='lat' dir='ltr'>capucio</span> <span class='ocrx_word' id='word_1_66' title='bbox 1082 1322 1226 1388; x_wconf 89' lang='lat' dir='ltr'>scolares</span> <span class='ocrx_word' id='word_1_67' title='bbox 1242 1324 1375 1404; x_wconf 85' lang='lat' dir='ltr'>predicti</span> 
     </span>
     <span class='ocr_line' id='line_1_10' title="bbox 295 1420 1379 1504; baseline 0.002 -20"><span class='ocrx_word' id='word_1_68' title='bbox 295 1439 358 1484; x_wconf 94' lang='lat' dir='ltr'>non</span> <span class='ocrx_word' id='word_1_69' title='bbox 386 1421 536 1486; x_wconf 92' lang='lat' dir='ltr'>incedant</span> <span class='ocrx_word' id='word_1_70' title='bbox 558 1439 614 1502; x_wconf 89' lang='lat' dir='ltr'>per</span> <span class='ocrx_word' id='word_1_71' title='bbox 642 1421 820 1502; x_wconf 87' lang='lat' dir='ltr'>predictum</span> <span class='ocrx_word' id='word_1_72' title='bbox 846 1421 978 1504; x_wconf 91' lang='lat' dir='ltr'>opidum</span> <span class='ocrx_word' id='word_1_73' title='bbox 1005 1420 1074 1485; x_wconf 87' lang='lat' dir='ltr'>sive</span> <span class='ocrx_word' id='word_1_74' title='bbox 1101 1421 1141 1486; x_wconf 89' lang='lat' dir='ltr'>de</span> <span class='ocrx_word' id='word_1_75' title='bbox 1167 1421 1219 1486; x_wconf 91' lang='lat' dir='ltr'>die</span> <span class='ocrx_word' id='word_1_76' title='bbox 1245 1422 1313 1487; x_wconf 89' lang='lat' dir='ltr'>sive</span> <span class='ocrx_word' id='word_1_77' title='bbox 1338 1422 1379 1486; x_wconf 93' lang='lat' dir='ltr'>de</span> 
     </span>
     <span class='ocr_line' id='line_1_11' title="bbox 295 1520 1379 1602; baseline 0.003 -19"><span class='ocrx_word' id='word_1_78' title='bbox 295 1531 399 1585; x_wconf 87' lang='lat' dir='ltr'>nocte.</span> <span class='ocrx_word' id='word_1_79' title='bbox 424 1520 462 1584; x_wconf 88' lang='lat' dir='ltr'>Et</span> <span class='ocrx_word' id='word_1_80' title='bbox 484 1521 511 1586; x_wconf 90' lang='lat' dir='ltr'>si</span> <span class='ocrx_word' id='word_1_81' title='bbox 535 1521 669 1600; x_wconf 88' lang='lat' dir='ltr'>predicti</span> <span class='ocrx_word' id='word_1_82' title='bbox 693 1521 838 1602; x_wconf 82' lang='lat' dir='ltr'>graduati</span> <span class='ocrx_word' id='word_1_83' title='bbox 862 1537 959 1602; x_wconf 87' lang='lat' dir='ltr'>capas</span> <span class='ocrx_word' id='word_1_84' title='bbox 983 1538 1040 1601; x_wconf 91' lang='lat' dir='ltr'>pro</span> <span class='ocrx_word' id='word_1_85' title='bbox 1064 1521 1234 1587; x_wconf 89' lang='lat' dir='ltr'>honestate</span> <span class='ocrx_word' id='word_1_86' title='bbox 1253 1521 1379 1587; x_wconf 87' lang='lat' dir='ltr'>deierre</span> 
     </span>
     <span class='ocr_line' id='line_1_12' title="bbox 295 1619 1378 1700; baseline 0.002 -18"><span class='ocrx_word' id='word_1_87' title='bbox 295 1619 464 1694; x_wconf 89' lang='lat' dir='ltr'>voluerint,</span> <span class='ocrx_word' id='word_1_88' title='bbox 498 1637 553 1684; x_wconf 91' lang='lat' dir='ltr'>eas</span> <span class='ocrx_word' id='word_1_89' title='bbox 583 1636 600 1684; x_wconf 91' lang='lat' dir='ltr'>a</span> <span class='ocrx_word' id='word_1_90' title='bbox 630 1621 728 1684; x_wconf 90' lang='lat' dir='ltr'>latere</span> <span class='ocrx_word' id='word_1_91' title='bbox 758 1626 879 1684; x_wconf 87' lang='lat' dir='ltr'>tantum</span> <span class='ocrx_word' id='word_1_92' title='bbox 910 1628 1038 1700; x_wconf 91' lang='lat' dir='ltr'>apertas</span> <span class='ocrx_word' id='word_1_93' title='bbox 1074 1629 1105 1684; x_wconf 90' lang='lat' dir='ltr'>et</span> <span class='ocrx_word' id='word_1_94' title='bbox 1141 1629 1215 1686; x_wconf 90' lang='lat' dir='ltr'>ante</span> <span class='ocrx_word' id='word_1_95' title='bbox 1251 1621 1378 1686; x_wconf 88' lang='lat' dir='ltr'>clausas</span> 
     </span>
     <span class='ocr_line' id='line_1_13' title="bbox 295 1717 1376 1800; baseline 0.002 -18"><span class='ocrx_word' id='word_1_96' title='bbox 295 1719 332 1782; x_wconf 88' lang='lat' dir='ltr'>ad</span> <span class='ocrx_word' id='word_1_97' title='bbox 357 1717 574 1782; x_wconf 80' lang='lat' dir='ltr'>differenciam</span> <span class='ocrx_word' id='word_1_98' title='bbox 601 1719 774 1784; x_wconf 88' lang='lat' dir='ltr'>scolarium</span> <span class='ocrx_word' id='word_1_99' title='bbox 801 1720 926 1784; x_wconf 82' lang='lat' dir='ltr'>deterre</span> <span class='ocrx_word' id='word_1_100' title='bbox 954 1729 1113 1799; x_wconf 90' lang='lat' dir='ltr'>poterunt.</span> <span class='ocrx_word' id='word_1_101' title='bbox 1132 1720 1271 1800; x_wconf 80' lang='lat' dir='ltr'>Magistri</span> <span class='ocrx_word' id='word_1_102' title='bbox 1300 1737 1376 1785; x_wconf 90' lang='lat' dir='ltr'>vero</span> 
     </span>
    </p>
   </div>
   <div class='ocr_carea' id='block_1_6' title="bbox 178 1815 1376 1899">
    <p class='ocr_par' dir='ltr' id='par_1_6' title="bbox 178 1815 1376 1899">
     <span class='ocr_line' id='line_1_14' title="bbox 178 1815 1376 1899; baseline 0.002 -19"><span class='ocrx_word' id='word_1_103' title='bbox 178 1887 183 1894; x_wconf 60' lang='grc'><em>,</em></span> <span class='ocrx_word' id='word_1_104' title='bbox 294 1815 415 1880; x_wconf 87' lang='lat' dir='ltr'>arcium</span> <span class='ocrx_word' id='word_1_105' title='bbox 442 1828 589 1899; x_wconf 81' lang='lat' dir='ltr'>regentes</span> <span class='ocrx_word' id='word_1_106' title='bbox 613 1818 643 1881; x_wconf 91' lang='lat' dir='ltr'>in</span> <span class='ocrx_word' id='word_1_107' title='bbox 668 1835 724 1884; x_wconf 92' lang='lat' dir='ltr'>sua</span> <span class='ocrx_word' id='word_1_108' title='bbox 748 1819 896 1884; x_wconf 82' lang='lat' dir='ltr'>facultate</span> <span class='ocrx_word' id='word_1_109' title='bbox 920 1819 991 1883; x_wconf 92' lang='lat' dir='ltr'>illas</span> <span class='ocrx_word' id='word_1_110' title='bbox 1014 1819 1108 1884; x_wconf 87' lang='lat' dir='ltr'>etiam</span> <span class='ocrx_word' id='word_1_111' title='bbox 1130 1819 1274 1884; x_wconf 85' lang='lat' dir='ltr'>delerant</span> <span class='ocrx_word' id='word_1_112' title='bbox 1296 1820 1376 1884; x_wconf 86' lang='lat' dir='ltr'>tales</span> 
     </span>
    </p>
   </div>
   <div class='ocr_carea' id='block_1_7' title="bbox 293 1903 1382 2491">
    <p class='ocr_par' dir='ltr' id='par_1_7' title="bbox 293 1903 1382 2491">
     <span class='ocr_line' id='line_1_15' title="bbox 294 1903 1374 1998; baseline 0.004 -19"><span class='ocrx_word' id='word_1_113' title='bbox 294 1917 378 1980; x_wconf 90' lang='lat' dir='ltr'>sicut</span> <span class='ocrx_word' id='word_1_114' title='bbox 401 1917 534 1996; x_wconf 85' lang='lat' dir='ltr'>predicti</span> <span class='ocrx_word' id='word_1_115' title='bbox 557 1903 713 1998; x_wconf 80' lang='lat' dir='ltr'>graduali.</span> <span class='ocrx_word' id='word_1_116' title='bbox 732 1919 769 1982; x_wconf 85' lang='lat' dir='ltr'>Et</span> <span class='ocrx_word' id='word_1_117' title='bbox 791 1918 817 1982; x_wconf 92' lang='lat' dir='ltr'>si</span> <span class='ocrx_word' id='word_1_118' title='bbox 839 1918 877 1982; x_wconf 90' lang='lat' dir='ltr'>ad</span> <span class='ocrx_word' id='word_1_119' title='bbox 902 1918 980 1982; x_wconf 88' lang='lat' dir='ltr'>alias</span> <span class='ocrx_word' id='word_1_120' title='bbox 997 1918 1162 1983; x_wconf 80' lang='lat' dir='ltr'>facultates</span> <span class='ocrx_word' id='word_1_121' title='bbox 1178 1918 1374 1994; x_wconf 86' lang='lat' dir='ltr'>transierint,</span> 
     </span>
     <span class='ocr_line' id='line_1_16' title="bbox 294 2015 1378 2082; baseline 0.003 -3"><span class='ocrx_word' id='word_1_122' title='bbox 294 2032 350 2080; x_wconf 89' lang='lat' dir='ltr'>eas</span> <span class='ocrx_word' id='word_1_123' title='bbox 379 2015 522 2080; x_wconf 87' lang='lat' dir='ltr'>delerant</span> <span class='ocrx_word' id='word_1_124' title='bbox 552 2017 636 2082; x_wconf 89' lang='lat' dir='ltr'>sicut</span> <span class='ocrx_word' id='word_1_125' title='bbox 665 2017 809 2082; x_wconf 89' lang='lat' dir='ltr'>scolares</span> <span class='ocrx_word' id='word_1_126' title='bbox 839 2015 926 2081; x_wconf 90' lang='lat' dir='ltr'>illius</span> <span class='ocrx_word' id='word_1_127' title='bbox 957 2017 1125 2082; x_wconf 76' lang='lat' dir='ltr'>facultatis.</span> <span class='ocrx_word' id='word_1_128' title='bbox 1153 2017 1208 2082; x_wconf 87' lang='lat' dir='ltr'>Cui</span> <span class='ocrx_word' id='word_1_129' title='bbox 1247 2026 1378 2082; x_wconf 88' lang='lat' dir='ltr'>nostrae</span> 
     </span>
     <span class='ocr_line' id='line_1_17' title="bbox 293 2113 1378 2196; baseline 0.001 -18"><span class='ocrx_word' id='word_1_130' title='bbox 293 2113 512 2179; x_wconf 85' lang='lat' dir='ltr'>exhortacioni</span> <span class='ocrx_word' id='word_1_131' title='bbox 530 2125 562 2180; x_wconf 91' lang='lat' dir='ltr'>et</span> <span class='ocrx_word' id='word_1_132' title='bbox 577 2115 822 2180; x_wconf 89' lang='lat' dir='ltr'>commonicioni</span> <span class='ocrx_word' id='word_1_133' title='bbox 840 2115 1084 2196; x_wconf 86' lang='lat' dir='ltr'>acquiescentes</span> <span class='ocrx_word' id='word_1_134' title='bbox 1100 2117 1244 2182; x_wconf 88' lang='lat' dir='ltr'>scolares</span> <span class='ocrx_word' id='word_1_135' title='bbox 1262 2115 1378 2180; x_wconf 90' lang='lat' dir='ltr'>talibus</span> 
     </span>
     <span class='ocr_line' id='line_1_18' title="bbox 295 2211 1380 2296; baseline 0.004 -21"><span class='ocrx_word' id='word_1_136' title='bbox 295 2211 456 2278; x_wconf 77' lang='lat' dir='ltr'>favoribus</span> <span class='ocrx_word' id='word_1_137' title='bbox 472 2221 503 2278; x_wconf 94' lang='lat' dir='ltr'>et</span> <span class='ocrx_word' id='word_1_138' title='bbox 519 2213 697 2278; x_wconf 88' lang='lat' dir='ltr'>honoribus</span> <span class='ocrx_word' id='word_1_139' title='bbox 713 2214 910 2278; x_wconf 87' lang='lat' dir='ltr'>intendimus</span> <span class='ocrx_word' id='word_1_140' title='bbox 926 2213 1081 2278; x_wconf 90' lang='lat' dir='ltr'>decorare</span> <span class='ocrx_word' id='word_1_141' title='bbox 1097 2213 1245 2294; x_wconf 84' lang='lat' dir='ltr'>quotiens</span> <span class='ocrx_word' id='word_1_142' title='bbox 1261 2231 1380 2296; x_wconf 90' lang='lat' dir='ltr'>oppor-</span> 
     </span>
     <span class='ocr_line' id='line_1_19' title="bbox 295 2311 1382 2393; baseline 0.001 -17"><span class='ocrx_word' id='word_1_143' title='bbox 295 2311 413 2376; x_wconf 91' lang='lat' dir='ltr'>tunitas</span> <span class='ocrx_word' id='word_1_144' title='bbox 439 2329 475 2376; x_wconf 89' lang='lat' dir='ltr'>se</span> <span class='ocrx_word' id='word_1_145' title='bbox 501 2311 633 2387; x_wconf 83' lang='lat' dir='ltr'>offeret;</span> <span class='ocrx_word' id='word_1_146' title='bbox 661 2313 713 2393; x_wconf 85' lang='lat' dir='ltr'>qui</span> <span class='ocrx_word' id='word_1_147' title='bbox 739 2312 928 2377; x_wconf 89' lang='lat' dir='ltr'>obediencie</span> <span class='ocrx_word' id='word_1_148' title='bbox 951 2330 1010 2377; x_wconf 89' lang='lat' dir='ltr'>sue</span> <span class='ocrx_word' id='word_1_149' title='bbox 1033 2313 1185 2392; x_wconf 79' lang='lat' dir='ltr'>fructum,</span> <span class='ocrx_word' id='word_1_150' title='bbox 1209 2323 1382 2380; x_wconf 84' lang='lat' dir='ltr'>renuentes</span> 
     </span>
     <span class='ocr_line' id='line_1_20' title="bbox 294 2410 1045 2491; baseline -0.001 -18"><span class='ocrx_word' id='word_1_151' title='bbox 294 2418 398 2475; x_wconf 88' lang='lat' dir='ltr'>autem</span> <span class='ocrx_word' id='word_1_152' title='bbox 416 2427 475 2475; x_wconf 90' lang='lat' dir='ltr'>sue</span> <span class='ocrx_word' id='word_1_153' title='bbox 489 2410 614 2476; x_wconf 85' lang='lat' dir='ltr'>desidie</span> <span class='ocrx_word' id='word_1_154' title='bbox 630 2410 779 2476; x_wconf 90' lang='lat' dir='ltr'>ruborem</span> <span class='ocrx_word' id='word_1_155' title='bbox 795 2419 1045 2491; x_wconf 84' lang='lat' dir='ltr'>consequentur.</span> 
     </span>
    </p>
   </div>
   <div class='ocr_carea' id='block_1_8' title="bbox 218 2557 1382 2934">
    <p class='ocr_par' dir='ltr' id='par_1_8' title="bbox 218 2557 1382 2934">
     <span class='ocr_line' id='line_1_21' title="bbox 336 2557 1381 2639; baseline 0.002 -19"><span class='ocrx_word' id='word_1_156' title='bbox 336 2557 372 2621; x_wconf 85' lang='lat' dir='ltr'>Et</span> <span class='ocrx_word' id='word_1_157' title='bbox 389 2567 533 2638; x_wconf 92' lang='lat' dir='ltr'>preterea</span> <span class='ocrx_word' id='word_1_158' title='bbox 551 2557 789 2639; x_wconf 87' lang='lat' dir='ltr'>prohibiciones</span> <span class='ocrx_word' id='word_1_159' title='bbox 807 2575 864 2638; x_wconf 89' lang='lat' dir='ltr'>per</span> <span class='ocrx_word' id='word_1_160' title='bbox 879 2565 996 2622; x_wconf 86' lang='lat' dir='ltr'>statuta</span> <span class='ocrx_word' id='word_1_161' title='bbox 1013 2557 1213 2622; x_wconf 87' lang='lat' dir='ltr'>introductas</span> <span class='ocrx_word' id='word_1_162' title='bbox 1226 2567 1257 2622; x_wconf 89' lang='lat' dir='ltr'>ot</span> <span class='ocrx_word' id='word_1_163' title='bbox 1269 2559 1381 2639; x_wconf 86' lang='lat' dir='ltr'>sepius¹</span> 
     </span>
     <span class='ocr_line' id='line_1_22' title="bbox 295 2655 1380 2739; baseline 0.002 -21"><span class='ocrx_word' id='word_1_164' title='bbox 295 2655 492 2739; x_wconf 86' lang='lat' dir='ltr'>[renovatas]</span> <span class='ocrx_word' id='word_1_165' title='bbox 507 2656 547 2720; x_wconf 94' lang='lat' dir='ltr'>de</span> <span class='ocrx_word' id='word_1_166' title='bbox 564 2656 655 2737; x_wconf 90' lang='lat' dir='ltr'>pileis</span> <span class='ocrx_word' id='word_1_167' title='bbox 671 2666 701 2721; x_wconf 92' lang='lat' dir='ltr'>et</span> <span class='ocrx_word' id='word_1_168' title='bbox 717 2655 860 2720; x_wconf 85' lang='lat' dir='ltr'>cometis</span> <span class='ocrx_word' id='word_1_169' title='bbox 877 2673 941 2720; x_wconf 93' lang='lat' dir='ltr'>non</span> <span class='ocrx_word' id='word_1_170' title='bbox 964 2655 1147 2720; x_wconf 84' lang='lat' dir='ltr'>deferendis</span> <span class='ocrx_word' id='word_1_171' title='bbox 1174 2656 1380 2721; x_wconf 90' lang='lat' dir='ltr'>strictissime</span> 
     </span>
     <span class='ocr_line' id='line_1_23' title="bbox 297 2753 1382 2836; baseline 0.001 -18"><span class='ocrx_word' id='word_1_172' title='bbox 297 2753 474 2829; x_wconf 85' lang='lat' dir='ltr'>observari,</span> <span class='ocrx_word' id='word_1_173' title='bbox 492 2764 523 2819; x_wconf 91' lang='lat' dir='ltr'>et</span> <span class='ocrx_word' id='word_1_174' title='bbox 539 2764 796 2836; x_wconf 84' lang='lat' dir='ltr'>transgressores</span> <span class='ocrx_word' id='word_1_175' title='bbox 812 2754 934 2836; x_wconf 86' lang='lat' dir='ltr'>absque</span> <span class='ocrx_word' id='word_1_176' title='bbox 949 2754 1206 2820; x_wconf 88' lang='lat' dir='ltr'>dissimulatione</span> <span class='ocrx_word' id='word_1_177' title='bbox 1223 2756 1326 2836; x_wconf 91' lang='lat' dir='ltr'>puniri</span> <span class='ocrx_word' id='word_1_178' title='bbox 1348 2767 1382 2821; x_wconf 90' lang='lat' dir='ltr'>ot</span> 
     </span>
     <span class='ocr_line' id='line_1_24' title="bbox 218 2853 858 2934; baseline 0 -18"><span class='ocrx_word' id='word_1_179' title='bbox 218 2895 221 2901; x_wconf 79' lang='lat'>,</span> <span class='ocrx_word' id='word_1_180' title='bbox 300 2853 417 2934; x_wconf 79' lang='lat' dir='ltr'>corrigi</span> <span class='ocrx_word' id='word_1_181' title='bbox 431 2853 581 2934; x_wconf 82' lang='lat' dir='ltr'>Jubemus</span> <span class='ocrx_word' id='word_1_182' title='bbox 597 2865 627 2918; x_wconf 90' lang='lat' dir='ltr'>et</span> <span class='ocrx_word' id='word_1_183' title='bbox 643 2854 858 2919; x_wconf 87' lang='lat' dir='ltr'>decernimus.</span> 
     </span>
    </p>
   </div>
   <div class='ocr_carea' id='block_1_9' title="bbox 293 3001 1386 4272">
    <p class='ocr_par' dir='ltr' id='par_1_9' title="bbox 293 3001 1386 4272">
     <span class='ocr_line' id='line_1_25' title="bbox 340 3001 1382 3083; baseline 0.002 -18"><span class='ocrx_word' id='word_1_184' title='bbox 340 3003 417 3066; x_wconf 90' lang='lat' dir='ltr'>ltem</span> <span class='ocrx_word' id='word_1_185' title='bbox 436 3019 509 3067; x_wconf 92' lang='lat' dir='ltr'>oum</span> <span class='ocrx_word' id='word_1_186' title='bbox 529 3009 685 3067; x_wconf 92' lang='lat' dir='ltr'>nocturne</span> <span class='ocrx_word' id='word_1_187' title='bbox 700 3001 980 3067; x_wconf 90' lang='lat' dir='ltr'>deambulaciones</span> <span class='ocrx_word' id='word_1_188' title='bbox 997 3002 1060 3066; x_wconf 90' lang='lat' dir='ltr'>sint</span> <span class='ocrx_word' id='word_1_189' title='bbox 1074 3003 1235 3077; x_wconf 84' lang='lat' dir='ltr'>omnihus,</span> <span class='ocrx_word' id='word_1_190' title='bbox 1254 3020 1382 3083; x_wconf 86' lang='lat' dir='ltr'>preser-</span> 
     </span>
     <span class='ocr_line' id='line_1_26' title="bbox 296 3097 1382 3183; baseline 0.001 -20"><span class='ocrx_word' id='word_1_191' title='bbox 296 3097 352 3164; x_wconf 91' lang='lat' dir='ltr'>tim</span> <span class='ocrx_word' id='word_1_192' title='bbox 375 3101 437 3182; x_wconf 87' lang='lat' dir='ltr'>hijs</span> <span class='ocrx_word' id='word_1_193' title='bbox 459 3101 512 3183; x_wconf 84' lang='lat' dir='ltr'>qui</span> <span class='ocrx_word' id='word_1_194' title='bbox 539 3101 716 3166; x_wconf 89' lang='lat' dir='ltr'>litterarum</span> <span class='ocrx_word' id='word_1_195' title='bbox 744 3099 859 3181; x_wconf 75' lang='lat' dir='ltr'>studiis</span> <span class='ocrx_word' id='word_1_196' title='bbox 885 3101 1035 3166; x_wconf 88' lang='lat' dir='ltr'>insistere</span> <span class='ocrx_word' id='word_1_197' title='bbox 1061 3097 1191 3180; x_wconf 85' lang='lat' dir='ltr'>debent,</span> <span class='ocrx_word' id='word_1_198' title='bbox 1210 3102 1382 3181; x_wconf 82' lang='lat' dir='ltr'>plurimum</span> 
     </span>
     <span class='ocr_line' id='line_1_27' title="bbox 293 3199 1384 3281; baseline 0.002 -19"><span class='ocrx_word' id='word_1_199' title='bbox 293 3209 453 3280; x_wconf 89' lang='lat' dir='ltr'>suspecte,</span> <span class='ocrx_word' id='word_1_200' title='bbox 484 3199 691 3279; x_wconf 86' lang='lat' dir='ltr'>prohibemus</span> <span class='ocrx_word' id='word_1_201' title='bbox 724 3217 762 3264; x_wconf 90' lang='lat' dir='ltr'>ne</span> <span class='ocrx_word' id='word_1_202' title='bbox 794 3199 948 3279; x_wconf 91' lang='lat' dir='ltr'>deinceps</span> <span class='ocrx_word' id='word_1_203' title='bbox 978 3199 1123 3264; x_wconf 85' lang='lat' dir='ltr'>scolares</span> <span class='ocrx_word' id='word_1_204' title='bbox 1153 3199 1384 3281; x_wconf 75' lang='lat' dir='ltr'>cuiuscumque</span> 
     </span>
     <span class='ocr_line' id='line_1_28' title="bbox 294 3297 1380 3380; baseline 0 -18"><span class='ocrx_word' id='word_1_205' title='bbox 294 3299 452 3364; x_wconf 80' lang='lat' dir='ltr'>facultatis</span> <span class='ocrx_word' id='word_1_206' title='bbox 479 3298 629 3363; x_wconf 90' lang='lat' dir='ltr'>incedant</span> <span class='ocrx_word' id='word_1_207' title='bbox 655 3309 709 3363; x_wconf 91' lang='lat' dir='ltr'>aut</span> <span class='ocrx_word' id='word_1_208' title='bbox 738 3298 944 3363; x_wconf 86' lang='lat' dir='ltr'>deambulent</span> <span class='ocrx_word' id='word_1_209' title='bbox 970 3297 1009 3362; x_wconf 93' lang='lat' dir='ltr'>de</span> <span class='ocrx_word' id='word_1_210' title='bbox 1041 3308 1133 3363; x_wconf 91' lang='lat' dir='ltr'>nocte</span> <span class='ocrx_word' id='word_1_211' title='bbox 1164 3315 1221 3379; x_wconf 91' lang='lat' dir='ltr'>per</span> <span class='ocrx_word' id='word_1_212' title='bbox 1249 3299 1380 3380; x_wconf 92' lang='lat' dir='ltr'>opidum</span> 
     </span>
     <span class='ocr_line' id='line_1_29' title="bbox 297 3397 1382 3477; baseline -0.002 -15"><span class='ocrx_word' id='word_1_213' title='bbox 297 3407 368 3477; x_wconf 90' lang='lat' dir='ltr'>post</span> <span class='ocrx_word' id='word_1_214' title='bbox 398 3397 616 3477; x_wconf 89' lang='lat' dir='ltr'>pulsaoionem</span> <span class='ocrx_word' id='word_1_215' title='bbox 647 3397 732 3461; x_wconf 89' lang='lat' dir='ltr'>illius</span> <span class='ocrx_word' id='word_1_216' title='bbox 762 3411 915 3477; x_wconf 88' lang='lat' dir='ltr'>campane</span> <span class='ocrx_word' id='word_1_217' title='bbox 945 3414 1006 3477; x_wconf 85' lang='lat' dir='ltr'>que</span> <span class='ocrx_word' id='word_1_218' title='bbox 1036 3397 1066 3460; x_wconf 93' lang='lat' dir='ltr'>in</span> <span class='ocrx_word' id='word_1_219' title='bbox 1103 3397 1241 3462; x_wconf 86' lang='lat' dir='ltr'>ecclesia</span> <span class='ocrx_word' id='word_1_220' title='bbox 1277 3399 1382 3462; x_wconf 90' lang='lat' dir='ltr'>sancti</span> 
     </span>
     <span class='ocr_line' id='line_1_30' title="bbox 297 3495 1383 3578; baseline 0.004 -20"><span class='ocrx_word' id='word_1_221' title='bbox 297 3495 460 3561; x_wconf 79' lang='lat' dir='ltr'>bliehaiilis</span> <span class='ocrx_word' id='word_1_222' title='bbox 488 3497 607 3578; x_wconf 90' lang='lat' dir='ltr'>pulsari</span> <span class='ocrx_word' id='word_1_223' title='bbox 634 3497 801 3562; x_wconf 88' lang='lat' dir='ltr'>consuevit</span> <span class='ocrx_word' id='word_1_224' title='bbox 828 3497 906 3562; x_wconf 90' lang='lat' dir='ltr'>hora</span> <span class='ocrx_word' id='word_1_225' title='bbox 934 3512 1015 3561; x_wconf 92' lang='lat' dir='ltr'>nona</span> <span class='ocrx_word' id='word_1_226' title='bbox 1042 3497 1073 3560; x_wconf 91' lang='lat' dir='ltr'>in</span> <span class='ocrx_word' id='word_1_227' title='bbox 1102 3497 1215 3578; x_wconf 85' lang='lat' dir='ltr'>hyeme</span> <span class='ocrx_word' id='word_1_228' title='bbox 1244 3506 1274 3561; x_wconf 86' lang='lat' dir='ltr'>et</span> <span class='ocrx_word' id='word_1_229' title='bbox 1302 3497 1383 3562; x_wconf 91' lang='lat' dir='ltr'>hora</span> 
     </span>
     <span class='ocr_line' id='line_1_31' title="bbox 298 3595 1382 3677; baseline 0 -18"><span class='ocrx_word' id='word_1_230' title='bbox 298 3595 421 3660; x_wconf 90' lang='lat' dir='ltr'>decima</span> <span class='ocrx_word' id='word_1_231' title='bbox 437 3596 468 3658; x_wconf 91' lang='lat' dir='ltr'>in</span> <span class='ocrx_word' id='word_1_232' title='bbox 485 3603 596 3660; x_wconf 89' lang='lat' dir='ltr'>estate.</span> <span class='ocrx_word' id='word_1_233' title='bbox 626 3595 662 3660; x_wconf 88' lang='lat' dir='ltr'>Et</span> <span class='ocrx_word' id='word_1_234' title='bbox 684 3595 711 3660; x_wconf 92' lang='lat' dir='ltr'>si</span> <span class='ocrx_word' id='word_1_235' title='bbox 735 3596 787 3677; x_wconf 87' lang='lat' dir='ltr'>qui</span> <span class='ocrx_word' id='word_1_236' title='bbox 804 3595 948 3660; x_wconf 89' lang='lat' dir='ltr'>scolares</span> <span class='ocrx_word' id='word_1_237' title='bbox 970 3604 1042 3676; x_wconf 91' lang='lat' dir='ltr'>post</span> <span class='ocrx_word' id='word_1_238' title='bbox 1059 3595 1144 3658; x_wconf 88' lang='lat' dir='ltr'>illam</span> <span class='ocrx_word' id='word_1_239' title='bbox 1161 3596 1382 3675; x_wconf 87' lang='lat' dir='ltr'>pulsaoionem</span> 
     </span>
     <span class='ocr_line' id='line_1_32' title="bbox 296 3693 1384 3775; baseline 0.002 -18"><span class='ocrx_word' id='word_1_240' title='bbox 296 3693 410 3758; x_wconf 85' lang='lat' dir='ltr'>lactem</span> <span class='ocrx_word' id='word_1_241' title='bbox 426 3695 618 3774; x_wconf 89' lang='lat' dir='ltr'>deprehensi</span> <span class='ocrx_word' id='word_1_242' title='bbox 636 3695 753 3760; x_wconf 85' lang='lat' dir='ltr'>luerint</span> <span class='ocrx_word' id='word_1_243' title='bbox 768 3693 1008 3759; x_wconf 87' lang='lat' dir='ltr'>deambulantes</span> <span class='ocrx_word' id='word_1_244' title='bbox 1037 3711 1093 3773; x_wconf 90' lang='lat' dir='ltr'>per</span> <span class='ocrx_word' id='word_1_245' title='bbox 1108 3695 1239 3774; x_wconf 87' lang='lat' dir='ltr'>opidum</span> <span class='ocrx_word' id='word_1_246' title='bbox 1257 3695 1384 3775; x_wconf 88' lang='lat' dir='ltr'>predic-</span> 
     </span>
     <span class='ocr_line' id='line_1_33' title="bbox 297 3791 1384 3874; baseline 0.002 -18"><span class='ocrx_word' id='word_1_247' title='bbox 297 3802 377 3867; x_wconf 89' lang='lat' dir='ltr'>tum,</span> <span class='ocrx_word' id='word_1_248' title='bbox 404 3791 465 3856; x_wconf 90' lang='lat' dir='ltr'>nisi</span> <span class='ocrx_word' id='word_1_249' title='bbox 492 3802 597 3858; x_wconf 90' lang='lat' dir='ltr'>tamen</span> <span class='ocrx_word' id='word_1_250' title='bbox 624 3802 735 3858; x_wconf 90' lang='lat' dir='ltr'>essent</span> <span class='ocrx_word' id='word_1_251' title='bbox 761 3793 793 3856; x_wconf 93' lang='lat' dir='ltr'>in</span> <span class='ocrx_word' id='word_1_252' title='bbox 822 3794 977 3858; x_wconf 89' lang='lat' dir='ltr'>societate</span> <span class='ocrx_word' id='word_1_253' title='bbox 1004 3792 1139 3874; x_wconf 75' lang='lat' dir='ltr'>alicuius</span> <span class='ocrx_word' id='word_1_254' title='bbox 1164 3793 1307 3858; x_wconf 90' lang='lat' dir='ltr'>doctoris</span> <span class='ocrx_word' id='word_1_255' title='bbox 1334 3796 1384 3858; x_wconf 85' lang='lat' dir='ltr'>rel</span> 
     </span>
     <span class='ocr_line' id='line_1_34' title="bbox 295 3889 1386 3975; baseline 0.005 -23"><span class='ocrx_word' id='word_1_256' title='bbox 295 3890 400 3970; x_wconf 85' lang='lat' dir='ltr'>gravis</span> <span class='ocrx_word' id='word_1_257' title='bbox 428 3907 564 3972; x_wconf 89' lang='lat' dir='ltr'>persone</span> <span class='ocrx_word' id='word_1_258' title='bbox 591 3909 662 3955; x_wconf 91' lang='lat' dir='ltr'>cum</span> <span class='ocrx_word' id='word_1_259' title='bbox 688 3893 758 3957; x_wconf 91' lang='lat' dir='ltr'>leda</span> <span class='ocrx_word' id='word_1_260' title='bbox 785 3893 832 3956; x_wconf 92' lang='lat' dir='ltr'>vel</span> <span class='ocrx_word' id='word_1_261' title='bbox 861 3893 1004 3956; x_wconf 89' lang='lat' dir='ltr'>lauterna</span> <span class='ocrx_word' id='word_1_262' title='bbox 1028 3889 1230 3975; x_wconf 89' lang='lat' dir='ltr'>[eminente],</span> <span class='ocrx_word' id='word_1_263' title='bbox 1253 3893 1323 3974; x_wconf 89' lang='lat' dir='ltr'>capi</span> <span class='ocrx_word' id='word_1_264' title='bbox 1354 3903 1386 3957; x_wconf 89' lang='lat' dir='ltr'>et</span> 
     </span>
     <span class='ocr_line' id='line_1_35' title="bbox 296 3989 1384 4072; baseline 0.004 -21"><span class='ocrx_word' id='word_1_265' title='bbox 296 3989 492 4068; x_wconf 85' lang='lat' dir='ltr'>apprehendi</span> <span class='ocrx_word' id='word_1_266' title='bbox 532 3998 680 4070; x_wconf 92' lang='lat' dir='ltr'>poterunt</span> <span class='ocrx_word' id='word_1_267' title='bbox 718 4008 774 4072; x_wconf 91' lang='lat' dir='ltr'>per</span> <span class='ocrx_word' id='word_1_268' title='bbox 810 3991 950 4056; x_wconf 88' lang='lat' dir='ltr'>villicum</span> <span class='ocrx_word' id='word_1_269' title='bbox 985 4000 1144 4060; x_wconf 82' lang='lat' dir='ltr'>nostrum.</span> <span class='ocrx_word' id='word_1_270' title='bbox 1178 3993 1248 4071; x_wconf 75' lang='lat' dir='ltr'>eius</span> <span class='ocrx_word' id='word_1_271' title='bbox 1277 3991 1384 4056; x_wconf 90' lang='lat' dir='ltr'>locum</span> 
     </span>
     <span class='ocr_line' id='line_1_36' title="bbox 298 4089 1385 4172; baseline 0.005 -22"><span class='ocrx_word' id='word_1_272' title='bbox 298 4096 470 4164; x_wconf 89' lang='lat' dir='ltr'>tenentem,</span> <span class='ocrx_word' id='word_1_273' title='bbox 502 4090 681 4154; x_wconf 88' lang='lat' dir='ltr'>servientes</span> <span class='ocrx_word' id='word_1_274' title='bbox 713 4106 749 4154; x_wconf 89' lang='lat' dir='ltr'>ac</span> <span class='ocrx_word' id='word_1_275' title='bbox 779 4089 859 4154; x_wconf 92' lang='lat' dir='ltr'>alios</span> <span class='ocrx_word' id='word_1_276' title='bbox 896 4089 1070 4154; x_wconf 84' lang='lat' dir='ltr'>officiarios</span> <span class='ocrx_word' id='word_1_277' title='bbox 1107 4090 1210 4172; x_wconf 92' lang='lat' dir='ltr'>opidi;</span> <span class='ocrx_word' id='word_1_278' title='bbox 1241 4090 1294 4171; x_wconf 87' lang='lat' dir='ltr'>qui</span> <span class='ocrx_word' id='word_1_279' title='bbox 1326 4107 1385 4155; x_wconf 89' lang='lat' dir='ltr'>cos</span> 
     </span>
     <span class='ocr_line' id='line_1_37' title="bbox 298 4185 1381 4272; baseline 0.007 -26"><span class='ocrx_word' id='word_1_280' title='bbox 298 4185 402 4250; x_wconf 88' lang='lat' dir='ltr'>statim</span> <span class='ocrx_word' id='word_1_281' title='bbox 420 4187 538 4252; x_wconf 88' lang='lat' dir='ltr'>ducere</span> <span class='ocrx_word' id='word_1_282' title='bbox 556 4197 724 4253; x_wconf 89' lang='lat' dir='ltr'>teneantur</span> <span class='ocrx_word' id='word_1_283' title='bbox 740 4189 777 4252; x_wconf 91' lang='lat' dir='ltr'>ad</span> <span class='ocrx_word' id='word_1_284' title='bbox 795 4189 975 4253; x_wconf 87' lang='lat' dir='ltr'>Rectorem.</span> <span class='ocrx_word' id='word_1_285' title='bbox 1000 4189 1055 4252; x_wconf 88' lang='lat' dir='ltr'>Cui</span> <span class='ocrx_word' id='word_1_286' title='bbox 1081 4189 1275 4269; x_wconf 68' lang='lat' dir='ltr'>injungimus</span> <span class='ocrx_word' id='word_1_287' title='bbox 1295 4191 1381 4272; x_wconf 86' lang='lat' dir='ltr'>quod</span> 
     </span>
    </p>
   </div>
   <div class='ocr_carea' id='block_1_10' title="bbox 0 0 1616 4944">
    <p class='ocr_par' dir='ltr' id='par_1_10' title="bbox 0 0 1616 4944">
     <span class='ocr_line' id='line_1_38' title="bbox 0 0 1616 4944; baseline 0 0"><span class='ocrx_word' id='word_1_288' title='bbox 0 0 1616 4944; x_wconf 95' lang='lat' dir='ltr'> </span> 
     </span>
    </p>
   </div>
  </div>
 </body>
</html>
