3246 4944
711 392 829 466 -bdl
855 429 896 448 ·-

261 586 419 666 praefatae
443 583 669 664 publicationis
691 585 849 666 agendum
875 581 1067 648 existiment.
1086 582 1189 664 snper
1214 601 1276 666 quo
1303 603 1341 652 ex

258 684 460 750 dominorum
476 683 761 750 deliberationibus
774 683 933 748 conclusit
946 682 1097 747 dominus
1109 683 1226 748 ilector
1238 684 1344 751 dictos

258 783 406 849 dominos
430 783 599 864 deputatos
619 783 763 864 judicare
787 784 863 848 utile
881 791 911 846 et
934 780 1109 860 expediens
1126 781 1204 858 iore,
1222 784 1249 847 si
1267 785 1342 849 Uni·

258 884 396 948 versitas
411 900 468 965 per
491 900 645 961 personas
668 883 873 956 intermedias
897 880 1119 946 serenissimis
1143 881 1342 964 Principibus

260 981 379 1046 nostris
402 992 455 1046 aut
478 996 587 1046 eorum
611 981 748 1046 concilio
770 979 941 1062 significari
966 987 1103 1056 curaret,
1122 981 1206 1062 quod
1234 993 1340 1062 parata

259 1081 341 1146 loret
366 1081 533 1146 admittere
561 1080 808 1161 publicationem
833 1079 938 1144 dictae
964 1078 1169 1152 visitationis,
1187 1092 1281 1161 prout
1303 1099 1339 1147 ea

256 1180 295 1244 ab
326 1181 416 1245 initio
447 1180 503 1244 luit
531 1189 698 1259 concepte,
727 1179 870 1258 regendo
908 1187 1013 1242 tamen
1051 1187 1208 1257 quatenus
1243 1199 1341 1261 super

257 1278 400 1343 articulis
417 1277 592 1352 nonnullis,
608 1295 664 1357 per
679 1295 761 1358 quos
775 1277 974 1341 Universitas
990 1293 1026 1340 se
1041 1278 1165 1357 gravari
1182 1279 1341 1345 existimat

256 1387 310 1440 aut
336 1375 541 1456 probabiliter
566 1393 602 1440 se
627 1377 820 1457 gravandam
845 1383 972 1439 veretur
995 1392 1033 1440 ex
1056 1376 1140 1441 melo
1163 1371 1338 1454 intellectu,

257 1475 391 1556 benigna
414 1475 544 1539 daretur
566 1475 797 1554 interpretatio,
816 1474 929 1538 sallem
955 1474 1111 1549 seorsim;
1136 1483 1167 1540 et
1194 1487 1341 1543 notanter

256 1590 354 1654 super
380 1573 525 1648 articulo,
543 1574 574 1635 in
602 1589 665 1654 ouo
692 1589 750 1653 pro
773 1573 999 1638 observatione
1021 1572 1124 1638 dictae
1147 1574 1339 1642 visitationis

257 1673 461 1738 constituitur
476 1671 757 1751 superintendens,
776 1671 860 1752 quod
877 1671 1026 1736 videlicet
1043 1687 1105 1736 non
1129 1672 1170 1736 sit
1195 1689 1284 1738 mens
1308 1685 1339 1741 et

256 1771 389 1836 intentio
419 1770 601 1850 hujusmodi
632 1769 907 1850 superintendenti
939 1769 1034 1834 ullam
1063 1770 1131 1834 dari
1162 1772 1210 1836 vel
1242 1774 1336 1840 tribui

252 1870 507 1950 jurisdictionem
538 1879 592 1934 aul
624 1869 883 1951 superioritatem
912 1869 944 1932 in
973 1869 1079 1934 dictos
1108 1869 1277 1936 Rectorem
1307 1883 1337 1940 et

255 1969 517 2044 Universitatem;
546 1970 629 2034 idem
657 1985 784 2050 quoque
809 1969 953 2049 singulas
977 1969 1143 2034 facultates
1166 1974 1336 2052 separatim

256 2067 361 2134 iacere
373 2077 404 2133 et
417 2083 531 2149 rogare
544 2084 639 2148 posse
652 2085 750 2148 super
762 2068 897 2148 singulis
909 2067 1053 2132 articulis
1068 2084 1143 2134 sese
1158 2071 1340 2150 specialiter

256 2167 537 2244 concernentibus,
557 2184 613 2247 per
635 2183 717 2248 quos
744 2183 817 2232 sese
842 2166 906 2247 iem
933 2167 1057 2246 gravari
1086 2175 1208 2247 putant,
1226 2180 1280 2234 aut
1306 2171 1337 2234 in

256 2277 418 2347 posterum
442 2267 567 2346 gravari
592 2282 688 2347 posse
711 2275 880 2339 verentur,
904 2265 962 2330 sed
987 2266 1066 2330 baec
1093 2267 1280 2346 praeprimis
1307 2279 1338 2334 et

254 2374 327 2430 ante
360 2364 465 2431 omnia
497 2381 553 2444 per
582 2365 732 2430 dominos
761 2365 902 2428 decanos
933 2363 971 2428 ad
1000 2364 1143 2445 singulas
1173 2365 1337 2433 facultates

254 2464 432 2538 reserenda,
450 2463 631 2544 ibidemque
658 2463 865 2528 examinanda
892 2479 977 2539 esse,
997 2472 1101 2527 utrum
1129 2479 1164 2528 ea
1192 2465 1239 2528 sic
1267 2465 1336 2531 iteri

255 2563 402 2644 expediat
429 2579 540 2628 necne.
558 2563 593 2626 Et
617 2562 648 2625 in
672 2571 819 2626 eventum
843 2579 906 2642 quo
929 2562 1033 2627 dictae
1056 2563 1222 2628 laeultales
1247 2581 1336 2644 prae·

257 2663 367 2740 missa,
384 2662 466 2727 sicul
485 2663 672 2742 praefertur,
688 2661 876 2742 judicabunt
891 2662 1052 2742 expedire,
1071 2661 1123 2726 iila
1142 2663 1180 2726 ad
1206 2663 1337 2729 Univer-

256 2763 381 2826 sitalem
398 2761 563 2827 reserenda
580 2778 664 2826 esse.

298 2980 310 3017 n
331 2959 387 3022 Die
409 2958 447 3022 28
461 2958 528 3040 julij
546 2959 619 3023 anni
637 2959 728 3035 loli,
745 2959 863 3025 indicta
881 2960 939 3026 luit
954 2962 1160 3042 congregatio
1176 2962 1336 3028 Universi-

253 3059 382 3124 latisin
396 3076 456 3139 qua
471 3060 657 3140 magnificus
670 3060 819 3125 dominus
834 3062 952 3126 Rector
968 3061 1076 3125 retulit
1092 3062 1334 3128 conclusionem

252 3157 455 3222 dominorum
482 3158 705 3237 deputatorum
731 3159 785 3222 id·
805 3159 874 3239 julij
905 3159 1080 3223 novissime
1108 3169 1244 3240 ceptam.
1270 3161 1335 3233 Qua

253 3256 408 3321 relatione
432 3256 524 3329 lacta,
545 3264 747 3322 retraxerunt
769 3273 844 3322 sere
860 3257 1024 3322 laenitates
1040 3257 1077 3322 ad
1095 3257 1335 3326 deliberandum

252 3355 403 3436 desuper.
421 3355 458 3419 Et
474 3372 512 3418 ex
529 3371 637 3420 earum
656 3355 794 3420 unanimi
813 3355 1042 3422 deliberatione
1057 3357 1216 3422 conclusit
1232 3357 1336 3424 dietus

255 3454 441 3534 magnificus
457 3454 607 3518 dominus
624 3453 740 3518 Reclor
755 3453 1001 3518 Universitatem
1027 3455 1112 3518 nullo
1136 3457 1231 3521 modo
1254 3458 1336 3524 veile

254 3553 415 3635 refragari,
435 3564 529 3634 prout
553 3569 611 3617 nec
634 3569 781 3634 umquam
806 3552 962 3616 hactenus
986 3554 1137 3634 refragari
1161 3555 1260 3619 voluit
1282 3567 1335 3622 sut

253 3652 443 3732 praetendit,
469 3651 674 3730 publicationi
705 3651 917 3726 visitationis;
946 3651 1001 3716 sed
1033 3660 1172 3731 paratam
1199 3669 1235 3718 se
1261 3671 1335 3720 esse

252 3765 321 3814 earn
338 3750 505 3815 admittere
521 3767 556 3814 ca
574 3751 674 3815 torma
691 3767 752 3831 nna
768 3750 807 3814 ab
824 3749 915 3814 initio
932 3751 987 3814 luit
1010 3762 1101 3831 capta
1121 3760 1152 3816 et
1174 3753 1335 3831 deputatis

253 3849 476 3914 Universitatis
498 3849 647 3920 exhibita,
664 3851 691 3913 si
709 3849 749 3914 ita
772 3849 996 3914 serenissimis
1014 3849 1216 3930 Principibus
1232 3851 1335 3916 risum

253 3947 364 4020 lueril;
389 3947 519 4012 eosdem
545 3957 688 4013 tamena
718 3959 805 4028 parte
828 3947 1049 4012 Utrirersitalis
1077 3950 1238 4028 rogandos
1264 3967 1338 4015 esse

253 4055 410 4126 quatenus
426 4063 523 4126 super
538 4047 729 4127 quibusdam
745 4047 890 4112 articulis
903 4047 1006 4112 diotae
1018 4047 1211 4111 visitationis
1223 4050 1335 4114 saltem

253 4145 389 4208 seorsim
404 4145 569 4224 benignam
583 4146 660 4210 darc
671 4145 843 4226 dignentur
859 4145 1163 4225 interpretationem,
1173 4165 1211 4212 ac
1224 4147 1332 4228 impri-
