3112 4942
528 530 531 539 .
592 464 754 536 --lld-

118 645 324 732 doctoribus,
342 653 518 738 magistris,
536 653 717 740 scolaribus
739 663 772 720 et
789 653 873 721 dicte
894 643 1120 723 Vniuersitatis
1141 665 1212 741 'pel-

120 754 213 819 sonis
241 755 408 837 predictis,
436 771 476 820 ne
504 753 630 820 vicibus
656 755 843 835 interceptis
873 754 903 818 in
931 755 1073 836 querelis
1101 773 1211 838 prose·
1309 747 1315 758 ’

118 853 263 934 queudis
278 853 506 936 suspensionis
529 853 667 918 inchoati
684 852 780 934 studij
797 853 987 920 discrimine
1006 854 1212 934 denotentur,

121 967 222 1032 super
237 951 300 1033 bijs
321 961 481 1036 oportune
505 949 677 1034 prouidere
701 961 834 1033 paterna
858 951 1024 1034 diligentia
1047 969 1209 1020 curamus.

475 1121 636 1176 Cottccsat'on
656 1125 688 1174 de
707 1125 736 1174 la
753 1127 863 1186 fovear.

163 1259 231 1324 Nos
257 1258 355 1342 igitur
382 1260 541 1325 aduersus
565 1267 790 1342 occupatores,
818 1259 1014 1334 detentores,
1043 1275 1211 1342 presump-

123 1367 225 1436 tores,
245 1359 481 1435 molestatores,
500 1357 707 1434 iniurintores
730 1366 761 1422 et
781 1357 863 1422 alios
886 1359 1076 1423 temerarios
1098 1375 1212 1441 supra·

122 1458 229 1523 dictos
253 1457 309 1523 illo
334 1457 480 1524 volentes
503 1457 626 1522 eisdem
650 1456 791 1533 Rectori,
809 1457 1009 1532 doctoribus,
1035 1457 1209 1536 magistris,

123 1555 309 1621 scolaribus
336 1565 368 1622 et
397 1557 480 1622 dicte
510 1553 735 1621 Vniuersitatis
766 1556 914 1636 personis
945 1557 1150 1636 presentibus
1180 1565 1212 1622 et

124 1654 242 1720 lutaris
269 1657 412 1721 remedio
435 1653 620 1729 subuenire,
645 1671 703 1736 per
724 1655 809 1736 quod
835 1653 971 1720 aliorum
995 1654 1211 1736 predictorum

124 1765 352 1836 compescatur
392 1755 567 1830 temeritas,
605 1753 806 1836 singulisque
844 1753 951 1818 aditus
991 1753 1212 1820 committendi

124 1853 243 1918 similia
261 1854 368 1919 areius
391 1852 607 1936 precludatur,
625 1853 813 1919 discretioni
836 1863 943 1919 vestre
960 1869 1016 1934 per
1031 1853 1211 1934 apostolica

125 1953 247 2034 scripta
270 1953 471 2028 mandemus,
487 1963 646 2035 quatenus
670 1969 728 2018 uos
745 1953 795 2018 uel
812 1953 876 2017 duo
898 1961 952 2017 aut
966 1967 1049 2017 vnus
1069 1960 1212 2018 uestrum

126 2067 185 2133 per
198 2069 259 2117 uos
275 2051 325 2118 uel
338 2052 434 2118 alium
450 2070 506 2118 scu
523 2053 616 2130 alios,
630 2051 725 2118 etiam
742 2051 769 2116 si
786 2051 850 2117 sint
861 2061 949 2117 extra
966 2052 1036 2118 loca
1052 2051 1213 2134 inquibus

126 2151 270 2232 deputati
300 2152 392 2228 estis,
423 2160 670 2218 conseruatores
698 2160 730 2216 et
753 2150 880 2232 judices
910 2150 1042 2232 prelatis
1071 2149 1212 2219 Rectori.

126 2249 331 2325 doctoribus,
356 2249 530 2332 magistris,
555 2249 736 2315 scolaribus
761 2258 793 2315 et
818 2249 962 2331 eiusdem
990 2249 1214 2316 Vniuersitatis

127 2350 278 2431 personis
300 2348 440 2416 efficacis
461 2349 660 2414 detensionis
683 2348 825 2431 presidio
839 2349 1041 2426 assistentes,
1061 2365 1123 2414 non
1141 2365 1214 2430 per-

127 2448 260 2514 mittatis
283 2448 413 2514 eosdem
436 2463 534 2529 super
558 2448 725 2530 premissis
740 2456 771 2512 et
793 2447 990 2530 quibuslibet
1011 2447 1083 2528 aliis
1105 2448 1210 2525 bonis,

123 2547 222 2613 rebus
245 2564 283 2613 ac
302 2547 430 2630 iuribus
453 2549 492 2614 ad
509 2548 582 2614 illos
604 2547 817 2613 communiter
839 2547 887 2612 vel
910 2545 1039 2611 diuisim
1062 2556 1212 2627 spectan-

122 2645 220 2722 tibus,
252 2663 270 2710 a
299 2647 469 2728 quibusuis
498 2645 639 2713 indebite
669 2645 832 2711 molestari
860 2647 908 2711 rel
938 2647 987 2711 eis
1013 2646 1212 2728 grauamina,

122 2745 257 2810 iniurias
272 2746 343 2812 siue
358 2746 497 2828 dampna
511 2746 660 2828 irrogari,
677 2755 731 2810 aut
747 2754 859 2811 contra
878 2745 1059 2827 priuilegia,
1078 2761 1213 2812 conces-

122 2844 235 2910 siones
258 2855 290 2910 et
315 2845 449 2922 indulta,
472 2845 533 2911 sub
558 2861 760 2927 quacumque
783 2845 878 2910 etiam
902 2844 1074 2910 verborum
1098 2845 1210 2922 torma,

124 2943 208 3024 ipsis
237 2942 377 3017 Rectori,
408 2943 609 3021 doctoribus,
643 2945 816 3026 magistris,
847 2943 1029 3009 scolaribus
1060 2961 1097 3009 ac
1127 2945 1214 3010 dicte

125 3041 351 3109 Vniversitatis
379 3044 528 3125 personis
554 3061 571 3108 a
599 3043 681 3108 Sede
709 3043 851 3124 predicta
879 3043 929 3108 uel
956 3043 1035 3108 alias
1058 3044 1213 3108 bactenus

122 3158 282 3208 coracessa
299 3159 357 3208 seu
373 3143 405 3206 in
423 3151 586 3224 posterum
603 3142 845 3224 quomodolibet
857 3143 1064 3208 concedenda
1082 3142 1213 3224 inlringi

121 3258 181 3308 scu
205 3241 318 3306 violari
340 3241 553 3324 aliquatenus,
572 3242 621 3308 vol
645 3241 740 3306 ctiam
764 3241 956 3323 impugnari,
976 3241 1092 3308 facturi
1117 3241 1213 3306 dictis

122 3340 265 3416 doctori,
284 3340 483 3413 doctoribus,
503 3339 676 3421 magistris,
694 3340 878 3405 scolaribus
897 3350 930 3408 et
953 3341 1055 3422 ipsius
1079 3339 1213 3406 Vniuer-

122 3439 228 3516 sitatis
252 3439 413 3521 personis,
437 3456 509 3504 cum
531 3439 571 3504 ab
593 3439 653 3515 eis,
682 3440 731 3506 vel
756 3440 900 3520 ipsorum
923 3441 1041 3522 aliquo,
1066 3447 1120 3504 aut
1144 3439 1212 3504 suis

124 3539 404 3618 procuratoribus,
421 3555 520 3620 super
543 3538 605 3620 bijs
629 3539 754 3604 fueritis
771 3538 929 3621 requisiti,
947 3539 987 3604 da
1012 3537 1165 3620 predictis
1181 3545 1214 3604 et

122 3637 196 3718 aliis
225 3635 375 3718 personis
411 3637 622 3720 quibuslibet,
654 3655 752 3720 super
790 3639 992 3704 reslitutione
1029 3637 1212 3703 huiusmodi

122 3747 318 3810 castrorum,
347 3737 506 3813 villarum,
535 3746 705 3812 terrarum,
730 3737 885 3810 locorum,
908 3735 1040 3818 jurium,
1062 3735 1213 3817 jurisdic-

122 3836 259 3910 tionum,
269 3833 465 3914 reddituum,
476 3845 686 3918 prouentuum
700 3845 732 3900 et
743 3837 878 3900 aliorum
893 3835 1050 3900 bonorum
1063 3851 1214 3917 quorum·

120 3931 210 4010 libet,
225 3951 287 3999 neo
304 3950 368 3998 non
384 3933 424 4000 de
439 3935 609 4016 quibusuis
627 3935 795 4017 molestiis,
810 3933 937 4017 iniuriis
953 3943 1047 4016 atque
1062 3935 1211 4015 dampnis

119 4033 305 4114 ceterisque
327 4033 471 4114 ipsorum
496 4042 559 4098 tam
580 4033 720 4100 realibus
743 4050 838 4115 quam
862 4034 1087 4114 personalibus
1110 4033 1211 4099 aetio-

121 4133 229 4210 nibus,
248 4132 453 4214 presentibus
468 4142 500 4199 et
517 4135 644 4209 tuturis,
662 4134 693 4196 in
711 4133 774 4197 illis
789 4133 937 4198 videlicet
952 4151 1014 4214 que
1029 4133 1212 4199 iudicialem

121 4231 292 4316 requirunt
314 4231 510 4314 indaginem,
528 4233 712 4308 summario,
731 4231 920 4314 simpliciter
942 4233 1032 4298 etde
1057 4233 1151 4315 plano
1176 4247 1215 4297 au
