3112 4942
695 481 859 547 -51-

225 663 301 739 diis,
321 663 410 746 pacis
426 663 473 728 eis
491 679 529 728 ac
552 663 670 744 quietis
693 663 833 745 presidia
855 665 992 732 feliciter
1015 665 1247 742 ministremus,
1267 666 1320 730 illa

225 779 342 828 rursus
357 762 504 844 ampliori
526 764 780 844 perstringentes
795 763 965 846 apostolici
983 764 1169 830 muniminis
1185 764 1319 829 admini·

225 863 302 927 culo
317 879 380 944 que
396 862 434 926 ad
451 862 596 928 eiusdem
614 863 701 943 pacis
724 872 756 928 et
772 863 889 944 quietis
912 863 1138 929 solidationem
1161 865 1317 945 gratiosis

227 960 456 1028 dissidentium
475 961 589 1028 mediis
607 962 755 1026 novimus
773 963 988 1044 processisse.

271 1063 354 1128 Sana
370 1077 428 1144 pro
444 1069 534 1139 parte
558 1061 752 1126 venerabilis
770 1063 877 1127 lratris
902 1062 1001 1128 nostri
1018 1061 1150 1128 loannis
1167 1062 1317 1146 Episcopi

229 1159 431 1235 leodiensis,
462 1176 500 1224 au
528 1159 720 1225 dilectorum
751 1161 890 1227 illiorum
922 1162 1075 1243 prepositi
1099 1171 1130 1226 et
1158 1162 1317 1227 archidia-

228 1273 388 1324 conorum
410 1259 554 1324 Ecclesic
578 1258 776 1336 leodiensis,
801 1259 895 1325 nobis
919 1276 1020 1342 nuper
1043 1260 1183 1325 exhibita
1206 1261 1317 1342 petitio

228 1358 433 1435 continebat,
471 1357 555 1439 quod
592 1359 668 1424 olim
699 1358 784 1424 inter
818 1359 1024 1442 episcopum,
1060 1361 1258 1440 prepositum
1287 1369 1318 1426 et

228 1457 489 1533 arclridiauonos,
516 1474 554 1522 ex
585 1473 659 1534 una,
687 1475 746 1524 nec
777 1475 841 1523 uon
871 1459 1011 1524 dilectos
1039 1459 1123 1524 illios
1147 1459 1317 1526 Rectorem

228 1566 262 1624 et
284 1557 531 1626 vnlnerslrsten
555 1558 666 1640 studii,
689 1575 726 1624 ae
749 1559 1027 1642 burglmagistros,
1052 1559 1215 1635 scabinos,
1239 1576 1319 1625 eon·

228 1656 320 1723 sules
342 1665 374 1722 et
396 1657 557 1722 civitatem
581 1657 668 1738 opidi
694 1657 915 1733 Luraniensis,
947 1657 1133 1724 leodiensis
1160 1658 1315 1734 diocesis,

230 1756 375 1836 partibus
387 1773 425 1822 ex
438 1756 656 1837 altera,super
669 1756 884 1839 percipiendis
898 1773 955 1837 per
970 1757 1133 1832 doctores,
1145 1757 1316 1840 magistros

229 1871 268 1920 ac
283 1855 366 1920 alios
384 1855 551 1920 solrolares
567 1854 791 1922 Vniuersitatis
814 1855 958 1921 eiusdem
977 1873 1109 1921 suorum
1134 1857 1165 1920 in
1188 1857 1317 1922 civitate

230 1953 401 2022 leodiensi
421 1963 452 2018 et
474 1953 558 2019 dicta
581 1953 703 2020 diocesi
725 1954 957 2021 beneficiorum
981 1955 1149 2031 lructilrus,
1169 1971 1228 2021 nec
1253 1973 1315 2021 non

226 2053 454 2133 iurisdictione
490 2053 520 2116 in
551 2053 640 2134 ipsos
675 2053 839 2128 doctores,
872 2054 1044 2134 magistros
1079 2071 1117 2119 ac
1150 2055 1316 2120 scholares

229 2153 440 2227 excercenda,
471 2160 502 2218 et
537 2153 701 2218 nonnullis
730 2153 803 2220 aliis
835 2153 992 2228 articulis,
1024 2153 1159 2219 luissent
1188 2154 1316 2220 dissen-

229 2251 341 2317 siones
370 2261 402 2318 et
435 2253 658 2318 controversie
693 2253 838 2330 suborte,
870 2253 996 2318 tandem
1035 2271 1133 2335 super
1163 2253 1203 2318 iis
1233 2253 1317 2320 inter

230 2359 338 2432 partes
368 2351 456 2434 ipsas
485 2351 663 2418 amicabilis
692 2353 866 2419 concordia
892 2353 1050 2418 successit
1076 2370 1169 2434 quam
1198 2353 1316 2419 ltector

231 2468 292 2516 neu
322 2469 386 2518 rron
416 2451 628 2529 Vniuersitas,
659 2451 909 2534 burgimagistri,
937 2451 1073 2528 scabini,
1103 2453 1255 2518 consules
1284 2461 1315 2517 et

229 2552 443 2616 communitas
460 2551 614 2632 praedicti
637 2551 669 2614 in
685 2551 835 2616 omnibus
851 2551 995 2617 articulis
1018 2552 1199 2628 laudarunt,
1217 2551 1316 2615 rutili-

230 2657 346 2716 carunt
368 2659 398 2716 et
417 2649 646 2732 approbarunt,
664 2651 888 2732 promittentes
908 2651 992 2714 illam
1019 2651 1100 2715 bona
1121 2651 1183 2716 lidc
1207 2667 1264 2730 pro
1280 2667 1317 2715 se

233 2765 368 2815 necnon
386 2767 497 2814 eorum
519 2749 595 2816 inibi
613 2749 859 2816 suecessoribus
876 2760 1031 2830 perpetuo
1054 2749 1316 2831 irrel'ragabiliter

233 2849 418 2925 observare,
434 2866 493 2914 neo
503 2849 664 2931 aliquibus
680 2849 857 2930 apostolice
870 2848 962 2914 Sedis
979 2849 1023 2914 uti
1040 2848 1216 2930 privilegiis
1231 2847 1315 2912 dicte

232 2947 406 3018 concordie
417 2947 600 3025 corrtrariis,
614 2957 668 3012 aut
685 2964 741 3028 pcr
753 2964 789 3013 se
805 2947 853 3012 uel
870 2947 952 3012 alios
968 2957 1078 3012 eontra
1091 2947 1193 3028 ipsam
1206 2946 1316 3011 venire

231 3046 347 3128 quovis
362 3047 507 3129 quaesito
525 3045 647 3121 colore,
665 3057 759 3128 prout
782 3047 813 3110 in
830 3047 945 3112 litteris
961 3046 1155 3111 authenticis
1178 3045 1318 3128 desuper

231 3144 387 3212 conlectis
410 3145 595 3210 eorumdem
620 3145 780 3223 Rectoris,
800 3145 1035 3220 Vniuersitatis,
1053 3144 1317 3226 burgimagistro·

231 3261 314 3319 rum,
331 3243 535 3310 scabinorum
563 3257 594 3311 et
619 3245 789 3310 consulum
816 3243 932 3326 sigillis
960 3244 1102 3323 munitis,
1125 3254 1156 3309 ct
1182 3259 1316 3326 quarum

232 3355 375 3410 tenorem
394 3343 615 3425 praesentibus
631 3339 728 3408 inseri
747 3343 891 3418 lecimus,
911 3341 1104 3423 perspicitur
1124 3342 1219 3408 latius
1238 3358 1315 3406 con·

233 3443 338 3508 lineri.
365 3446 470 3519 Quare
498 3460 554 3523 pro
582 3451 671 3524 parto
696 3441 856 3528 Episcopi,
882 3442 1036 3524 prepositi
1059 3451 1090 3507 et
1116 3441 1316 3506 arciridiaeo·

233 3559 347 3608 noruro
379 3542 607 3623 predictorum,
637 3541 730 3607 nobis
758 3543 816 3607 luit
846 3543 1009 3607 ltunrilitcr
1039 3541 1252 3622 supplicatum
1286 3549 1319 3604 ut

232 3641 406 3708 corrcordie
423 3641 606 3706 lruiusmodi
633 3659 776 3706 necnon
801 3641 938 3722 singulis
962 3642 992 3704 in
1016 3641 1096 3722 ipsis
1119 3639 1222 3706 literis
1243 3657 1321 3704 con·

233 3742 330 3805 lentis
358 3757 416 3834 pro
446 3741 573 3805 illorum
605 3741 815 3806 subsistentia
846 3731 979 3804 firmiori
1010 3739 1110 3805 robur
1142 3737 1320 3817 apostolice

231 3838 1317 3921 contlrmationisadjiceredebonignitateapostolicadignaremur.

231 3938 297 4003 rios
312 3937 408 4026 igitur
422 3939 518 4004 dictis
540 3939 830 4021 supplicationibus
843 3939 998 4012 inclinati,
1018 3954 1159 4002 necnon
1182 3953 1319 4003 concor·

231 4037 327 4114 diam,
345 4045 440 4120 atquo
466 4049 614 4102 contenta
641 4038 823 4103 lruiosmodi
841 4054 878 4102 ac
894 4053 1098 4119 quecumque
1118 4035 1193 4101 inde
1208 4045 1318 4099 secuta

233 4146 300 4200 rata
323 4136 478 4208 tranenses
500 4147 532 4202 et
555 4147 656 4218 grata,
682 4137 735 4201 illa
759 4139 948 4202 auctoritate
972 4135 1147 4218 apostolica
1171 4151 1209 4200 ex
1234 4146 1321 4198 curta

206 4233 366 4302 -scientia
392 4235 621 4304 confirmamus
647 4245 679 4302 et
705 4237 934 4320 approbamus,
958 4251 995 4298 ac
1022 4235 1182 4319 presentis
1208 4231 1320 4318 scripti
