3100 4942
644 483 831 548 -133-

728 666 753 730 Ι.

136 877 143 890 ,
192 814 238 878 Le
257 831 336 894 pope
359 814 483 894 Eupdne
499 813 545 876 ii'
565 813 674 894 eiecrpc
693 813 791 878 i'nirde'
811 816 848 878 dc
866 817 1076 879 notre-oenc
1097 816 1135 876 de
1150 813 1281 880 Middci·

236 911 345 992 dorup,
361 913 389 974 ie
401 912 504 993 pre'odt
518 914 554 975 de
568 913 785 978 Setini-Pierec
799 915 954 980 d'Utrecirt
969 922 996 976 et
1018 914 1230 978 i'orcitidiocre
1246 913 1284 974 de

237 1011 381 1074 Comoedi
395 1013 414 1074 d
428 1015 557 1087 Atruere,
575 1012 788 1094 d’t'ncorporcr,
806 1033 846 1078 au
862 1014 1000 1095 citepiirc
1014 1015 1052 1076 de
1071 1012 1284 1078 seint-Picrrc

237 1113 257 1172 d
271 1110 478 1183 Leuconico
493 1110 601 1192 ipiises
614 1113 813 1192 paroieeicies
828 1113 865 1176 de
879 1112 1105 1184 naetenocven
1119 1107 1282 1182 fidicinis,

238 1207 559 1284 Coroniden-ico,
571 1210 753 1283 tices-tinen,
762 1212 903 1294 Knepsei‚
915 1211 1037 1280 iirecitt.
1047 1210 1176 1281 Schelle,
1187 1211 1282 1274 Boom

236 1319 267 1372 et
290 1310 384 1389 Eupo,
401 1310 481 1371 ainsi
502 1327 560 1391 pne
580 1309 611 1372 in
631 1310 770 1390 piddertie
791 1313 827 1374 de
847 1311 1058 1375 Snint-Picrre
1079 1311 1116 1373 de
1131 1309 1281 1382 Lonunin,

236 1416 266 1472 ct
280 1408 346 1472 d'en
362 1412 485 1488 allecto·
496 1407 540 1472 ies
551 1427 678 1474 rerennc
692 1413 711 1472 d
726 1410 757 1474 iu
767 1412 925 1491 sottdntion
940 1411 1012 1473 d'un
1028 1410 1142 1472 certain
1155 1407 1281 1500 tremore

238 1510 276 1570 de
290 1511 467 1570 cotronients
482 1526 518 1571 en
534 1511 690 1588 succerda
703 1514 895 1592 protesseurs
911 1513 948 1574 de
963 1509 1170 1575 i'iiuioersite.

632 1661 668 1715 23
689 1660 742 1714 mai
768 1661 848 1718 teta.

437 1785 509 1838 Ture
528 1789 566 1837 dn
584 1785 737 1840 souverain
753 1791 859 1851 pontife
878 1795 902 1840 ct
921 1790 1044 1840 adresse.

238 1906 401 1988 eugenius
417 1906 590 1987 episcopus
611 1923 726 1971 seruus
741 1923 912 1972 seruorum
935 1907 987 1972 dei
1005 1905 1135 1970 dilectis
1151 1904 1226 1986 titiis
1244 1951 1252 1968 .
1274 1953 1281 1966 .

195 2006 310 2070 Abbati
326 2005 509 2088 iiouasterij
532 2006 623 2070 beate
639 2005 735 2072 diarie
759 2005 1051 2084 iliddeittcrgensis
1066 2003 1282 2070 Traiectensis

196 2104 342 2171 diocesis
370 2113 403 2170 et
430 2149 466 2168 ..
495 2103 662 2184 preposito
692 2105 794 2169 sancti
825 2104 910 2170 Petri
936 2101 1152 2168 Traiectensis
1180 2117 1218 2166 ac
1246 2147 1283 2164 ..

198 2203 434 2268 archidiacono
476 2203 714 2284 nntwerptensi
766 2203 1008 2269 Cameracensis
1058 2200 1283 2268 ecclesiarum.

198 2281 339 2368 Saiu'tem
356 2312 387 2366 et
403 2301 612 2384 apostoticam
629 2302 899 2368 benedictionem.

588 2457 699 2524 Areugc
718 2471 755 2510 ou
772 2457 895 2522 pre'sace.
931 2481 940 2500 ·

242 2575 322 2640 Dum
360 2575 441 2639 iutra
475 2575 615 2657 pectoris
653 2576 753 2640 nostri
784 2575 981 2658 ar-{chana
1018 2571 1217 2638 recoluimus
1253 2574 1285 2632 et

199 2669 332 2754 paterna
358 2674 564 2740 meditatione
587 2691 759 2755 pensamus
785 2674 870 2757 quod
899 2691 956 2755 per
980 2674 1156 2738 litterarum
1180 2666 1284 2732 studio

201 2773 260 2837 viri
283 2772 465 2837 efficiuntur
487 2773 593 2838 idonei
617 2791 753 2854 quorum
777 2773 921 2840 doctrina
944 2771 1095 2836 salutaris
1117 2768 1285 2832 Civitatem

200 2871 252 2937 dei
283 2871 414 2936 letificat
443 2873 629 2953 ignoraucie
660 2873 766 2936 nubila
794 2874 992 2953 repelluntur
1018 2868 1119 2934 diuini
1147 2865 1286 2932 nominis

202 2969 340 3052 noctque
355 2971 461 3036 cuitus
479 2971 680 3051 protenditur
696 2972 820 3037 iusticia
837 2973 955 3036 colitur
970 2981 1032 3035 tam
1050 2967 1175 3052 pubiica
1191 2979 1285 3047 uuam

201 3070 324 3150 priuata
352 3086 404 3134 res
432 3069 551 3134 utiliter
577 3071 698 3150 geritur
725 3071 894 3152 omnisque
922 3067 1120 3150 prosperitas
1146 3067 1285 3128 humane

200 3167 395 3234 conditionis
411 3178 557 3250 augetur,
576 3171 688 3234 merito
706 3170 752 3233 in·
773 3175 778 3240 Ι
797 3171 945 3234 ducimur
960 3183 1069 3250 curam
1092 3163 1283 3244 pastoralem

196 3267 347 3333 circaea
378 3267 538 3332 solicitius
568 3268 754 3349 impendere
785 3287 840 3350 per
869 3285 931 3350 que
962 3265 1067 3331 studia
1098 3260 1282 3327 tmiusmodi

199 3367 310 3448 uigere
336 3374 368 3434 et
394 3366 628 3431 incrementum
658 3367 824 3448 suscipere
851 3368 977 3432 ualeant
1004 3381 1041 3428 ac
1065 3378 1147 3427 uene
1170 3356 1280 3439 irrigui

201 3464 299 3530 iontis
322 3463 534 3529 scienciarum
552 3467 665 3546 pocuia
688 3483 760 3530 cum
778 3467 894 3546 quibus
917 3465 970 3527 iila
988 3463 1173 3527 itcurientes
1197 3458 1286 3538 igno·

202 3563 311 3628 rancie
335 3563 511 3644 profugatis
535 3565 675 3629 tenebris
700 3575 773 3646 post
788 3563 977 3645 acquisitam
1002 3560 1150 3626 noticiam
1170 3553 1287 3621 summi

201 3660 326 3742 apiiicis
339 3663 371 3723 in
385 3661 472 3725 iliius
487 3663 705 3727 mandatorum
721 3665 770 3728 uia
786 3662 899 3728 directi
914 3678 971 3742 per
982 3662 1112 3724 domum
1125 3653 1288 3738 sapiencie

202 3761 241 3825 ad
261 3759 330 3826 ueri
355 3759 484 3837 [uminis
507 3761 682 3826 claritatem
703 3763 708 3844 Ι
729 3761 918 3842 perueniunt
941 3759 1059 3841 iugiter
1074 3757 1288 3823 scaturientes

201 3859 333 3940 penuria
352 3876 459 3924 rerum
477 3860 662 3926 nuliatenus
678 3863 879 3927 obturentur.

481 4009 636 4085 puppesque
654 4025 719 4068 avec
737 4017 834 4066 raison
853 4018 871 4066 d
891 4008 1006 4076 t'cpput.

234 4130 317 4197 Sane
330 4131 416 4197 sicut
428 4149 486 4214 pro
501 4144 591 4213 parte
603 4133 794 4200 dilectorum
808 4129 1179 4200 fitiorumVniuersitatis
1192 4125 1289 4207 studii

203 4228 294 4310 Opidi
311 4221 523 4299 Loucniensis
541 4233 727 4298 Leodieusis
743 4233 884 4299 diocesis
908 4231 1001 4298 uobis
1025 4246 1127 4312 nuper
1149 4226 1288 4294 exhibita
