3246 4944
741 449 927 515 -utt-

284 650 323 698 eo
348 631 581 713 pertinentibus
602 634 698 716 longe
721 634 847 716 lateque
870 639 1035 710 tractatur,
1054 650 1091 698 ac
1115 649 1373 716 unamquamque

284 740 405 812 partem
439 731 587 800 similiter
620 733 724 800 tribus
756 751 829 798 curn
859 732 993 798 dimidio
1026 732 1119 797 annis
1149 731 1306 809 absolvet,
1337 741 1372 798 ut

285 829 444 911 septennii
461 831 565 911 spatio
582 838 679 896 totam
696 833 922 898 scholasticam
945 831 1123 898 doctrinam
1146 847 1257 897 sacrae
1279 832 1371 897 theo·
1399 901 1401 904 ,

285 927 389 1011 legiae
422 929 559 996 studiosi
590 930 701 996 audire
732 931 868 1014 possint.
898 930 1199 1012 llocehitque-hora
1229 931 1370 996 secunda

286 1027 517 1110 pomeridiana.

790 1161 868 1226 tlh.

324 1308 426 1372 lloras
442 1315 546 1373 autern
562 1309 678 1391 cuique
695 1309 871 1391 professori
887 1309 926 1374 ad
947 1308 1128 1375 docendum
1153 1309 1369 1391 praescriptas

284 1424 346 1471 non
370 1406 412 1471 ita
436 1407 654 1491 praefigimus,
671 1409 748 1491 quin
773 1426 872 1491 penes
887 1408 1033 1476 seniores
1050 1408 1269 1491 relinquamus
1284 1408 1368 1475 elec·

284 1505 415 1579 tionem,
434 1514 478 1580 ut,
496 1505 523 1570 si
546 1506 657 1580 velint,
675 1507 792 1590 singuli
815 1506 1000 1574 successive
1022 1515 1185 1572 transeant
1207 1507 1246 1571 ad
1271 1507 1369 1573 horas

284 1604 345 1670 sihi
375 1605 624 1682 commodiores,
648 1607 691 1671 ite
721 1619 826 1673 tamen
856 1617 889 1673 ut
918 1623 1029 1673 sacrae
1058 1606 1241 1688 scripturae
1272 1606 1368 1673 lectio

285 1721 413 1786 semper
428 1712 500 1770 ante
516 1705 681 1771 meridiem
698 1705 762 1772 liat.

795 1838 859 1903 hx.

325 1967 522 2034 Rescindent
543 1977 648 2035 autem
672 1969 825 2052 praedicti
850 1971 1053 2051 professores
1076 1969 1233 2046 curiosas,
1257 1987 1370 2051 super·

286 2067 587 2151 lluas,nimiumque
603 2069 901 2151 philosophicas‚ac
917 2070 1023 2134 minus
1038 2070 1133 2136 utiles
1144 2069 1369 2151 quaestiones;

285 2175 317 2232 at
332 2183 400 2243 eas,
417 2167 457 2232 de
472 2167 589 2249 quihus
604 2169 666 2234 hoc
683 2177 827 2250 tempore
843 2169 1009 2249 potissima
1032 2176 1082 2235 est
1103 2186 1175 2234 curn
1199 2167 1371 2233 haereticis

285 2267 517 2341 controversia,
550 2267 722 2334 dilucidius
759 2267 974 2350 explicabunt,
1003 2267 1240 2349 studebuntque
1274 2267 1370 2332 iidem

285 2372 427 2429 nostram
445 2381 508 2430 non
524 2373 586 2432 tam
604 2366 836 2448 philosophicis
858 2367 1056 2448 argumentis
1076 2382 1169 2448 quaro
1192 2366 1370 2447 scripturis

284 2463 415 2539 satietis,
445 2463 571 2530 Petrum
602 2464 793 2532 testimoniis
819 2475 854 2530 et·
875 2464 1023 2530 deductis
1048 2482 1086 2530 ex
1113 2465 1164 2530 his
1191 2463 1369 2529 rationibus

285 2559 425 2640 firmare,
447 2580 486 2628 ue
502 2563 577 2628 darn
596 2563 727 2628 nimium
745 2563 968 2646 philosophiae
984 2564 1079 2646 (quae
1094 2564 1246 2628 ancillare
1261 2563 1370 2644 dehet)

286 2659 467 2736 adhibetur,
486 2661 591 2727 tninus
608 2662 680 2729 lldei
696 2661 802 2746 (cujus
823 2672 872 2729 est
895 2662 1092 2729 intellectum
1116 2662 1289 2745 captivare)
1312 2662 1369 2726 tri·

287 2758 411 2838 huatur,
428 2760 607 2828 eudemum
625 2761 656 2826 in
673 2761 875 2845 perniciosos
891 2770 1002 2827 ruatur
1017 2777 1158 2827 errores.

790 2911 870 2976 tht.

328 3040 490 3122 septennii
507 3049 612 3110 autem
625 3060 721 3108 eursu
734 3047 807 3124 (quo
823 3051 920 3109 totam
937 3042 1163 3109 scholasticam
1176 3040 1369 3123 theologiam

286 3139 325 3204 ad
341 3139 560 3206 studiosorum
579 3139 744 3206 utilitatem
762 3142 899 3227 tradent)
922 3140 1084 3217 absoluto,
1101 3141 1187 3207 vices
1204 3140 1370 3205 mutabunt

288 3239 502 3319 prolessores,
522 3248 555 3305 ut
577 3239 629 3320 qui
656 3238 788 3320 primam
812 3250 842 3305 et
866 3241 990 3306 tertiam
1014 3248 1136 3322 partem
1153 3239 1216 3304 diui
1231 3239 1370 3304 Thomac

287 3338 445 3413 docuerit,
467 3340 580 3404 doceat
604 3337 737 3420 primam
759 3340 922 3406 secundae
944 3350 975 3406 et
998 3338 1173 3406 secundam
1197 3337 1369 3413 secundae,

286 3448 317 3501 ct
333 3436 374 3501 ita
390 3437 461 3503 rice
477 3453 581 3502 versa.

782 3569 874 3634 llll.

328 3699 494 3766 llahehunt
518 3710 624 3768 autem
648 3702 850 3783 professores
871 3710 933 3766 tarn
950 3701 1134 3783 scripturae
1149 3715 1260 3765 sacrae
1274 3713 1369 3781 quarn

285 3799 499 3865 scholasticae
522 3801 702 3882 theologiae
721 3809 893 3866 consuetas
908 3801 1041 3883 suisque
1056 3799 1183 3866 statutis
1198 3814 1369 3879 expressas

285 3900 459 3971 vacantius,
483 3899 514 3962 in
538 3899 655 3982 quihus
677 3917 693 3965 a
717 3899 863 3966 docendo
886 3900 934 3965 eis
956 3917 1068 3966 vacare
1091 3899 1211 3964 licebit.
1228 3901 1267 3962 ht
1291 3913 1369 3962 vero

284 4003 372 4060 extra
396 3995 467 4062 illas
489 3999 640 4065 continue
663 3999 834 4074 docebunt,
863 3997 923 4063 nisi
948 3999 996 4064 vel
1021 3998 1204 4063 infirmitate
1225 3995 1274 4062 vel
1297 3993 1369 4060 aliis

283 4094 433 4176 gravibus
462 4096 580 4173 causis,
608 4115 625 4162 a
656 4097 815 4163 facultatis
842 4097 964 4163 decano
997 4096 1225 4178 approbandis,
1253 4091 1370 4160 luerint

284 4195 441 4280 impediti,
457 4196 597 4282 desuper
611 4213 723 4264 eorum
738 4196 957 4275 conscientias
972 4205 1155 4268 onerantes.
