3240 4946
734 435 919 499 -stt-

283 616 481 692 monasterii,
503 616 576 682 dein
609 617 768 698 parochus
795 617 826 681 ia
853 616 1066 682 licorlaudcu.
1088 615 1146 688 Qui
1174 631 1257 680 anuo
1286 615 1366 680 totta

283 731 441 780 asummo
460 715 610 796 pontifice
627 716 815 783 Innocentio
832 717 858 780 x
882 715 942 781 sibi
968 733 1005 780 ac
1027 715 1274 782 successoribus
1296 714 1366 779 suis

285 815 397 878 mitrae
412 814 612 896 aliorumque,
627 816 857 897 pontificalium
875 831 966 880 usum
984 813 1176 894 impetravit.
1190 813 1364 879 Ecclesiam

286 927 376 978 suam
403 922 498 994 atquc
523 914 603 979 alias
629 915 814 982 monasterii
840 924 872 979 ct
896 922 984 979 extra
1011 913 1241 980 monasterium
1268 912 1367 978 cades

285 1011 456 1092 plurimum
487 1013 690 1095 amplificavit
720 1024 752 1080 ct
780 1014 953 1080 decoravit.
982 1012 1065 1078 Obiit
1094 1013 1134 1076 rs
1160 1013 1241 1094 jonii
1271 1011 1364 1076 1664.

285 1111 389 1192 Prope
414 1112 593 1178 sacristiam
619 1113 777 1180 ecclcsiae
803 1113 971 1178 abbatialis
998 1111 1122 1194 positus
1148 1113 1177 1178 ai
1204 1111 1263 1177 luit
1284 1110 1367 1192 lapis

284 1210 474 1290 sepulcralis
490 1228 560 1275 cum
578 1212 640 1276 hoc
655 1212 817 1294 epitaphio
835 1235 841 1274 :
860 1215 925 1278 lloa
940 1212 1126 1294 epitaphium
1141 1217 1170 1274 et
1188 1227 1367 1275 monamac-

284 1317 346 1373 tam
382 1313 497 1374 amoris
532 1329 605 1392 erpa
635 1311 740 1376 pppis·
765 1312 831 1376 pp,
861 1312 1019 1393 praesules
1053 1309 1242 1378 Winaudcm
1272 1311 1309 1374 de
1335 1309 1367 1372 la

284 1408 430 1490 ttarpette
440 1415 468 1472 et
480 1410 728 1475 ttacimtttanam
742 1411 779 1475 de
794 1411 935 1490 Leesdael
944 1411 1074 1493 pomuli]
1089 1412 1160 1475 pm
1169 1412 1206 1474 D.
1217 1407 1367 1476 Claudias

286 1509 323 1571 cle
341 1507 371 1571 la
399 1509 542 1574 Vieaailie
564 1510 686 1574 illorum
709 1529 876 1575 successor.
894 1545 931 1558 -
949 1511 978 1574 Ε
999 1510 1077 1574 ualle
1098 1513 1189 1574 uitae.
1209 1510 1244 1572 l).
1264 1509 1303 1573 0.
1320 1509 1365 1572 ill.

289 1609 492 1672 Pisatissimis
527 1609 667 1674 manilius
701 1627 881 1691 mapparum
917 1613 1052 1674 uirorum
1085 1609 1232 1675 Wiaaodi
1266 1609 1303 1670 de
1337 1605 1369 1670 ia

285 1707 434 1788 Marpeile
458 1715 488 1770 et
514 1709 723 1772 Maximillam
748 1728 787 1773 ec
812 1710 977 1774 baronibus
1003 1710 1040 1772 ale
1061 1709 1215 1790 issidori,
1238 1723 1367 1790 quomam

286 1804 338 1868 ille
370 1807 599 1888 priuilepioram
638 1808 849 1874 Urtioersitatis
882 1810 1082 1873 Louauiensis
1110 1809 1312 1872 coacervator
1340 1809 1368 1867 et

289 1904 472 1970 Brabaatioe
486 1906 627 1972 Statuam
643 1909 806 1990 deputatas
821 1910 998 1971 cruciarias
1013 1909 1071 1972 sibi
1082 1910 1207 1989 suisque
1218 1921 1368 1970 successo·

286 2001 371 2066 ribus
383 2005 505 2068 mitram
516 2007 636 2087 primos
648 2007 797 2081 alioruin
810 2007 858 2070 liic
869 2007 1043 2070 eorumdem
1059 2007 1202 2072 Statuam
1218 2021 1365 2075 assessor,

288 2109 315 2165 et
336 2103 436 2182 iudea
464 2103 642 2184 spaodalis;
677 2113 804 2187 uterque
840 2106 1078 2186 ecuprepatiorris
1115 2102 1371 2167 Wiadcscmeasis

285 2209 468 2282 procurator
497 2203 679 2284 apostolicas
708 2211 736 2267 et
761 2207 873 2285 repius.
905 2206 1000 2268 Desiit
1026 2203 1078 2268 ille
1104 2206 1204 2267 oioetc
1232 2220 1270 2265 tv.
1300 2199 1370 2264 Kal.

282 2299 379 2379 iulias
405 2318 462 2363 cto.
489 2319 534 2365 oc.
560 2304 756 2366 cataractis
783 2321 896 2366 txvtru.
919 2303 1103 2386 presulatus
1129 2319 1200 2375 xxm·
1225 2299 1274 2365 laia
1300 2297 1370 2362 ttat.

282 2399 448 2479 januarias
464 2419 522 2464 um.
540 2419 584 2464 uc.
603 2419 704 2466 carru.
722 2405 819 2466 atatis
836 2419 917 2467 tvru.
932 2402 1119 2485 praesulatus
1136 2419 1180 2465 ιιι.

332 2547 382 2611 ts.
415 2549 549 2614 lacobus
579 2551 750 2626 Pantanus,
783 2551 1023 2627 llcrmalleusis‚
1052 2565 1163 2616 sacrae
1193 2547 1373 2630 theologiae

291 2645 405 2709 doctor
419 2657 451 2710 et
467 2648 644 2727 professor,
663 2666 721 2713 nec
739 2667 802 2714 nou
820 2650 961 2714 decanus
977 2649 1107 2728 capituti
1122 2648 1155 2712 S.
1174 2647 1270 2712 Petri.
1288 2646 1375 2712 Obiit

294 2744 309 2806 l
338 2743 474 2824 januarii
505 2744 596 2822 1668,
628 2747 706 2812 hora
735 2749 877 2813 secunda
905 2748 1141 2830 pompaticum
1169 2747 1316 2829 sepultus
1342 2746 1374 2808 iu

294 2843 396 2908 choro
411 2845 566 2911 ccclesiae
582 2846 615 2909 S.
632 2845 729 2912 Petri.

338 2942 457 3024 Paquot
473 2943 534 3009 hoc
555 2945 625 3009 loco
648 2957 721 3026 post
744 2946 922 3011 Pontanum
946 2946 976 3010 iu
1000 2947 1085 3012 scria
1107 2945 1375 3014 conservatorum

295 3042 534 3124 privilegiorum
551 3045 639 3125 pouit
651 3046 899 3112 Maaimiliauom
917 3047 980 3112 Vara
994 3047 1146 3126 Leefdaei,
1160 3046 1193 3110 S.
1207 3043 1376 3110 Gectrudis

294 3141 606 3206 abbutcmdecimum
617 3145 757 3220 tertium;
768 3147 823 3210 scd
838 3163 983 3221 erronee,
995 3145 1107 3209 namin
1120 3143 1373 3226 eiuscpitapltio,

295 3240 379 3321 qtrod
407 3258 504 3322 supra
531 3243 795 3324 transcripsimus
823 3245 875 3308 ubi
897 3244 937 3308 dc
963 3243 1076 3308 abbate
1099 3241 1256 3308 Wiuautlo
1280 3243 1320 3308 dc
1345 3242 1375 3306 la

294 3339 452 3420 llargellc,
471 3357 533 3406 nou
555 3351 685 3407 vocatur
702 3343 915 3408 conservator
931 3342 1180 3424 privilegiorum.
1195 3341 1375 3407 Notandum

295 3439 427 3519 iusuper
448 3439 599 3506 iacobum
623 3441 799 3506 Pontauum
823 3451 854 3506 ct
876 3441 1124 3506 Maximiliouum
1144 3441 1209 3506 Van
1230 3441 1375 3506 Locidael

296 3538 409 3603 codam
425 3537 476 3604 dic
492 3557 509 3604 c
524 3539 606 3604 vivis
623 3539 789 3622 migrasse.

337 3687 387 3750 tc.
413 3687 561 3751 Cloatlias
577 3689 760 3751 stauoiscus
776 3689 813 3752 de
828 3689 859 3752 la
880 3688 1025 3768 Viesoille
1043 3707 1080 3754 ex
1097 3688 1285 3764 camerario,
1302 3686 1377 3752 dclu

295 3795 438 3861 cantore,
468 3803 540 3851 mox
571 3787 753 3868 praeposito
783 3788 997 3863 Arscltotauo
1025 3787 1213 3868 designatus
1243 3803 1260 3851 a
1290 3786 1379 3868 Rege

294 3885 394 3949 abbas
420 3887 641 3952 Gertrudanus
667 3888 812 3952 decimus
838 3897 971 3969 quartus
999 3889 1037 3951 li
1066 3887 1177 3968 aprilis
1204 3887 1297 3950 l668.
1325 3887 1380 3950 Bis

297 3984 463 4064 delegatus
485 3985 542 4050 luit
571 3985 726 4051 Ordiaum
764 3987 963 4062 tsi-auantiae,
991 3986 1090 4068 judex
1111 3987 1186 4051 item
1217 3985 1380 4066 synodalis

298 4081 596 4164 archiepiscopatus
612 4085 862 4151 ttactumteusis.
881 4084 951 4150 Fuit
965 4095 996 4150 ct
1013 4085 1163 4150 Bavariac
1179 4086 1264 4158 duci,
1282 4084 1381 4166 Belgii

300 4183 472 4264 praelecto,
486 4200 503 4247 a
519 4200 611 4250 sacra
625 4184 760 4260 cortina,
775 4195 982 4250 conservator
997 4199 1124 4265 qaoque
1140 4182 1378 4264 privilegiorum
