3112 4942
724 415 889 483 ..50-

264 598 347 668 hanc
367 599 572 668 concordiam
597 608 752 682 perpetuo
768 601 839 667 sinc
854 599 929 668 doio
945 611 977 668 ct
993 601 1104 668 iraude
1120 595 1348 667 inuiolabiliter

264 700 496 767 obseruabunt.
513 700 551 765 Et
574 700 601 764 si
625 700 700 782 quid
725 701 833 766 sorsan
856 700 887 764 in
912 700 1107 766 contrarium
1128 709 1347 782 attemptatum

265 799 359 865 fuerit
389 799 438 868 uel
468 809 700 882 presumptum,
732 800 795 866 hoc
824 799 866 866 sit
895 800 1020 866 irritum
1053 807 1085 866 ct
1115 799 1221 876 inane,
1249 810 1281 866 ct
1309 800 1347 864 ad

265 897 411 965 ettectnm
429 897 525 964 huius
540 897 714 964 concordie
729 898 914 964 reducetur.

306 1001 406 1073 Quam
430 995 558 1080 quidem
580 997 787 1063 concordiam
810 997 858 1063 sic
881 1006 914 1063 ut
938 997 1133 1078 premittitur
1159 1014 1216 1078 per
1241 1006 1348 1064 certos

265 1105 565 1178 tractatorcssuper
578 1096 728 1192 pretectis
740 1095 999 1163 dissensionibus
1011 1098 1346 1180 conceptamtactam,

264 1197 374 1262 initam
395 1203 427 1262 et
447 1197 686 1274 concordatum,
703 1197 735 1260 in
756 1197 906 1264 omnibns
928 1207 958 1263 et
982 1197 1118 1279 singuiis
1135 1197 1262 1278 punctis
1277 1195 1346 1261 suis

264 1307 296 1364 ct
311 1295 466 1372 articulis,
480 1297 546 1362 Nos
559 1297 722 1362 iohannes
738 1295 928 1379 Episcopus,
942 1313 980 1362 ac
996 1297 1178 1378 prepositus
1194 1305 1227 1363 et
1241 1295 1346 1362 archi-

264 1396 389 1478 diaconj
407 1396 540 1477 predicti
557 1397 736 1473 laudamus,
754 1395 949 1462 ratificamus
965 1404 996 1462 ct
1011 1395 1238 1478 approbamus,
1260 1394 1347 1477 potti-

265 1504 377 1561 centes
399 1503 430 1560 et
453 1495 675 1576 promittentes
700 1512 757 1576 pro
781 1495 873 1561 nobis
896 1503 928 1562 et
950 1495 1072 1562 nostris
1086 1495 1345 1569 successoribus,

265 1602 377 1660 contra
391 1593 574 1660 huiusmodi
590 1595 795 1660 concordiam
820 1611 991 1676 numquam
1016 1594 1048 1659 in
1071 1595 1210 1660 futurum
1227 1593 1345 1666 venire,

265 1695 322 1760 sed
338 1693 455 1760 dictam
471 1693 715 1760 Vniuersitatenr
732 1705 763 1760 ct
785 1694 951 1775 supposita
972 1693 1117 1759 eiusdem
1134 1693 1220 1758 iuxta
1236 1693 1345 1758 nutus·

267 1793 351 1858 modi
371 1793 576 1858 concordiam
601 1793 779 1876 priuilegijs
801 1803 833 1857 et
856 1793 1038 1874 iraucirisijs
1062 1793 1141 1873 ipsis
1162 1809 1217 1873 per
1232 1791 1345 1858 sedem

265 1892 473 1974 apostoticam
497 1892 663 1957 concessis
685 1891 739 1966 vti,
759 1891 818 1956 irui
835 1900 865 1956 et
880 1892 1021 1972 garudcre
1044 1893 1200 1972 patiemur
1216 1890 1347 1972 paciiice

265 1999 296 2054 ct
317 1989 434 2071 quiete,
453 1991 567 2055 titteris
589 1999 620 2056 ct
641 1975 895 2071 quibuscumque
913 1990 1004 2054 nobis
1019 1989 1187 2056 concessis
1205 1987 1255 2054 uel
1271 2005 1347 2054 con·

265 2087 417 2153 cedendis
434 2089 518 2152 dicte
537 2089 710 2154 concordie
725 2088 909 2168 contrariis,
925 2105 962 2153 ac
986 2089 1031 2154 titi
1055 2098 1086 2154 et
1109 2105 1206 2154 cause
1222 2105 1345 2154 necnon

264 2187 473 2268 appeiiacicni
491 2204 548 2268 pro
565 2198 653 2268 parte
666 2200 774 2254 nostra
790 2199 900 2253 contra
918 2198 1089 2269 pretactnm
1102 2187 1346 2254 Vniuersitatem

264 2286 453 2369 interposite
469 2288 673 2367 presentibus
689 2289 927 2353 renunciantes.

307 2385 339 2448 tn
361 2385 454 2450 cuius
477 2386 521 2450 rei
546 2386 762 2452 testimonium
786 2386 890 2467 sigiita
907 2394 1016 2452 nostra
1031 2386 1069 2450 ad
1086 2401 1201 2452 causas
1219 2402 1347 2468 presen-

264 2484 349 2548 tibus
366 2484 482 2550 titteris
497 2485 646 2550 duximus
662 2485 920 2566 appendendum.

306 2583 415 2648 Datum
440 2598 524 2648 antro
551 2601 567 2647 a
595 2583 759 2649 natiuitate
784 2583 905 2648 domini
934 2583 1104 2649 mitissimo
1130 2583 1347 2666 caradringcn-

264 2681 378 2746 tesimo
399 2681 553 2747 vicesimo
574 2692 701 2759 octauo,
720 2682 841 2748 mensis
863 2682 1048 2748 uouembris
1068 2683 1120 2748 die
1143 2682 1342 2748 duodecima.

262 3074 304 3138 Le
322 3091 401 3156 pope
424 3075 546 3156 Eupcuc
567 3075 584 3138 t
591 3074 613 3136 V
629 3093 781 3157 cpprccrc
801 3075 832 3140 lc
855 3078 1042 3141 trcrtcuctt'cc
1064 3078 1241 3140 inte-cerac
1261 3083 1344 3140 croire

301 3172 502 3250 i'Urriccrsitd,
527 3174 617 3238 d'uue
643 3183 726 3255 pari,
751 3183 780 3240 ct
803 3175 932 3258 t'cccpce
954 3185 983 3240 ct
1006 3177 1050 3240 lec
1076 3175 1281 3242 arriidincrea
1308 3176 1344 3238 dc

301 3273 401 3352 crepe,
426 3271 543 3338 d’cuire
562 3283 644 3355 port.

679 3441 715 3497 ac
730 3441 828 3512 juittet
852 3441 930 3497 rtsr.

301 3579 461 3661 Eugenius
483 3579 661 3662 Episcopus
680 3599 794 3648 servus
817 3583 1130 3648 ser·rorum1tei.nd
1155 3591 1338 3664 perpetuam

258 3677 304 3742 rei
333 3678 531 3742 rncmoriam.
561 3668 647 3745 Licet
676 3681 817 3762 suscepti
845 3698 921 3746 cura
952 3682 1118 3762 regiminis
1144 3681 1254 3746 dietim
1287 3697 1344 3744 nos

258 3776 435 3842 innumeris
459 3777 576 3858 quibus
602 3780 737 3844 distrahi
761 3780 994 3861 conspicimur,
1020 3780 1218 3864 negotiorum
1245 3779 1344 3844 ittidat

258 3873 454 3950 incursibus,
472 3875 510 3940 ad
528 3891 565 3941 ca
581 3885 686 3942 tamen
702 3895 908 3960 summopere
929 3888 1038 3944 nostre
1058 3877 1228 3960 dirigimus
1248 3876 1345 3943 adec-

258 3972 354 4038 tiouis
391 3973 541 4050 intuitus,
581 3987 613 4040 ut
651 3977 744 4042 nobis
775 3995 813 4043 cu
849 3979 913 4044 aito
949 3978 1157 4044 commissum
1192 3976 1343 4043 attentius

257 4071 390 4152 impiere
417 4073 580 4153 possimus
602 4075 754 4152 officium,
773 4088 804 4142 ct
828 4077 911 4143 inter
934 4079 1104 4144 uniuersos
1129 4085 1240 4144 nostre
1267 4075 1344 4157 vigi-

255 4169 353 4237 lantie
374 4172 515 4237 creditos
531 4173 710 4256 jurgiorum
733 4177 1040 4258 contentionumque
1055 4176 1189 4242 semotis
1212 4171 1340 4256 dispen-
