3236 4944
742 425 925 508 a-exl-

290 613 399 696 bursis
414 637 445 696 et
460 635 529 695 erat
544 623 607 695 tale
621 627 707 712 quod
723 627 825 695 voluit
840 627 960 696 habere
971 626 1053 693 duas
1065 627 1182 693 bursas
1198 642 1216 692 a
1232 625 1380 709 quolibet

291 728 527 813 promouendo.

335 851 348 889 x
365 829 468 909 Super
483 828 875 910 primoeonclusumluita
886 827 1070 910 pluralitate
1082 828 1167 910 quud
1182 843 1246 893 non
1260 827 1381 910 placuit

291 944 484 1009 responsum
517 928 700 993 cancellarii
727 928 785 993 sed
812 929 896 1009 quod
928 927 988 992 silui
1021 935 1264 1009 presentaretur
1296 925 1380 992 alius

290 1027 405 1092 modus
421 1027 547 1092 scilicet
563 1028 647 1110 quod
665 1027 759 1092 ambo
775 1027 872 1093 simul
893 1026 1129 1093 substituerent
1144 1025 1380 1094 vicecancella-

290 1126 372 1189 rium
396 1127 553 1192 lamosum
570 1127 672 1191 virum
696 1127 862 1193 doctorem
887 1125 1049 1208 theologie
1065 1125 1118 1207 qui
1136 1141 1272 1207 presens
1288 1134 1379 1192 esset

291 1225 321 1289 in
339 1226 484 1291 examine
506 1235 536 1291 et
551 1225 726 1291 officiarios
748 1243 827 1292 suos
843 1226 1057 1292 constitueret
1072 1225 1124 1308 qui
1143 1225 1327 1292 inducendo
1345 1225 1378 1290 in

291 1325 459 1405 presencia
475 1341 587 1391 eorum
604 1326 737 1391 haberet
752 1326 947 1392 concludere
962 1343 980 1390 a
996 1325 1191 1406 pluralitate,
1209 1341 1281 1390 curu
1298 1341 1376 1406 pro·

290 1424 467 1490 testacicne
490 1433 595 1490 tamen
617 1426 658 1490 de
681 1441 745 1490 non
765 1426 1040 1492 contraueuiendo
1056 1425 1156 1507 priori
1172 1423 1375 1491 conclusioni

290 1523 414 1588 scilicet
428 1523 469 1589 de
485 1523 590 1589 dando
607 1523 736 1590 bursam
752 1542 824 1591 curn
842 1523 945 1591 media
962 1533 1024 1591 etc.

335 1653 481 1720 »Eodem
509 1656 561 1720 die
586 1655 729 1722 intimata
757 1657 815 1723 luit
842 1659 1021 1739 precedens
1047 1657 1216 1723 conclusio
1242 1657 1377 1724 domino

193 1775 196 1787 ·
290 1755 493 1827 cancellario,
511 1772 572 1836 qua
589 1757 694 1819 audita
711 1757 878 1838 respondit
895 1758 979 1840 quod
996 1757 1097 1822 voluit
1114 1773 1242 1822 manere
1259 1757 1289 1820 in
1308 1755 1379 1820 suis

291 1853 438 2018 ιενιῐηίιηῑῗ
452 1853 569 2017 ‹letjure
585 1865 646 1921 etc.
670 1859 746 1922 licta
771 1856 933 1922 lucultatis
955 1856 1071 1922 artium
1096 1857 1134 1920 lt
1159 1856 1261 1920 martii
1283 1853 1377 1932 1436,

290 1970 355 2019 vo.
398 1955 613 2030 ‚o.l54r⁰.

333 2111 347 2150 r
366 2088 494 2154 Decima
511 2106 594 2154 nona
610 2090 662 2156 die
678 2089 823 2156 eiusdem
840 2089 962 2154 mensis
979 2088 1061 2155 lacta
1084 2088 1144 2154 luit
1158 2087 1378 2170 congregacio

291 2186 450 2254 facultatis
476 2189 591 2254 artium
616 2197 689 2271 post
713 2188 870 2254 lectiones
893 2187 1061 2254 doctorum
1084 2204 1140 2269 per
1161 2187 1376 2268 jurameutum

290 2303 389 2369 super
404 2287 532 2353 duobus
548 2288 714 2352 articulis:

334 2411 347 2448 r
365 2387 491 2452 Primus
504 2394 571 2452 erat
583 2404 622 2451 an
638 2388 759 2468 placeat
771 2386 911 2452 lacultati
922 2387 1007 2468 quod
1022 2393 1230 2467 temptatores
1242 2394 1377 2466 tempta-

290 2493 339 2550 tos
353 2487 606 2552 etadmittendos
616 2485 941 2568 priusquamdomino
949 2485 1144 2551 cancellario
1151 2492 1378 2566 presentemur

289 2587 440 2652 ordinent
456 2587 562 2652 locent
577 2595 608 2652 et
624 2595 738 2652 vocent
750 2595 805 2650 ant
816 2586 902 2667 quod
916 2585 1048 2652 eosdem
1061 2587 1131 2651 sine
1143 2585 1259 2650 ordine
1271 2584 1376 2650 eidam

289 2685 328 2750 ad
355 2701 486 2751 examen
519 2702 576 2766 pro
607 2685 740 2751 licencia
768 2693 953 2766 presentent
982 2693 1103 2750 attento
1129 2683 1215 2767 quod
1242 2683 1376 2748 facultas

289 2784 462 2867 aliquando
479 2803 535 2850 eos
552 2785 670 2850 locauit
685 2795 717 2849 et
732 2786 901 2866 nucusque
915 2786 1001 2849 omni
1015 2801 1100 2850 anno
1112 2783 1323 2866 protestando
1334 2782 1376 2847 de

292 2900 355 2949 uon
385 2885 567 2949 recedendo
596 2901 612 2948 e
640 2885 713 2964 jnre
743 2884 888 2965 permisit
918 2893 952 2948 ut
980 2884 1130 2949 dominus
1161 2881 1376 2950 cancellarius

290 2983 421 3048 eosdem
438 2987 558 3050 locaret
576 2993 607 3049 et
621 2993 764 3049 voearet.

334 3081 524 3157 »Quantum
547 3083 586 3147 ad
605 3081 747 3164 primurn
769 3083 872 3149 voluit
893 3093 923 3148 et
946 3083 1108 3149 conclusit
1130 3082 1264 3148 facultas
1287 3081 1374 3164 quod

290 3191 498 3263 temptatores
508 3182 636 3247 nomine
650 3183 1004 3248 facultatisordinarent
1016 3182 1162 3248 locarent
1172 3191 1204 3247 et
1217 3182 1374 3263 premissa

290 3281 467 3348 collacione
490 3283 699 3363 solempniter
721 3293 885 3350 vocarent.
909 3283 998 3359 Quod
1025 3293 1137 3364 postea
1161 3300 1218 3365 per
1239 3282 1372 3349 eosdem

289 3382 471 3448 executioni
488 3383 670 3447 mandatum
687 3391 747 3448 est.

333 3504 346 3542 u
365 3481 486 3547 Eodem
508 3483 561 3547 die
585 3483 756 3563 repuisiuit
782 3483 916 3548 incultas
943 3484 1100 3548 decanum
1128 3483 1165 3547 ad
1196 3483 1372 3549 laciendum

288 3581 578 3663 corrgreguoionem
600 3599 698 3662 super
719 3581 856 3647 articulo
887 3581 1080 3663 sequenti.»
1109 3585 1186 3648 ncta
1214 3581 1374 3647 facultatis

288 3678 403 3744 artium
420 3679 459 3743 le
475 3681 579 3745 martii
596 3680 688 3756 1436,
709 3681 732 3757 Ι,
751 3679 805 3745 iol.
824 3681 884 3744 -ttt
900 3689 944 3744 r⁰.

330 3811 487 3878 vicesima
503 3813 555 3878 die
571 3813 714 3879 eiusdem
731 3811 854 3878 mensis
870 3812 989 3877 indicta
1005 3813 1062 3878 luit
1078 3814 1292 3896 congregacio
1316 3829 1374 3895 per
1425 3819 1427 3827 “

286 3905 503 3990 juramentum
519 3929 617 3994 super
631 3911 768 3977 articulo
785 3912 931 3992 sequenti
951 3929 958 3976 :

334 4011 412 4076 ndu
436 4012 559 4094 placeat
579 4029 637 4094 pro
660 4011 819 4078 facultatis
842 4021 873 4076 et
896 4013 1160 4091 promouencium
1178 4029 1373 4095 promouen-

288 4108 467 4193 dorumque
490 4111 613 4178 honore
637 4110 788 4178 ordinare
814 4109 918 4191 aliqua
939 4110 1119 4192 juramenta
1142 4113 1371 4178 concernentia

288 4211 524 4278 examinatores
547 4221 579 4278 ct
601 4211 841 4293 promouendos
864 4221 895 4276 et
917 4227 975 4292 pro
998 4227 1082 4278 anno
1105 4212 1248 4294 presenti
1263 4223 1295 4279 et
1310 4229 1371 4296 pro

289 4311 416 4380 futuris.
448 4311 487 4378 lit
515 4311 676 4382 conclusit
704 4311 838 4379 facultas
866 4311 999 4378 omuino
1028 4312 1114 4396 quod
1144 4311 1192 4379 sic
1221 4321 1253 4380 et
1282 4313 1372 4386 dedit
