3260 4944
785 554 825 565 —
849 517 971 583 358-

337 700 577 768 »concedimus
602 709 635 767 et
660 700 910 782 indulgemus.»
934 699 1063 766 Summa
1089 697 1187 780 igitur
1213 697 1360 764 liectoris
1387 703 1420 765 et

334 808 476 883 potestis
489 809 522 866 et
533 799 714 865 iurisdictio
727 807 787 879 est,
800 817 873 865 curn
886 799 990 864 civilis
1003 809 1069 863 tum
1081 797 1269 871 criminalis
1283 798 1367 879 qood
1382 813 1419 863 ea

335 895 1417 986 nascenteprimumAcademiaSedislloostolicuevoluntaslucrlt,

333 1007 366 1065 et
379 998 568 1064 Brsbantiae
578 997 670 1064 ducis
683 997 753 1063 iure
768 997 855 1062 omni
867 1015 928 1063 suo
944 1012 1019 1062 sese
1031 995 1209 1061 abdicantis
1223 995 1417 1060 mandatum.

333 1098 458 1180 Quipoe
470 1097 501 1162 in
514 1097 571 1163 illc
584 1097 830 1163 cessionissuae
844 1096 1019 1176 diplomate
1032 1093 1264 1160 correctionem
1277 1111 1418 1171 omnem,

334 1197 533 1278 punitionem
563 1205 595 1262 et
624 1197 840 1262 onrnirnodarn
870 1195 1123 1261 iurisdictionem
1158 1193 1195 1258 ad
1229 1195 1419 1260 Academiae

335 1295 505 1362 Rectorem
517 1295 681 1377 pertinere
697 1297 777 1372 volt,
790 1303 939 1360 aeratam
953 1293 1136 1376 esseJ'ubet.
1157 1315 1170 1353 ι
1186 1293 1290 1370 Nulla,
1306 1293 1420 1374 inquit,

337 1415 352 1456 s
370 1393 464 1460 nobis
477 1393 638 1461 nostrisve
649 1393 937 1461 successoribuset
948 1391 1256 1460 officiatislacultate
1267 1401 1299 1457 et
1310 1385 1422 1458 sutlrc·

338 1493 464 1559 »ritate
488 1494 614 1576 penitus
636 1503 811 1569 reservata,
828 1493 869 1558 de
891 1491 999 1558 causis
1022 1501 1054 1557 et
1076 1491 1214 1573 negotiis
1238 1489 1421 1556 huiusmodi

338 1593 599 1675 recognoscendi,
627 1594 697 1658 sive
722 1593 776 1657 illa
802 1592 1018 1657 dirimendi»
1047 1591 1148 1656 Porro
1171 1591 1224 1672 qui
1249 1589 1366 1656 lieotor
1392 1601 1424 1655 et

268 1701 277 1722 ⁸
335 1706 506 1773 supremus
531 1689 722 1757 Academiae
745 1691 839 1756 iudex
862 1700 923 1765 est,
949 1691 976 1755 si
1001 1689 1253 1755 iurisconsultus
1277 1705 1341 1756 uon
1367 1690 1421 1763 sit,

334 1803 536 1855 assessorem
553 1789 615 1854 sibi
632 1791 853 1871 iurisperitum
877 1789 976 1871 eligit,
995 1789 1089 1870 eique
1112 1789 1143 1851 in
1167 1788 1423 1853 administranda

335 1887 455 1952 iustitia
479 1898 606 1969 praesto
627 1897 702 1953 sunt
726 1887 796 1953 lisci
820 1889 1005 1963 advocatus,
1024 1887 1191 1970 syndicus,
1210 1887 1417 1962 secretarius,

336 1995 513 2068 promotor.
544 1991 623 2052 Sunt
652 1997 684 2053 et
713 1988 745 2051 in
776 1987 846 2053 eius
877 1988 965 2053 curia
1000 1994 1249 2069 procuratores,
1281 1985 1422 2067 aliique,

335 2101 472 2168 quorum
487 2103 585 2167 opera
602 2086 633 2150 in
650 2086 779 2168 iudiciis
795 2087 984 2152 exercendis
1000 2085 1087 2150 utilis
1102 2093 1163 2151 cst.
1181 2107 1194 2146 r
1213 2085 1422 2162 Versumsus,

336 2185 506 2252 Academia
521 2185 734 2262 lucuniensis,
752 2185 803 2251 ud.
821 2183 933 2261 alters,
953 2185 1027 2249 Lon.
1047 2183 1138 2262 1667,
1157 2201 1209 2265 pp.
1229 2183 1335 2248 28-30.

379 2317 423 2382 lle
445 2316 594 2382 tribunali
612 2317 760 2382 Rectoris
783 2317 863 2384 haec
886 2316 1080 2382 ordinabant
1098 2317 1221 2382 statuta
1237 2316 1423 2380 Academiae

337 2417 535 2597 ἓὲἕαὲιέξηῖιὶε
557 2417 650 2498 (apud
675 2417 834 2494 Motttttttt,
861 2417 943 2481 llist.
968 2417 1101 2491 Loucu„
1125 2414 1178 2481 ed.
1204 2415 1249 2480 lle
1265 2414 1355 2490 llam,
1377 2414 1416 2491 ΙΙ,

574 2697 618 2760 lle
640 2696 735 2778 officio
758 2705 788 2760 et
803 2696 1017 2777 jurisdictione
1037 2697 1189 2761 Rectotu's.

380 2845 408 2909 l.
434 2845 640 2926 necnonque
656 2843 1169 2926 dieelectusetassumotuserit,
1183 2841 1222 2907 ad
1239 2859 1275 2908 sc
1292 2843 1424 2922 recipiat

337 2941 455 3008 librum
478 2951 672 3011 statutorum
696 2952 726 3010 et
750 2944 1028 3020 intitulandorum,
1049 2944 1230 3026 sigillaqoe,
1255 2941 1367 3008 cistam
1391 2953 1424 3008 et
1533 2987 1534 2992 ,

336 3041 447 3108 claves
462 3051 656 3120 rectoratus,
675 3044 852 3128 eademque
868 3043 1005 3112 lideliter
1021 3043 1194 3110 custodiat.

379 3173 410 3236 2.
435 3172 470 3236 ln
502 3174 648 3254 prandio,
680 3177 765 3257 qood
805 3176 858 3241 die
895 3175 1065 3242 electionis
1094 3175 1213 3240 Rector
1250 3173 1423 3247 exhibebit,

338 3271 503 3338 moderate
527 3273 693 3354 inpensum
713 3275 807 3341 iaciat
830 3293 888 3357 pro
905 3274 1060 3357 temporis
1084 3275 1247 3356 qualitate,
1266 3275 1304 3337 ad
1329 3289 1424 3354 quern

339 3368 539 3436 Universitas
556 3373 702 3440 conteret
718 3375 849 3455 triginta
864 3391 922 3441 sex
937 3373 1091 3439 llorenos.

379 3501 410 3568 3.
436 3501 555 3569 ltector
567 3513 688 3586 partem
702 3507 891 3574 muletarum
906 3507 1025 3571 nullam
1039 3505 1207 3588 percipiat,
1221 3520 1322 3586 eaque
1336 3520 1423 3584 pars,

338 3617 420 3682 quae
436 3619 474 3666 ex
492 3602 618 3668 mulctis
634 3605 710 3669 olim
727 3605 854 3671 Rectorl
870 3605 1016 3682 cedebat,
1034 3607 1126 3670 cedat
1142 3603 1359 3670 Universitati.

380 3733 410 3796 i.
437 3734 555 3801 Rector
571 3747 659 3803 veste
676 3738 771 3820 longa
786 3755 858 3804 curn
875 3738 1009 3818 capucio
1027 3736 1174 3802 recturali
1193 3735 1320 3816 publice
1337 3735 1423 3799 ince-

340 3830 405 3906 dat,
424 3833 698 3916 subsequentibus
714 3839 842 3902 duobus
860 3835 1028 3900 ministris.

380 3963 412 4026 d.
436 3965 554 4032 licetur
576 3968 616 4032 ab
638 3969 758 4051 oppido
775 3968 965 4034 lovaniensi
990 3969 1071 4033 ultra
1096 3983 1191 4032 unam
1207 3973 1334 4030 noctem
1361 3981 1423 4030 non

340 4061 436 4138 absit,
453 4065 515 4129 nisi
540 4083 579 4132 ex
602 4068 735 4150 speciali
761 4067 920 4150 permissu
943 4074 974 4133 et
997 4067 1124 4132 licentia
1148 4063 1425 4140 Universitntis;n

339 4176 402 4242 qua
432 4179 489 4244 pro
521 4173 666 4247 tempore
695 4167 859 4232 absentiae
890 4167 1086 4232 vice-rector
1115 4163 1342 4240 constituatur,
1371 4163 1425 4245 qui

338 4258 533 4328 rice-rector
552 4264 638 4345 juret
662 4282 769 4330 coram
786 4265 1001 4332 Universitate
1023 4263 1164 4331 cilicium
1188 4277 1281 4330 suum
1305 4277 1341 4328 se
1356 4261 1426 4328 dili·

340 4365 454 4444 genter
468 4371 691 4434 executurum.
