3246 4944
706 481 893 549 -odu-

295 665 419 731 Dictum
451 666 615 730 decretum
654 683 716 731 non
754 677 912 746 servatur,
944 678 975 734 et
1014 685 1097 732 unus
1133 666 1261 730 illorum
1299 665 1337 729 ab

251 781 334 829 anno
362 761 441 826 tulo
467 762 586 843 incepit
611 772 642 827 et
669 765 805 829 necdum
832 767 980 832 absolvit.
1007 765 1085 828 llinc
1112 763 1229 827 dicitur
1255 764 1337 828 inter

251 861 416 928 studiosos
440 862 582 943 quodsi
606 863 678 943 quis
698 871 761 928 tota
785 881 842 929 sua
865 867 929 931 vita
954 867 1170 946 trequentarct
1192 862 1336 942 publicas

251 961 393 1056 scholas,
412 977 572 1042 nunquam
590 961 680 1028 lieret
696 964 865 1046 theologus
882 973 935 1030 aut
947 964 1073 1050 iurista.

294 1116 480 1198 Suggeritur
503 1134 561 1198 pro
584 1119 726 1184 remedio
751 1129 782 1184 ut
805 1120 835 1183 in
853 1121 935 1186 leste
954 1119 1102 1193 Bavonis,
1120 1118 1247 1200 quando
1264 1126 1337 1198 post

184 1264 185 1270 1
252 1214 500 1297 publicationem
516 1223 708 1280 statutorum
725 1217 949 1283 Universitatis
972 1228 1004 1283 ct
1026 1218 1204 1282 orationem
1228 1215 1334 1296 auspi-

251 1315 352 1378 calcm
383 1331 441 1396 per
469 1313 613 1379 bedellos
644 1316 847 1395 publicantur
877 1318 1027 1381 materiae
1058 1315 1288 1397 praelegendae
1318 1331 1335 1377 a

251 1414 387 1494 singulis
415 1415 655 1495 prolessoribus
682 1416 713 1480 in
742 1433 931 1499 unaquaque
960 1417 1119 1491 facultate,
1143 1414 1205 1478 boc
1230 1414 1334 1494 ipsum

252 1529 268 1576 a
292 1513 466 1578 secretario
490 1513 712 1579 Universitatis
732 1515 763 1578 in
788 1517 920 1597 speciali
937 1517 1075 1597 registro
1093 1523 1273 1586 notaretur;
1292 1521 1333 1587 et,

252 1612 279 1676 si
306 1629 390 1677 anno
416 1613 543 1678 evoluto
574 1614 752 1679 inveniatur
778 1615 922 1683 delectus
949 1615 1048 1678 luisse
1075 1613 1104 1676 in
1132 1611 1279 1676 docendo
1304 1623 1335 1676 et

251 1711 458 1786 absolvendo,
485 1713 649 1792 professor
673 1713 880 1780 mulctaretur
903 1731 959 1796 per
984 1711 1253 1778 substractionem
1277 1709 1333 1773 sti·

251 1810 356 1892 pendii
373 1820 426 1876 aut
443 1812 542 1892 partis
558 1811 656 1876 illius.

291 1910 381 1986 Quod
404 1911 600 1976 conveniens
624 1911 798 1977 remedium
819 1913 958 1976 luturum
975 1909 1135 1983 existimo,
1153 1918 1185 1974 el
1200 1909 1332 1973 mulcta-

251 2009 295 2074 tio
318 2009 481 2075 stimulum
504 2009 590 2074 dabit
611 2009 817 2086 absolvendi;
838 2012 923 2094 quod
950 2027 1034 2075 nunc
1058 2007 1237 2090 negligitur,
1259 2008 1333 2089 quia

251 2109 456 2188 professores
471 2125 488 2172 a
505 2109 631 2174 nemine
647 2110 832 2176 incitantur.
1216 2100 1220 2109 '

776 2285 806 2347 9.

290 2429 368 2495 ltem
396 2430 521 2495 ordinat
545 2431 689 2495 Visitulio
716 2441 749 2494 ut
775 2432 924 2512 praedicti
947 2435 1134 2514 proteramus
1160 2431 1334 2494 rcsdndnnt

247 2531 376 2592 uitulum
385 2529 613 2611 philosophicus
625 2533 869 2611 quaestiones...
880 2532 1080 2612 studeuulpuc
1094 2532 1183 2609 fidem
1198 2535 1333 2592 eleutrum

249 2647 308 2691 trun
338 2636 401 2691 lom
427 2629 645 2711 philosophicis
673 2631 861 2711 capementis
890 2648 982 2712 quoru
1007 2630 1176 2710 seripturis
1205 2630 1333 2702 curretis,

251 2729 378 2792 Petrum
397 2730 578 2794 testimoniis
592 2737 621 2793 et
638 2730 772 2793 deductis
787 2748 825 2792 eac
840 2729 887 2792 bis
903 2728 1070 2792 rationibus
1083 2731 1219 2809 firmare.

293 2883 349 2949 Est
364 2885 493 2968 querela
511 2885 593 2950 inter
609 2887 759 2951 doctores
778 2885 959 2966 theologos,
977 2885 1074 2966 quod,
1092 2900 1163 2949 cum
1180 2892 1337 2949 currantur

252 2982 356 3047 dictae
386 2983 590 3048 ordenationi
617 2985 814 3060 satisfacere,
839 2992 969 3050 sanctos
997 2985 1106 3048 Patres
1132 2993 1163 3047 et
1189 2992 1334 3046 sanctum

252 3082 463 3164 augustinum
490 3084 582 3164 scuni
608 3094 639 3148 et
665 3084 793 3159 docere,
812 3085 1020 3148 traducantur
1046 3099 1104 3164 pro
1127 3083 1334 3162 janscnistis;
1448 3165 1452 3174 1

251 3191 293 3256 et,
312 3182 386 3243 dum
414 3181 549 3261 alicuius
576 3183 809 3262 promotionem
834 3199 871 3245 ex
897 3181 1045 3245 facultate
1068 3180 1226 3260 quispiam
1249 3180 1337 3259 cupit

250 3278 419 3359 impedire,
438 3287 557 3342 tantum
575 3279 714 3361 allegare
738 3280 853 3344 debeat
876 3296 950 3344 esse
969 3278 1192 3359 jansenistam,
1210 3287 1241 3342 et
1263 3295 1334 3343 cum

250 3375 1334 3460 detrimentobonipublicictEcclesiaeapromotioneexcludantur.

292 3539 449 3609 Quantum
479 3535 657 3617 intelligere
687 3537 786 3617 potui,
810 3534 935 3599 videtur
964 3534 1025 3598 Sua
1052 3534 1209 3597 Sanctitas
1239 3533 1335 3597 setis-

252 3634 420 3698 lectionem
452 3635 571 3699 babere
600 3651 698 3715 super
727 3633 872 3698 doctrina
904 3632 1063 3698 lacultatis
1093 3631 1274 3710 theologiae
1303 3641 1335 3697 ct

250 3741 450 3815 praetensam
483 3734 637 3798 maculam
665 3733 853 3815 jatrsenismi
884 3731 924 3795 ab
956 3731 1008 3794 illa
1036 3729 1213 3796 abstersam
1240 3747 1331 3805 csse;

248 3841 420 3912 eapropter
447 3832 473 3896 si
502 3832 585 3912 quis,
611 3832 683 3896 data
709 3831 893 3906 occasione,
917 3829 1055 3911 aliquem
1073 3829 1114 3915 in
1141 3828 1333 3910 acquirenda

247 3929 451 4010 promotione
467 3931 527 3995 sub
544 3938 708 4010 praetextu
722 3928 912 4011 jansenismi
927 3927 1190 4009 impedimentum
1205 3927 1335 4009 injicere

247 4039 481 4109 praesumeret,
500 4039 643 4110 putarem
661 4030 856 4094 turbatorem
875 4027 991 4108 publici
1015 4026 1089 4092 boni
1114 4027 1208 4091 talem
1233 4044 1250 4092 a
1272 4029 1334 4093 Sua

246 4127 412 4210 Maiestate
441 4129 649 4210 rejiciendum
676 4127 891 4208 essedoque
918 4127 1144 4192 animabuntur
1164 4126 1202 4189 ad
1220 4125 1334 4191 lortius

248 4227 461 4292 insistendum
492 4227 649 4292 doctrinis
678 4236 862 4292 sanctorum
903 4227 1027 4291 Petrum
1049 4233 1093 4313 cl
1128 4224 1333 4306 adimplendo

248 4326 336 4392 dicto
352 4326 483 4393 decreto
499 4326 708 4392 visitationis.
