3240 4946
734 479 920 544 -eal-

323 727 541 792 Ordinutiones
558 729 712 790 curiorum
726 729 879 808 maquifici
894 726 1009 790 (lamini
1022 728 1156 791 Rectotls
1172 733 1198 790 et
1210 725 1367 790 lacerandi

278 827 394 889 domici
418 827 644 890 Cotasetnclort's
667 827 893 908 priuilepiorum
917 827 1016 890 almae
1035 827 1248 890 dirriunsr'tatis
1269 826 1365 890 studii

277 926 427 1006 qeitetulis
443 927 547 1008 oppidi
566 927 776 990 lovaniensis.

320 1091 479 1155 durannus
495 1098 527 1157 et
543 1089 709 1156 Eutsnnmn
725 1091 822 1156 Cunna
839 1091 982 1169 undans,
1000 1089 1225 1174 Hispaniarum
1243 1089 1361 1165 liliam,

279 1190 334 1255 liei
359 1189 460 1272 gratia
476 1189 678 1256 archiduces
702 1190 860 1267 lustriae,
880 1191 984 1256 Duces
1008 1189 1223 1271 Burgundiae,
1248 1189 1364 1254 Lollia-

278 1288 412 1370 ringiae,
444 1287 645 1363 Brabantiac,
677 1289 855 1370 limburgi,
886 1288 1098 1370 Luxemburqi
1136 1297 1165 1353 et
1203 1287 1362 1363 Geldriac‚

278 1385 1361 1470 ComitesHabsburgi,Flaridriae,drtltesine,Burgundiae,Tirolis‚

279 1485 423 1562 Palatini,
455 1485 655 1563 ilollandiae,
690 1487 874 1564 zelandiae,
904 1487 1054 1554 Namnroi
1089 1496 1120 1553 et
1154 1485 1362 1566 zutphaniae,

279 1585 480 1651 marchiones
493 1587 576 1652 sacri
589 1586 603 1650 J
609 1587 720 1668 mperii
731 1587 877 1664 Romani,
889 1587 1014 1653 Domini
1030 1586 1160 1662 Frisiae,
1171 1585 1360 1660 Salinarum,

280 1683 468 1752 Mechliniae
484 1684 632 1759 civitatis,
649 1686 839 1767 oppidorum
857 1696 889 1752 et
906 1685 1056 1752 territorii
1073 1683 1219 1766 Traiecti,
1233 1683 1363 1749 Transi-

279 1783 432 1858 selaniae,
461 1793 492 1848 et
518 1783 742 1867 Groeningiae.
771 1784 926 1850 Omnibus
953 1793 983 1850 et
1010 1784 1146 1866 singulis
1176 1791 1362 1864 praesentes

279 1883 401 1948 litteras
425 1882 544 1948 visuris
572 1884 621 1949 vel
650 1884 808 1950 audituris
835 1883 983 1949 salutem.
1013 1883 1276 1964 Quandoquidem
1307 1899 1365 1964 per

280 1981 528 2062 commissarios
548 1989 690 2059 nostros,
708 2000 790 2065 quos
812 1985 849 2048 ad
867 1984 1056 2049 visitandam
1073 1992 1214 2047 nostram
1231 1981 1364 2046 Univer-

281 2081 406 2146 sitalem
424 2080 655 2147 lovaniensem
672 2081 915 2156 destinavimus,
934 2090 1132 2164 compertum
1150 2090 1199 2146 est
1217 2097 1253 2146 ac
1270 2079 1364 2144 nobis

282 2179 509 2262 significatum,
527 2181 675 2246 Rectoris
696 2190 725 2247 et
742 2179 986 2246 conservatoris
1007 2180 1111 2246 diotae
1129 2179 1363 2252 Universitatis‚

281 2295 407 2344 necnon
423 2278 563 2360 quinque
577 2279 592 2342 J
598 2279 725 2352 udicum
740 2280 988 2362 appellationum
1012 2279 1050 2344 ad
1067 2296 1149 2360 quos
1173 2295 1190 2342 a
1206 2278 1365 2343 sententia

281 2377 428 2443 Rectoris
451 2378 640 2460 appellatur,
659 2379 846 2444 latissimam
870 2395 943 2444 esse
962 2377 1233 2460 jurisdictionem,
1252 2392 1362 2440 ncces·

280 2475 400 2541 sarium
429 2477 560 2542 omnino
591 2494 664 2544 esse
690 2477 905 2558 judicavimus
935 2477 1088 2559 quasdam
1119 2477 1205 2558 leges
1235 2475 1364 2540 ordina·

282 2578 452 2659 tionesque
474 2577 651 2660 praefigere
674 2580 711 2644 ad
737 2579 896 2644 sinceram
921 2579 1203 2660 incorruptamque
1222 2575 1365 2659 justitiae

281 2675 603 2755 administrationem,
633 2695 670 2743 ac
700 2677 738 2742 ad
768 2679 1001 2744 abbreviandas
1036 2678 1121 2752 lites,
1154 2684 1366 2757 sumptusque

284 2774 474 2840 minuendos
512 2775 721 2857 pertinentes,
750 2793 830 2858 quas
867 2785 929 2842 tam
967 2776 1083 2841 Rector
1120 2789 1213 2856 quam
1251 2771 1365 2852 reliqui

283 2873 386 2940 dictae
409 2874 633 2940 Universitatis
654 2875 783 2942 iudices
800 2876 830 2939 in
848 2876 917 2941 suis
936 2873 1148 2940 tribunalibus
1164 2871 1368 2938 exactissime

284 2974 457 3042 observare
473 2983 505 3040 et
519 2975 610 3056 sequi
634 2983 814 3041 teneantur.
833 2975 879 3040 Ad
902 2991 994 3056 quem
1019 2974 1114 3038 tinem
1138 2970 1366 3052 subsequentia

284 3071 490 3138 strictissime
505 3072 702 3148 ordinamus,
721 3073 891 3139 statuimus
908 3082 1001 3154 atque
1018 3070 1245 3154 praecipimus.

326 3237 349 3300 l.
375 3237 482 3304 Primo
512 3238 619 3320 itaque
648 3238 797 3304 volumus
832 3245 927 3320 atque
958 3237 1157 3310 mandamus,
1190 3243 1224 3300 ut
1257 3231 1366 3298 citatio

284 3353 412 3416 semper
433 3337 471 3402 ad
494 3353 665 3418 personam
689 3337 755 3414 fiat,
773 3337 800 3401 si
816 3336 985 3402 commode
1008 3335 1141 3414 reperiri
1163 3337 1267 3414 potest
1283 3320 1367 3411 (puta

283 3435 365 3499 intra
395 3436 546 3517 oppidum
576 3435 626 3500 vel
657 3451 772 3517 pagum
803 3435 953 3509 existens)
983 3444 1013 3499 et
1042 3435 1081 3498 ad
1112 3449 1184 3498 cum
1213 3441 1299 3495 tutus
1326 3431 1368 3494 sit

285 3549 450 3608 accessus
469 3551 528 3599 nec
544 3533 598 3598 siat
613 3534 651 3598 ad
672 3533 867 3599 domicilium
886 3533 946 3597 nisi
966 3549 1103 3613 persona
1122 3531 1209 3613 prius
1225 3527 1367 3610 quaesita

283 3631 332 3712 lde
358 3649 421 3713 quo
448 3633 501 3698 ilat
527 3632 647 3698 mentio
673 3633 704 3696 in
735 3633 916 3710 relationem
949 3632 1097 3712 idemque
1127 3631 1159 3694 in
1189 3629 1367 3694 litterarum

282 3731 415 3796 aliarum
433 3731 621 3797 executione
637 3731 840 3796 observetur.

325 3830 364 3893 il.
389 3831 458 3895 Non
484 3839 608 3912 reperta
632 3847 709 3896 vero
733 3845 870 3912 persona
894 3829 1097 3910 adhibitaque
1120 3827 1296 3908 diligentia,
1313 3826 1367 3889 fiat

283 3929 392 3993 citatio
419 3946 475 3995 seu
504 3930 638 3995 monitio
664 3937 694 3996 et
720 3930 918 3994 denuntiatio
945 3929 1047 4010 primo
1076 3928 1267 4002 moritum
1295 3925 1367 3988 aliis

283 4029 481 4109 domesticis,
499 4032 548 4098 vel
572 4049 683 4098 eorum
707 4031 814 4106 alicui,
833 4039 927 4110 prout
950 4031 1086 4112 quisque
1109 4044 1266 4109 personae
1289 4043 1367 4091 con-

279 4128 504 4210 junctissimus
520 4138 581 4208 est,
599 4139 629 4196 et
645 4125 761 4196 ibidem
778 4131 948 4209 reperitur.

326 4227 380 4290 lli.
404 4229 543 4310 Alioqui,
560 4230 647 4295 nullo
663 4229 749 4294 dorni
765 4229 814 4293 vel
832 4227 862 4289 in
879 4227 994 4291 vicinia
1012 4234 1150 4306 reperto,
1170 4225 1367 4306 relinquatur

282 4327 373 4409 eopia
389 4328 428 4394 ad
445 4329 706 4412 ostiumjdomus
724 4329 773 4395 rel
791 4326 973 4393 insinuetur
989 4325 1117 4390 vicinis.
