3100 4942
728 481 913 546 -138-

281 660 436 742 quodque
455 659 596 742 Magistri
621 662 774 728 Doctores
796 661 961 727 licentiati
985 673 1016 730 et
1038 662 1204 744 Bacallarij
1227 663 1261 727 in
1283 663 1372 729 dicto

284 759 430 840 legentes
456 769 488 824 et
513 769 662 842 regentes
687 777 725 825 ae
751 761 891 843 prelatos
917 763 1076 828 creandos
1101 772 1133 828 et
1154 763 1372 832 instituendos

281 857 499 924 canonicatus
514 869 545 924 et
561 859 740 940 prebendas
755 859 939 926 obtinentes
956 879 1014 944 pro
1027 870 1170 942 tempore
1183 879 1255 928 cum
1270 861 1371 927 resul-

286 956 428 1021 tantibus
450 973 487 1022 ex
511 957 765 1037 parrochialibus
786 958 935 1041 ecclesiis
958 960 1039 1024 ultra
1067 960 1232 1040 portiones
1259 961 1371 1026 buius·

286 1055 373 1121 modi
389 1067 484 1137 atque
499 1057 578 1122 alias
594 1057 691 1123 licitis
706 1059 812 1124 modis
831 1059 1036 1140 acquirendis
1059 1070 1166 1140 preter
1191 1070 1223 1124 et
1249 1060 1372 1141 absque

287 1155 350 1220 boc
362 1155 445 1236 quod
459 1155 577 1237 aliquid
592 1157 769 1238 percipiant
781 1158 822 1222 de
834 1159 945 1224 decern
958 1168 989 1224 et
1001 1167 1075 1223 octo
1094 1157 1099 1241 1
1118 1157 1370 1224 Canonicatuum

283 1261 319 1319 et
334 1253 567 1334 prebendarum
585 1256 799 1336 predictorum
821 1257 978 1322 fructibus
1001 1257 1178 1324 redditibus
1191 1268 1223 1323 et
1237 1273 1372 1337 prouen·

288 1353 373 1417 tibus
395 1354 536 1419 contenti
562 1371 691 1420 manere
713 1355 863 1432 debeant,
888 1373 926 1420 ac
947 1355 1028 1420 inira
1051 1365 1082 1422 et
1104 1366 1193 1421 extra
1217 1357 1372 1438 prelatum

287 1451 457 1517 ecclesiam
475 1453 577 1518 sancti
595 1454 677 1518 Petri
693 1471 765 1518 cum
790 1455 897 1519 babitu
921 1465 953 1520 et
976 1455 1133 1538 religione
1155 1471 1193 1519 ac
1215 1455 1287 1520 sine
1310 1455 1374 1518 illis

287 1549 450 1626 incedere,
475 1568 600 1617 necnon
623 1552 750 1618 stallum
774 1554 805 1616 in
828 1553 935 1618 Cboro
957 1554 1128 1636 locumque
1149 1563 1181 1619 et
1205 1571 1319 1619 uocem
1344 1555 1373 1617 in

288 1649 433 1730 Capitulo
450 1651 568 1717 babere
582 1669 620 1718 ac
637 1652 813 1734 priuilegijs
835 1654 1014 1720 nonoribus
1036 1654 1237 1719 libertatibus
1260 1654 1374 1717 immu-

288 1749 442 1815 nitatibus
464 1761 495 1815 et
517 1751 649 1816 indultis
669 1753 739 1833 qui·
759 1755 765 1830 l
784 1752 923 1818 buslibet
949 1754 980 1816 in
1007 1753 1157 1818 omnibus
1179 1763 1211 1817 et
1238 1752 1375 1834 singulis

288 1848 358 1929 pari
376 1849 472 1914 modo
487 1849 609 1931 absque
623 1851 809 1916 differenoia
825 1869 1016 1933 quacunque
1031 1852 1075 1917 uti
1098 1852 1158 1917 irui
1180 1859 1213 1916 et
1235 1852 1374 1934 gaudere

290 1948 418 2027 possint
440 1957 472 2012 et
494 1948 643 2024 debeant,
665 1950 759 2015 sicuti
783 1967 922 2030 persone
946 1953 1086 2030 prelatos
1108 1951 1219 2016 decem
1243 1960 1275 2015 et
1302 1959 1375 2015 octo

287 2045 505 2111 canonicatus
534 2057 565 2112 et
595 2049 776 2128 prebendas
805 2050 988 2115 obtinentes
1019 2067 1077 2130 pro
1105 2059 1251 2130 tempore
1281 2049 1376 2113 solite

290 2145 420 2210 luerunt
434 2157 466 2211 et
481 2147 634 2223 existunt,
651 2149 802 2214 incedere
817 2159 849 2215 et
864 2150 982 2214 bebere
997 2165 1034 2213 ae
1053 2149 1095 2213 uti
1113 2149 1173 2213 lroi
1190 2157 1222 2212 et
1236 2149 1378 2229 gaudere

289 2261 331 2309 ac
346 2245 431 2326 quod
448 2247 485 2310 ad
503 2247 650 2328 singulos
665 2248 824 2312 creandos
839 2259 870 2313 et
885 2248 1101 2313 instituendos
1117 2246 1332 2312 canonicatus
1348 2255 1378 2312 et

293 2361 366 2425 pre·
386 2344 391 2424 Ι
409 2345 532 2410 bendas
549 2346 697 2425 primaria
714 2347 796 2420 uice,
814 2355 846 2412 et
861 2347 977 2412 exinde
998 2345 1139 2428 blagistri
1163 2357 1194 2412 ct
1222 2345 1378 2411 Doctores

295 2443 467 2508 Liccnciati
496 2454 528 2509 et
558 2445 740 2527 Baeeailerij
769 2456 802 2512 ut
829 2447 998 2526 preter-tur,
1028 2463 1152 2512 necnon
1179 2445 1218 2509 ad
1246 2454 1314 2509 tres
1341 2459 1379 2508 ex

290 2541 405 2606 decern
431 2550 462 2607 et
487 2550 561 2608 octo
587 2543 835 2609 canonicatibus
861 2554 892 2609 et
914 2545 1086 2626 prebendis
1108 2544 1146 2608 ad
1173 2542 1377 2609 collationem

295 2640 514 2722 prouisionem
534 2644 648 2708 neceni
665 2653 696 2708 et
712 2643 847 2724 Capituli
864 2645 1062 2726 pertinentes
1077 2643 1261 2709 huiusmodi
1279 2641 1381 2707 Cano

295 2739 422 2804 nicetus
437 2751 467 2805 et
484 2741 663 2821 prebendas
678 2744 768 2808 acad
788 2743 966 2824 plebaniam
989 2743 1092 2824 ipsius
1115 2743 1254 2808 ecclesie
1277 2741 1379 2807 saneti

295 2839 380 2904 Petri
404 2842 566 2920 perpetuis
588 2843 703 2907 luluris
724 2845 924 2924 temporibus
943 2843 949 2926 Ι
968 2843 1118 2925 quotiens
1139 2843 1267 2907 illorum
1285 2857 1379 2906 unca-

294 2939 402 3004 tiones
414 2941 614 3005 occurrerint
627 2943 731 3006 solum
744 2952 776 3007 et
787 2943 940 3007 duntaxat
952 2959 989 3008 ac
1001 2942 1215 3022 inTlreologia
1230 2942 1381 3022 Magister

294 3039 349 3104 uel
362 3039 517 3105 formatus
536 3041 749 3106 Buccellarius
765 3043 797 3105 in
814 3043 900 3106 dicto
915 3042 1024 3107 studio
1039 3041 1185 3122 legentes
1202 3041 1251 3105 uel
1270 3057 1379 3120 regen·

296 3146 347 3203 tes
369 3155 427 3218 pro
449 3149 593 3220 temporo
614 3149 645 3204 et
666 3141 744 3206 nolli
767 3142 819 3222 aiij
838 3157 895 3222 per
911 3141 1182 3222 Burgimogistros
1201 3139 1294 3220 Opidi
1312 3155 1380 3219 pre·

297 3239 418 3302 sectari
435 3248 467 3302 et
483 3239 514 3301 in
531 3239 675 3318 plebania
691 3241 785 3304 cuius
800 3241 910 3321 viginti
928 3249 1002 3305 octo
1023 3257 1061 3304 ac
1083 3239 1187 3303 tribus
1209 3255 1247 3303 ex
1270 3239 1381 3302 decem

296 3345 331 3401 et
356 3347 430 3402 octo
456 3335 704 3404 canonicatibus
727 3349 759 3404 et
784 3339 956 3420 prebendis
979 3355 1115 3420 quorum
1140 3335 1367 3418 singulorum!

297 3434 452 3500 tredecim
470 3435 670 3500 marcharum
693 3437 815 3518 argenti
838 3437 962 3501 lruotus
985 3435 1130 3501 redditus
1151 3445 1182 3500 et
1206 3443 1384 3513 prouentus

296 3535 476 3598 secundom
489 3534 726 3601 extimationem
740 3537 913 3617 predictam
928 3535 1069 3600 ualerem
1082 3551 1222 3598 annuum
1238 3534 1383 3598 uteciam

298 3633 458 3696 asseritur
474 3649 538 3697 non
560 3635 717 3699 excedunt
740 3653 797 3716 per
812 3635 973 3700 Decanum
992 3643 1024 3699 et
1045 3633 1225 3715 Capitulum
1247 3632 1385 3698 ecclesie

298 3730 403 3794 sancti
428 3729 525 3805 Petri,
544 3733 575 3795 in
595 3734 733 3815 singulis
748 3751 878 3816 quoque
892 3734 1042 3799 creandis
1057 3744 1088 3798 et
1103 3731 1311 3797 instituendis
1328 3731 1385 3796 Ca-

301 3828 506 3894 nonicatlbus
521 3843 553 3895 et
568 3832 739 3912 prebendis
755 3833 938 3898 huiusmodi
962 3849 1019 3914 per
1032 3878 1041 3895 .
1056 3878 1064 3896 .
1079 3831 1232 3895 abbatem
1250 3830 1387 3895 Parcen-

302 3941 371 3990 sem
389 3927 576 3993 beodiensis
590 3931 743 4009 diocesis,
759 3933 808 3997 uel
820 3933 897 3998 Pre—
916 3931 922 4016 Ι
942 3933 1082 4014 positum
1096 3938 1207 3996 sancte
1220 3929 1388 3994 Gertrudis

300 4023 393 4105 Opidi
410 4028 627 4106 predictorum
647 4047 704 4111 per
725 4031 925 4112 Prepositum
947 4030 1119 4114 gubernari
1142 4029 1228 4094 soliti
1251 4029 1390 4093 dilectos

304 4121 391 4189 lilios
417 4126 486 4192 siue
512 4128 648 4194 eundem
675 4129 837 4195 Decanum
863 4131 901 4194 od
928 4147 1022 4212 quern
1046 4128 1142 4196 luerit
1165 4144 1223 4208 pro
1246 4135 1392 4208 tempore

302 4219 432 4288 babitus
454 4241 608 4290 recursus
632 4228 837 4306 presentandi
862 4237 895 4294 ut
918 4229 1078 4309 prefertur
1099 4225 1218 4292 totiens
1239 4225 1391 4306 quotiens
