<?xml version="1.0" encoding="UTF-8"?>
<!DOCTYPE html PUBLIC "-//W3C//DTD XHTML 1.0 Transitional//EN"
    "http://www.w3.org/TR/xhtml1/DTD/xhtml1-transitional.dtd">
<html xmlns="http://www.w3.org/1999/xhtml" xml:lang="en" lang="en">
 <head>
  <title>
</title>
<meta http-equiv="Content-Type" content="text/html;charset=utf-8" />
  <meta name='ocr-system' content='tesseract 3.04.00' />
  <meta name='ocr-capabilities' content='ocr_page ocr_carea ocr_par ocr_line ocrx_word'/>
</head>
<body>
  <div class='ocr_page' id='page_1' title='image "./documentsrelati00reusgoog_0239.png"; bbox 0 0 3194 4940; ppageno 0'>
   <div class='ocr_carea' id='block_1_1' title="bbox 18 3995 20 4154">
    <p class='ocr_par' dir='ltr' id='par_1_1' title="bbox 18 3995 20 4154">
     <span class='ocr_line' id='line_1_1' title="bbox 18 3995 20 4072; baseline 0 0"><span class='ocrx_word' id='word_1_1' title='bbox 18 3995 20 4072; x_wconf 90' lang='lat' dir='ltr'>l</span> 
     </span>
     <span class='ocr_line' id='line_1_2' title="bbox 18 4101 19 4154; baseline 0 0"><span class='ocrx_word' id='word_1_2' title='bbox 18 4101 19 4154; x_wconf 83' lang='lat' dir='ltr'>t</span> 
     </span>
    </p>
   </div>
   <div class='ocr_carea' id='block_1_2' title="bbox 664 461 849 525">
    <p class='ocr_par' dir='ltr' id='par_1_2' title="bbox 664 461 849 525">
     <span class='ocr_line' id='line_1_3' title="bbox 664 461 849 525; baseline -0.011 0"><span class='ocrx_word' id='word_1_3' title='bbox 664 461 849 525; x_wconf 79' lang='lat' dir='ltr'>-aer-</span> 
     </span>
    </p>
   </div>
   <div class='ocr_carea' id='block_1_3' title="bbox 167 629 1408 1218">
    <p class='ocr_par' dir='ltr' id='par_1_3' title="bbox 167 629 1408 1218">
     <span class='ocr_line' id='line_1_4' title="bbox 167 629 1403 726; baseline 0.003 -20"><span class='ocrx_word' id='word_1_4' title='bbox 167 704 169 712; x_wconf 88' lang='grc'>,</span> <span class='ocrx_word' id='word_1_5' title='bbox 198 641 281 706; x_wconf 81' lang='lat' dir='ltr'>siue</span> <span class='ocrx_word' id='word_1_6' title='bbox 303 642 475 719; x_wconf 84' lang='lat' dir='ltr'>extraneis,</span> <span class='ocrx_word' id='word_1_7' title='bbox 492 641 562 710; x_wconf 87' lang='lat' dir='ltr'>siue</span> <span class='ocrx_word' id='word_1_8' title='bbox 585 660 620 707; x_wconf 80' lang='lat' dir='ltr'>es</span> <span class='ocrx_word' id='word_1_9' title='bbox 646 641 766 708; x_wconf 87' lang='lat' dir='ltr'>nostris</span> <span class='ocrx_word' id='word_1_10' title='bbox 788 635 940 708; x_wconf 83' lang='lat' dir='ltr'>dominiis</span> <span class='ocrx_word' id='word_1_11' title='bbox 963 643 1125 720; x_wconf 85' lang='lat' dir='ltr'>oriundis,</span> <span class='ocrx_word' id='word_1_12' title='bbox 1143 629 1311 726; x_wconf 68' lang='lat' dir='ltr'>legitimis?</span> <span class='ocrx_word' id='word_1_13' title='bbox 1399 652 1403 658; x_wconf 86' lang='lat'>&#39;</span> 
     </span>
     <span class='ocr_line' id='line_1_5' title="bbox 210 739 1408 832; baseline 0.003 -27"><span class='ocrx_word' id='word_1_14' title='bbox 210 739 489 832; x_wconf 59' lang='lat' dir='ltr'>si‘uecillegitimis,</span> <span class='ocrx_word' id='word_1_15' title='bbox 507 741 636 806; x_wconf 86' lang='lat' dir='ltr'>domum</span> <span class='ocrx_word' id='word_1_16' title='bbox 660 741 812 822; x_wconf 76' lang='lat' dir='ltr'><strong>aliquam,</strong></span> <span class='ocrx_word' id='word_1_17' title='bbox 828 741 986 824; x_wconf 80' lang='lat' dir='ltr'>vergeria,</span> <span class='ocrx_word' id='word_1_18' title='bbox 1003 742 1118 808; x_wconf 87' lang='lat' dir='ltr'>hortos</span> <span class='ocrx_word' id='word_1_19' title='bbox 1142 759 1199 809; x_wconf 87' lang='lat' dir='ltr'>seu</span> <span class='ocrx_word' id='word_1_20' title='bbox 1226 761 1298 826; x_wconf 77' lang='lat' dir='ltr'>gar·</span> <span class='ocrx_word' id='word_1_21' title='bbox 1405 741 1408 752; x_wconf 83' lang='lat'>&#39;</span> 
     </span>
     <span class='ocr_line' id='line_1_6' title="bbox 211 837 1299 921; baseline 0.002 -17"><span class='ocrx_word' id='word_1_22' title='bbox 211 839 306 904; x_wconf 89' lang='lat' dir='ltr'>diuos</span> <span class='ocrx_word' id='word_1_23' title='bbox 327 837 408 902; x_wconf 85' lang='lat' dir='ltr'>inira</span> <span class='ocrx_word' id='word_1_24' title='bbox 420 839 551 921; x_wconf 89' lang='lat' dir='ltr'>opidum</span> <span class='ocrx_word' id='word_1_25' title='bbox 569 850 714 904; x_wconf 89' lang='lat' dir='ltr'>nostrum</span> <span class='ocrx_word' id='word_1_26' title='bbox 730 839 931 905; x_wconf 82' lang='lat' dir='ltr'>bononiense</span> <span class='ocrx_word' id='word_1_27' title='bbox 947 857 1004 904; x_wconf 88' lang='lat' dir='ltr'>seu</span> <span class='ocrx_word' id='word_1_28' title='bbox 1021 850 1123 917; x_wconf 87' lang='lat' dir='ltr'>extra,</span> <span class='ocrx_word' id='word_1_29' title='bbox 1142 857 1199 908; x_wconf 90' lang='lat' dir='ltr'>seu</span> <span class='ocrx_word' id='word_1_30' title='bbox 1216 841 1299 906; x_wconf 82' lang='lat' dir='ltr'>inira</span> 
     </span>
     <span class='ocr_line' id='line_1_7' title="bbox 212 925 1312 1026; baseline 0.002 -24"><span class='ocrx_word' id='word_1_31' title='bbox 212 938 412 1012; x_wconf 78' lang='lat' dir='ltr'>banleucam,</span> <span class='ocrx_word' id='word_1_32' title='bbox 430 955 486 1004; x_wconf 88' lang='lat' dir='ltr'>seu</span> <span class='ocrx_word' id='word_1_33' title='bbox 503 937 717 1015; x_wconf 85' lang='lat' dir='ltr'>scabinatum,</span> <span class='ocrx_word' id='word_1_34' title='bbox 737 957 795 1020; x_wconf 93' lang='lat' dir='ltr'>pro</span> <span class='ocrx_word' id='word_1_35' title='bbox 811 955 868 1004; x_wconf 90' lang='lat' dir='ltr'>sun</span> <span class='ocrx_word' id='word_1_36' title='bbox 885 939 1086 1005; x_wconf 80' lang='lat' dir='ltr'>recreatione</span> <span class='ocrx_word' id='word_1_37' title='bbox 1101 957 1158 1006; x_wconf 89' lang='lat' dir='ltr'>seu</span> <span class='ocrx_word' id='word_1_38' title='bbox 1177 925 1312 1026; x_wconf 55' lang='lat' dir='ltr'>babila?</span> 
     </span>
     <span class='ocr_line' id='line_1_8' title="bbox 214 1035 1301 1119; baseline 0.002 -19"><span class='ocrx_word' id='word_1_39' title='bbox 214 1035 311 1101; x_wconf 91' lang='lat' dir='ltr'>tionis</span> <span class='ocrx_word' id='word_1_40' title='bbox 336 1052 433 1100; x_wconf 87' lang='lat' dir='ltr'>causa</span> <span class='ocrx_word' id='word_1_41' title='bbox 458 1052 516 1115; x_wconf 93' lang='lat' dir='ltr'>pro</span> <span class='ocrx_word' id='word_1_42' title='bbox 542 1037 786 1116; x_wconf 88' lang='lat' dir='ltr'>preseruatione</span> <span class='ocrx_word' id='word_1_43' title='bbox 809 1038 858 1102; x_wconf 90' lang='lat' dir='ltr'>sui</span> <span class='ocrx_word' id='word_1_44' title='bbox 883 1053 1080 1119; x_wconf 86' lang='lat' dir='ltr'>suorumque</span> <span class='ocrx_word' id='word_1_45' title='bbox 1105 1039 1301 1104; x_wconf 87' lang='lat' dir='ltr'>seruiturum</span> 
     </span>
     <span class='ocr_line' id='line_1_9' title="bbox 217 1131 1373 1218; baseline 0.003 -19"><span class='ocrx_word' id='word_1_46' title='bbox 217 1131 274 1200; x_wconf 88' lang='lat' dir='ltr'>s&#39;eu</span> <span class='ocrx_word' id='word_1_47' title='bbox 291 1133 541 1200; x_wconf 85' lang='lat' dir='ltr'>domesticorum</span> <span class='ocrx_word' id='word_1_48' title='bbox 559 1148 703 1216; x_wconf 90' lang='lat' dir='ltr'>tempore</span> <span class='ocrx_word' id='word_1_49' title='bbox 721 1137 923 1216; x_wconf 89' lang='lat' dir='ltr'>pestilentico</span> <span class='ocrx_word' id='word_1_50' title='bbox 943 1137 1122 1218; x_wconf 70' lang='lat' dir='ltr'>acquirant,</span> <span class='ocrx_word' id='word_1_51' title='bbox 1141 1137 1302 1214; x_wconf 89' lang='lat' dir='ltr'>volumus,</span> <span class='ocrx_word' id='word_1_52' title='bbox 1372 1181 1373 1184; x_wconf 63' lang='lat'>,</span> 
     </span>
    </p>
   </div>
   <div class='ocr_carea' id='block_1_4' title="bbox 218 1233 1306 1512">
    <p class='ocr_par' dir='ltr' id='par_1_4' title="bbox 218 1233 1306 1512">
     <span class='ocr_line' id='line_1_10' title="bbox 218 1233 1304 1318; baseline 0.005 -21"><span class='ocrx_word' id='word_1_53' title='bbox 218 1233 422 1315; x_wconf 74' lang='lat' dir='ltr'><strong>indulgemus</strong></span> <span class='ocrx_word' id='word_1_54' title='bbox 444 1242 475 1299; x_wconf 93' lang='lat' dir='ltr'>et</span> <span class='ocrx_word' id='word_1_55' title='bbox 498 1251 554 1314; x_wconf 92' lang='lat' dir='ltr'>per</span> <span class='ocrx_word' id='word_1_56' title='bbox 579 1245 746 1314; x_wconf 73' lang='lat' dir='ltr'>presentes</span> <span class='ocrx_word' id='word_1_57' title='bbox 769 1235 948 1300; x_wconf 87' lang='lat' dir='ltr'>libertatem</span> <span class='ocrx_word' id='word_1_58' title='bbox 973 1237 1022 1300; x_wconf 91' lang='lat' dir='ltr'>eis</span> <span class='ocrx_word' id='word_1_59' title='bbox 1038 1235 1151 1300; x_wconf 84' lang='lat' dir='ltr'>damus</span> <span class='ocrx_word' id='word_1_60' title='bbox 1170 1237 1215 1301; x_wconf 67' lang='lat' dir='ltr'>‘de</span> <span class='ocrx_word' id='word_1_61' title='bbox 1232 1253 1304 1318; x_wconf 86' lang='lat' dir='ltr'>pre·</span> 
     </span>
     <span class='ocr_line' id='line_1_11' title="bbox 219 1331 1305 1415; baseline 0.001 -18"><span class='ocrx_word' id='word_1_62' title='bbox 219 1333 314 1398; x_wconf 84' lang='lat' dir='ltr'>(lictis</span> <span class='ocrx_word' id='word_1_63' title='bbox 336 1331 498 1408; x_wconf 89' lang='lat' dir='ltr'>domibus,</span> <span class='ocrx_word' id='word_1_64' title='bbox 516 1333 672 1412; x_wconf 84' lang='lat' dir='ltr'>vergeriis</span> <span class='ocrx_word' id='word_1_65' title='bbox 695 1349 752 1398; x_wconf 89' lang='lat' dir='ltr'>seu</span> <span class='ocrx_word' id='word_1_66' title='bbox 770 1334 885 1408; x_wconf 90' lang='lat' dir='ltr'>bortis,</span> <span class='ocrx_word' id='word_1_67' title='bbox 903 1349 1000 1415; x_wconf 87' lang='lat' dir='ltr'>posse</span> <span class='ocrx_word' id='word_1_68' title='bbox 1016 1333 1190 1415; x_wconf 82' lang='lat' dir='ltr'>disponere</span> <span class='ocrx_word' id='word_1_69' title='bbox 1206 1344 1305 1399; x_wconf 83' lang='lat' dir='ltr'>testa-</span> 
     </span>
     <span class='ocr_line' id='line_1_12' title="bbox 222 1431 1306 1512; baseline 0.005 -19"><span class='ocrx_word' id='word_1_70' title='bbox 222 1442 329 1496; x_wconf 87' lang='lat' dir='ltr'>mento</span> <span class='ocrx_word' id='word_1_71' title='bbox 346 1448 404 1496; x_wconf 91' lang='lat' dir='ltr'>seu</span> <span class='ocrx_word' id='word_1_72' title='bbox 421 1431 485 1495; x_wconf 89' lang='lat' dir='ltr'>alio</span> <span class='ocrx_word' id='word_1_73' title='bbox 507 1431 625 1512; x_wconf 82' lang='lat' dir='ltr'>quouis</span> <span class='ocrx_word' id='word_1_74' title='bbox 641 1433 738 1496; x_wconf 89' lang='lat' dir='ltr'>modo</span> <span class='ocrx_word' id='word_1_75' title='bbox 762 1432 792 1496; x_wconf 90' lang='lat' dir='ltr'>iu</span> <span class='ocrx_word' id='word_1_76' title='bbox 811 1431 920 1496; x_wconf 90' lang='lat' dir='ltr'>ultima</span> <span class='ocrx_word' id='word_1_77' title='bbox 937 1449 1048 1497; x_wconf 90' lang='lat' dir='ltr'>eorum</span> <span class='ocrx_word' id='word_1_78' title='bbox 1074 1434 1249 1506; x_wconf 87' lang='lat' dir='ltr'>uoluntate,</span> <span class='ocrx_word' id='word_1_79' title='bbox 1266 1433 1306 1498; x_wconf 85' lang='lat' dir='ltr'>ad</span> 
     </span>
    </p>
   </div>
   <div class='ocr_carea' id='block_1_5' title="bbox 151 1529 1307 1612">
    <p class='ocr_par' dir='ltr' id='par_1_5' title="bbox 151 1529 1307 1612">
     <span class='ocr_line' id='line_1_13' title="bbox 151 1529 1307 1612; baseline 0.004 -21"><span class='ocrx_word' id='word_1_80' title='bbox 151 1561 156 1568; x_wconf 68' lang='lat'><em>›</em></span> <span class='ocrx_word' id='word_1_81' title='bbox 221 1529 619 1595; x_wconf 74' lang='lat' dir='ltr'>fundationem&#39;dumtaxat</span> <span class='ocrx_word' id='word_1_82' title='bbox 638 1548 695 1595; x_wconf 93' lang='lat' dir='ltr'>seu</span> <span class='ocrx_word' id='word_1_83' title='bbox 714 1529 880 1594; x_wconf 79' lang='lat' dir='ltr'>utilitatem</span> <span class='ocrx_word' id='word_1_84' title='bbox 897 1529 1107 1612; x_wconf 83' lang='lat' dir='ltr'>collegiorum</span> <span class='ocrx_word' id='word_1_85' title='bbox 1126 1542 1307 1597; x_wconf 88' lang='lat' dir='ltr'>erectorum</span> 
     </span>
    </p>
   </div>
   <div class='ocr_carea' id='block_1_6' title="bbox 221 1629 1322 3094">
    <p class='ocr_par' dir='ltr' id='par_1_6' title="bbox 221 1629 1309 1792">
     <span class='ocr_line' id='line_1_14' title="bbox 221 1629 1309 1710; baseline 0.004 -18"><span class='ocrx_word' id='word_1_86' title='bbox 221 1630 292 1693; x_wconf 90' lang='lat' dir='ltr'>siue</span> <span class='ocrx_word' id='word_1_87' title='bbox 307 1629 545 1710; x_wconf 79' lang='lat' dir='ltr'>erigendorom.</span> <span class='ocrx_word' id='word_1_88' title='bbox 563 1645 621 1693; x_wconf 88' lang='lat' dir='ltr'>seu</span> <span class='ocrx_word' id='word_1_89' title='bbox 638 1629 772 1693; x_wconf 82' lang='lat' dir='ltr'>aliar-um</span> <span class='ocrx_word' id='word_1_90' title='bbox 790 1629 999 1693; x_wconf 85' lang='lat' dir='ltr'>ecelesiarum</span> <span class='ocrx_word' id='word_1_91' title='bbox 1017 1629 1048 1692; x_wconf 95' lang='lat' dir='ltr'>in</span> <span class='ocrx_word' id='word_1_92' title='bbox 1073 1629 1171 1710; x_wconf 90' lang='lat' dir='ltr'>opido</span> <span class='ocrx_word' id='word_1_93' title='bbox 1196 1638 1309 1696; x_wconf 88' lang='lat' dir='ltr'>nostro</span> 
     </span>
     <span class='ocr_line' id='line_1_15' title="bbox 224 1724 1302 1792; baseline 0 -2"><span class='ocrx_word' id='word_1_94' title='bbox 224 1727 415 1792; x_wconf 82' lang='lat' dir='ltr'>locauiensi</span> <span class='ocrx_word' id='word_1_95' title='bbox 431 1727 651 1792; x_wconf 86' lang='lat' dir='ltr'>existentium.</span> <span class='ocrx_word' id='word_1_96' title='bbox 1296 1724 1302 1737; x_wconf 85' lang='lat'>&#39;</span> 
     </span>
    </p>

    <p class='ocr_par' dir='ltr' id='par_1_7' title="bbox 226 1825 1322 3094">
     <span class='ocr_line' id='line_1_16' title="bbox 265 1825 1307 1906; baseline 0.001 -15"><span class='ocrx_word' id='word_1_97' title='bbox 265 1826 441 1902; x_wconf 83' lang='lat' dir='ltr'>Quocirca</span> <span class='ocrx_word' id='word_1_98' title='bbox 465 1826 639 1906; x_wconf 81' lang='lat' dir='ltr'>presidenti</span> <span class='ocrx_word' id='word_1_99' title='bbox 666 1837 697 1891; x_wconf 91' lang='lat' dir='ltr'>et</span> <span class='ocrx_word' id='word_1_100' title='bbox 719 1827 838 1891; x_wconf 90' lang='lat' dir='ltr'>ceteris</span> <span class='ocrx_word' id='word_1_101' title='bbox 863 1827 904 1890; x_wconf 82' lang='lat' dir='ltr'>tle</span> <span class='ocrx_word' id='word_1_102' title='bbox 927 1825 1071 1891; x_wconf 82' lang='lat' dir='ltr'>Concilio</span> <span class='ocrx_word' id='word_1_103' title='bbox 1098 1839 1211 1894; x_wconf 89' lang='lat' dir='ltr'>nostro</span> <span class='ocrx_word' id='word_1_104' title='bbox 1236 1827 1307 1892; x_wconf 85' lang='lat' dir='ltr'>Bra·</span> 
     </span>
     <span class='ocr_line' id='line_1_17' title="bbox 226 1925 1311 2010; baseline 0.004 -22"><span class='ocrx_word' id='word_1_105' title='bbox 226 1925 344 1998; x_wconf 91' lang='lat' dir='ltr'>bantie,</span> <span class='ocrx_word' id='word_1_106' title='bbox 362 1925 544 1989; x_wconf 81' lang='lat' dir='ltr'>senescallo</span> <span class='ocrx_word' id='word_1_107' title='bbox 568 1935 693 1998; x_wconf 90' lang='lat' dir='ltr'>nostro,</span> <span class='ocrx_word' id='word_1_108' title='bbox 711 1925 831 2000; x_wconf 88' lang='lat' dir='ltr'>villico,</span> <span class='ocrx_word' id='word_1_109' title='bbox 849 1927 1021 2004; x_wconf 89' lang='lat' dir='ltr'>receptori,</span> <span class='ocrx_word' id='word_1_110' title='bbox 1041 1925 1311 2010; x_wconf 81' lang='lat' dir='ltr'>burgimagistris,</span> 
     </span>
     <span class='ocr_line' id='line_1_18' title="bbox 228 2023 1311 2105; baseline 0 -17"><span class='ocrx_word' id='word_1_111' title='bbox 228 2023 368 2088; x_wconf 90' lang='lat' dir='ltr'>scabinis</span> <span class='ocrx_word' id='word_1_112' title='bbox 390 2035 422 2088; x_wconf 88' lang='lat' dir='ltr'>et</span> <span class='ocrx_word' id='word_1_113' title='bbox 443 2023 663 2088; x_wconf 85' lang='lat' dir='ltr'>communitati</span> <span class='ocrx_word' id='word_1_114' title='bbox 686 2023 774 2105; x_wconf 89' lang='lat' dir='ltr'>opidi</span> <span class='ocrx_word' id='word_1_115' title='bbox 800 2023 902 2088; x_wconf 90' lang='lat' dir='ltr'>nostri</span> <span class='ocrx_word' id='word_1_116' title='bbox 928 2023 1140 2090; x_wconf 80' lang='lat' dir='ltr'>bononiensis</span> <span class='ocrx_word' id='word_1_117' title='bbox 1165 2025 1311 2105; x_wconf 88' lang='lat' dir='ltr'>predicti,</span> 
     </span>
     <span class='ocr_line' id='line_1_19' title="bbox 228 2120 1314 2204; baseline 0.003 -20"><span class='ocrx_word' id='word_1_118' title='bbox 228 2121 410 2204; x_wconf 75' lang='lat' dir='ltr'>ueterisque</span> <span class='ocrx_word' id='word_1_119' title='bbox 425 2120 591 2187; x_wconf 84' lang='lat' dir='ltr'>officiariis</span> <span class='ocrx_word' id='word_1_120' title='bbox 605 2133 637 2188; x_wconf 91' lang='lat' dir='ltr'>et</span> <span class='ocrx_word' id='word_1_121' title='bbox 652 2123 790 2187; x_wconf 85' lang='lat' dir='ltr'>subditis</span> <span class='ocrx_word' id='word_1_122' title='bbox 808 2123 927 2187; x_wconf 88' lang='lat' dir='ltr'>nostris</span> <span class='ocrx_word' id='word_1_123' title='bbox 951 2141 1008 2204; x_wconf 91' lang='lat' dir='ltr'>per</span> <span class='ocrx_word' id='word_1_124' title='bbox 1022 2123 1145 2188; x_wconf 84' lang='lat' dir='ltr'>dictum</span> <span class='ocrx_word' id='word_1_125' title='bbox 1162 2123 1314 2188; x_wconf 88' lang='lat' dir='ltr'>ducatum</span> 
     </span>
     <span class='ocr_line' id='line_1_20' title="bbox 231 2219 1315 2288; baseline 0 -4"><span class='ocrx_word' id='word_1_126' title='bbox 231 2231 375 2286; x_wconf 88' lang='lat' dir='ltr'>nostrum</span> <span class='ocrx_word' id='word_1_127' title='bbox 402 2219 572 2286; x_wconf 84' lang='lat' dir='ltr'>Brebaotie</span> <span class='ocrx_word' id='word_1_128' title='bbox 598 2232 629 2286; x_wconf 91' lang='lat' dir='ltr'>et</span> <span class='ocrx_word' id='word_1_129' title='bbox 654 2221 734 2285; x_wconf 88' lang='lat' dir='ltr'>alias</span> <span class='ocrx_word' id='word_1_130' title='bbox 761 2221 894 2286; x_wconf 84' lang='lat' dir='ltr'>ubilibet</span> <span class='ocrx_word' id='word_1_131' title='bbox 920 2219 1105 2287; x_wconf 77' lang='lat' dir='ltr'>constitutis</span> <span class='ocrx_word' id='word_1_132' title='bbox 1131 2231 1162 2288; x_wconf 90' lang='lat' dir='ltr'>et</span> <span class='ocrx_word' id='word_1_133' title='bbox 1188 2223 1315 2287; x_wconf 90' lang='lat' dir='ltr'>locum·</span> 
     </span>
     <span class='ocr_line' id='line_1_21' title="bbox 230 2319 1316 2402; baseline 0.001 -17"><span class='ocrx_word' id='word_1_134' title='bbox 230 2319 429 2396; x_wconf 90' lang='lat' dir='ltr'>tenentibus,</span> <span class='ocrx_word' id='word_1_135' title='bbox 461 2320 665 2398; x_wconf 84' lang='lat' dir='ltr'>presentibus</span> <span class='ocrx_word' id='word_1_136' title='bbox 694 2331 726 2385; x_wconf 89' lang='lat' dir='ltr'>et</span> <span class='ocrx_word' id='word_1_137' title='bbox 756 2319 888 2396; x_wconf 83' lang='lat' dir='ltr'>luroris,</span> <span class='ocrx_word' id='word_1_138' title='bbox 919 2322 1127 2394; x_wconf 88' lang='lat' dir='ltr'>mandamus,</span> <span class='ocrx_word' id='word_1_139' title='bbox 1154 2330 1316 2402; x_wconf 82' lang='lat' dir='ltr'>quatenus</span> 
     </span>
     <span class='ocr_line' id='line_1_22' title="bbox 232 2419 1314 2501; baseline 0.001 -18"><span class='ocrx_word' id='word_1_140' title='bbox 232 2419 414 2494; x_wconf 79' lang='lat' dir='ltr'>Rectorem,</span> <span class='ocrx_word' id='word_1_141' title='bbox 433 2420 606 2500; x_wconf 76' lang='lat' dir='ltr'>magistros</span> <span class='ocrx_word' id='word_1_142' title='bbox 621 2427 652 2483; x_wconf 90' lang='lat' dir='ltr'>et</span> <span class='ocrx_word' id='word_1_143' title='bbox 667 2419 846 2492; x_wconf 83' lang='lat' dir='ltr'>scholares,</span> <span class='ocrx_word' id='word_1_144' title='bbox 865 2419 1071 2501; x_wconf 83' lang='lat' dir='ltr'>membraque</span> <span class='ocrx_word' id='word_1_145' title='bbox 1088 2431 1119 2484; x_wconf 89' lang='lat' dir='ltr'>et</span> <span class='ocrx_word' id='word_1_146' title='bbox 1134 2421 1314 2485; x_wconf 89' lang='lat' dir='ltr'>seruitores</span> 
     </span>
     <span class='ocr_line' id='line_1_23' title="bbox 230 2515 1315 2598; baseline 0 -16"><span class='ocrx_word' id='word_1_147' title='bbox 230 2517 316 2584; x_wconf 83' lang='lat' dir='ltr'>dicte</span> <span class='ocrx_word' id='word_1_148' title='bbox 331 2517 396 2583; x_wconf 84' lang='lat' dir='ltr'>illie</span> <span class='ocrx_word' id='word_1_149' title='bbox 413 2529 523 2584; x_wconf 89' lang='lat' dir='ltr'>nostre</span> <span class='ocrx_word' id='word_1_150' title='bbox 538 2515 765 2582; x_wconf 83' lang='lat' dir='ltr'>Uniuersitatis</span> <span class='ocrx_word' id='word_1_151' title='bbox 783 2516 994 2582; x_wconf 81' lang='lat' dir='ltr'>Louaniensis</span> <span class='ocrx_word' id='word_1_152' title='bbox 1011 2517 1165 2598; x_wconf 76' lang='lat' dir='ltr'>predictis</span> <span class='ocrx_word' id='word_1_153' title='bbox 1182 2517 1315 2598; x_wconf 91' lang='lat' dir='ltr'>priuile-</span> 
     </span>
     <span class='ocr_line' id='line_1_24' title="bbox 232 2615 1316 2699; baseline 0 -19"><span class='ocrx_word' id='word_1_154' title='bbox 232 2617 306 2699; x_wconf 75' lang='lat' dir='ltr'>piis.</span> <span class='ocrx_word' id='word_1_155' title='bbox 319 2617 445 2698; x_wconf 81' lang='lat' dir='ltr'>gratiis,</span> <span class='ocrx_word' id='word_1_156' title='bbox 460 2616 672 2690; x_wconf 87' lang='lat' dir='ltr'>libertatibus,</span> <span class='ocrx_word' id='word_1_157' title='bbox 687 2615 729 2680; x_wconf 90' lang='lat' dir='ltr'>uti</span> <span class='ocrx_word' id='word_1_158' title='bbox 747 2616 874 2698; x_wconf 76' lang='lat' dir='ltr'>leuique</span> <span class='ocrx_word' id='word_1_159' title='bbox 886 2618 918 2680; x_wconf 94' lang='lat' dir='ltr'>in</span> <span class='ocrx_word' id='word_1_160' title='bbox 936 2627 1101 2697; x_wconf 88' lang='lat' dir='ltr'>posterum</span> <span class='ocrx_word' id='word_1_161' title='bbox 1119 2618 1316 2698; x_wconf 87' lang='lat' dir='ltr'>permittant.</span> 
     </span>
     <span class='ocr_line' id='line_1_25' title="bbox 235 2713 1318 2796; baseline 0.002 -18"><span class='ocrx_word' id='word_1_162' title='bbox 235 2717 281 2780; x_wconf 74' lang='lat' dir='ltr'>Ad</span> <span class='ocrx_word' id='word_1_163' title='bbox 298 2715 390 2781; x_wconf 87' lang='lat' dir='ltr'>cuius</span> <span class='ocrx_word' id='word_1_164' title='bbox 407 2716 451 2780; x_wconf 90' lang='lat' dir='ltr'>rei</span> <span class='ocrx_word' id='word_1_165' title='bbox 469 2713 655 2780; x_wconf 89' lang='lat' dir='ltr'>memoriam</span> <span class='ocrx_word' id='word_1_166' title='bbox 676 2731 734 2796; x_wconf 93' lang='lat' dir='ltr'>pro</span> <span class='ocrx_word' id='word_1_167' title='bbox 751 2715 845 2789; x_wconf 83' lang='lat' dir='ltr'>uubis</span> <span class='ocrx_word' id='word_1_168' title='bbox 866 2717 1053 2796; x_wconf 85' lang='lat' dir='ltr'>nostrisque</span> <span class='ocrx_word' id='word_1_169' title='bbox 1069 2717 1318 2781; x_wconf 87' lang='lat' dir='ltr'>successoribus</span> 
     </span>
     <span class='ocr_line' id='line_1_26' title="bbox 239 2813 1321 2896; baseline 0.003 -18"><span class='ocrx_word' id='word_1_170' title='bbox 239 2814 406 2880; x_wconf 77' lang='lat' dir='ltr'>brabantie</span> <span class='ocrx_word' id='word_1_171' title='bbox 420 2815 558 2878; x_wconf 83' lang='lat' dir='ltr'>ducibus</span> <span class='ocrx_word' id='word_1_172' title='bbox 582 2823 750 2894; x_wconf 89' lang='lat' dir='ltr'>presentes</span> <span class='ocrx_word' id='word_1_173' title='bbox 766 2813 863 2896; x_wconf 80' lang='lat' dir='ltr'>sigilli</span> <span class='ocrx_word' id='word_1_174' title='bbox 889 2814 991 2879; x_wconf 91' lang='lat' dir='ltr'>nostri</span> <span class='ocrx_word' id='word_1_175' title='bbox 1009 2813 1208 2894; x_wconf 90' lang='lat' dir='ltr'>appensione</span> <span class='ocrx_word' id='word_1_176' title='bbox 1220 2813 1321 2896; x_wconf 88' lang='lat' dir='ltr'>jussi-</span> 
     </span>
     <span class='ocr_line' id='line_1_27' title="bbox 239 2911 1322 2998; baseline 0.001 -21"><span class='ocrx_word' id='word_1_177' title='bbox 239 2931 310 2978; x_wconf 86' lang='lat' dir='ltr'>mus</span> <span class='ocrx_word' id='word_1_178' title='bbox 335 2913 539 2979; x_wconf 89' lang='lat' dir='ltr'>communiri.</span> <span class='ocrx_word' id='word_1_179' title='bbox 568 2911 681 2979; x_wconf 86' lang='lat' dir='ltr'>Datum</span> <span class='ocrx_word' id='word_1_180' title='bbox 709 2913 740 2998; x_wconf 90' lang='lat' dir='ltr'>in</span> <span class='ocrx_word' id='word_1_181' title='bbox 767 2913 864 2994; x_wconf 84' lang='lat' dir='ltr'>opido</span> <span class='ocrx_word' id='word_1_182' title='bbox 892 2924 1003 2978; x_wconf 87' lang='lat' dir='ltr'>nostro</span> <span class='ocrx_word' id='word_1_183' title='bbox 1032 2913 1205 2994; x_wconf 78' lang='lat' dir='ltr'>brugensi,</span> <span class='ocrx_word' id='word_1_184' title='bbox 1237 2915 1322 2978; x_wconf 89' lang='lat' dir='ltr'>anno</span> 
     </span>
     <span class='ocr_line' id='line_1_28' title="bbox 241 3011 1322 3094; baseline 0.001 -19"><span class='ocrx_word' id='word_1_185' title='bbox 241 3011 364 3078; x_wconf 83' lang='lat' dir='ltr'>bomini</span> <span class='ocrx_word' id='word_1_186' title='bbox 392 3011 562 3077; x_wconf 90' lang='lat' dir='ltr'>millesimo</span> <span class='ocrx_word' id='word_1_187' title='bbox 588 3011 907 3094; x_wconf 77' lang='lat' dir='ltr'>quadringentesimo</span> <span class='ocrx_word' id='word_1_188' title='bbox 936 3012 1177 3094; x_wconf 81' lang='lat' dir='ltr'>septuagesimo</span> <span class='ocrx_word' id='word_1_189' title='bbox 1204 3013 1322 3093; x_wconf 87' lang='lat' dir='ltr'>primo,</span> 
     </span>
    </p>
   </div>
   <div class='ocr_carea' id='block_1_7' title="bbox 163 3111 485 3178">
    <p class='ocr_par' dir='ltr' id='par_1_8' title="bbox 163 3111 485 3178">
     <span class='ocr_line' id='line_1_29' title="bbox 163 3111 485 3178; baseline -0.006 -2"><span class='ocrx_word' id='word_1_190' title='bbox 163 3121 165 3128; x_wconf 79' lang='grc'><strong>“</strong></span> <span class='ocrx_word' id='word_1_191' title='bbox 242 3129 353 3178; x_wconf 89' lang='lat' dir='ltr'>mense</span> <span class='ocrx_word' id='word_1_192' title='bbox 369 3111 485 3176; x_wconf 89' lang='lat' dir='ltr'>martii.</span> 
     </span>
    </p>
   </div>
   <div class='ocr_carea' id='block_1_8' title="bbox 281 3193 1117 3293">
    <p class='ocr_par' dir='ltr' id='par_1_9' title="bbox 281 3193 1117 3293">
     <span class='ocr_line' id='line_1_30' title="bbox 281 3193 1117 3293; baseline -0.005 -17"><span class='ocrx_word' id='word_1_193' title='bbox 281 3211 384 3293; x_wconf 83' lang='lat' dir='ltr'>Supra</span> <span class='ocrx_word' id='word_1_194' title='bbox 398 3209 509 3292; x_wconf 82' lang='lat' dir='ltr'>plicam</span> <span class='ocrx_word' id='word_1_195' title='bbox 527 3229 537 3274; x_wconf 92' lang='lat'>.·</span> <span class='ocrx_word' id='word_1_196' title='bbox 555 3209 614 3275; x_wconf 83' lang='lat' dir='ltr'>Per</span> <span class='ocrx_word' id='word_1_197' title='bbox 629 3210 793 3274; x_wconf 84' lang='lat' dir='ltr'>dominum</span> <span class='ocrx_word' id='word_1_198' title='bbox 809 3209 925 3275; x_wconf 85' lang='lat' dir='ltr'>(lucem</span> <span class='ocrx_word' id='word_1_199' title='bbox 944 3231 951 3272; x_wconf 75' lang='grc' dir='ltr'>ι</span> <span class='ocrx_word' id='word_1_200' title='bbox 970 3193 1117 3274; x_wconf 67' lang='grc' dir='ltr'><strong>Ν.’(;ιιοε.</strong></span> 
     </span>
    </p>
   </div>
   <div class='ocr_carea' id='block_1_9' title="bbox 750 3391 818 3456">
    <p class='ocr_par' dir='ltr' id='par_1_10' title="bbox 750 3391 818 3456">
     <span class='ocr_line' id='line_1_31' title="bbox 750 3391 818 3456; baseline 0.044 -3"><span class='ocrx_word' id='word_1_201' title='bbox 750 3391 818 3456; x_wconf 86' lang='lat' dir='ltr'>vll.</span> 
     </span>
    </p>
   </div>
   <div class='ocr_carea' id='block_1_10' title="bbox 243 3537 1332 3721">
    <p class='ocr_par' dir='ltr' id='par_1_11' title="bbox 243 3537 1332 3721">
     <span class='ocr_line' id='line_1_32' title="bbox 243 3537 1332 3622; baseline -0.003 -17"><span class='ocrx_word' id='word_1_202' title='bbox 243 3541 392 3622; x_wconf 73' lang='lat' dir='ltr'>Priaillpe</span> <span class='ocrx_word' id='word_1_203' title='bbox 413 3541 450 3605; x_wconf 84' lang='lat' dir='ltr'>de</span> <span class='ocrx_word' id='word_1_204' title='bbox 471 3558 606 3604; x_wconf 88' lang='lat' dir='ltr'>nommer</span> <span class='ocrx_word' id='word_1_205' title='bbox 630 3542 649 3602; x_wconf 74' lang='grc' dir='ltr'><strong>ὁ</strong></span> <span class='ocrx_word' id='word_1_206' title='bbox 671 3544 805 3604; x_wconf 86' lang='lat' dir='ltr'>certot&#39;ns</span> <span class='ocrx_word' id='word_1_207' title='bbox 827 3539 973 3618; x_wconf 71' lang='lat' dir='ltr'>beneficos</span> <span class='ocrx_word' id='word_1_208' title='bbox 999 3545 1137 3612; x_wconf 79' lang='lat' dir='ltr'>coeunte,</span> <span class='ocrx_word' id='word_1_209' title='bbox 1162 3539 1290 3602; x_wconf 73' lang='lat' dir='ltr'>necorde</span> <span class='ocrx_word' id='word_1_210' title='bbox 1310 3537 1332 3602; x_wconf 72' lang='lat' dir='ltr'>i</span> 
     </span>
     <span class='ocr_line' id='line_1_33' title="bbox 479 3635 1090 3721; baseline -0.007 -19"><span class='ocrx_word' id='word_1_211' title='bbox 479 3639 677 3704; x_wconf 80' lang='lat' dir='ltr'>t&#39;tlntuerstte</span> <span class='ocrx_word' id='word_1_212' title='bbox 695 3657 754 3720; x_wconf 88' lang='lat' dir='ltr'>pcr</span> <span class='ocrx_word' id='word_1_213' title='bbox 777 3638 806 3702; x_wconf 83' lang='lat' dir='ltr'>lc</span> <span class='ocrx_word' id='word_1_214' title='bbox 823 3657 902 3721; x_wconf 83' lang='lat' dir='ltr'>pope</span> <span class='ocrx_word' id='word_1_215' title='bbox 922 3637 1009 3702; x_wconf 71' lang='lat' dir='ltr'>Siste</span> <span class='ocrx_word' id='word_1_216' title='bbox 1034 3635 1090 3702; x_wconf 82' lang='lat' dir='ltr'>IV.</span> 
     </span>
    </p>
   </div>
   <div class='ocr_carea' id='block_1_11' title="bbox 393 3771 1186 3948">
    <p class='ocr_par' dir='ltr' id='par_1_12' title="bbox 393 3771 1186 3948">
     <span class='ocr_line' id='line_1_34' title="bbox 674 3771 903 3830; baseline 0.009 -2"><span class='ocrx_word' id='word_1_217' title='bbox 674 3771 711 3828; x_wconf 74' lang='lat'>28</span> <span class='ocrx_word' id='word_1_218' title='bbox 729 3773 799 3828; x_wconf 81' lang='lat' dir='ltr'>avril</span> <span class='ocrx_word' id='word_1_219' title='bbox 824 3771 903 3830; x_wconf 77' lang='lat'><strong>14⁸3.</strong></span> 
     </span>
     <span class='ocr_line' id='line_1_35' title="bbox 393 3879 1186 3948; baseline -0.005 -12"><span class='ocrx_word' id='word_1_220' title='bbox 393 3881 467 3936; x_wconf 70' lang='lat' dir='ltr'>llere</span> <span class='ocrx_word' id='word_1_221' title='bbox 485 3886 523 3935; x_wconf 80' lang='lat' dir='ltr'>du</span> <span class='ocrx_word' id='word_1_222' title='bbox 542 3879 689 3936; x_wconf 80' lang='lat' dir='ltr'>soucerct&#39;n</span> <span class='ocrx_word' id='word_1_223' title='bbox 706 3885 820 3946; x_wconf 72' lang='lat' dir='ltr'>perscire,</span> <span class='ocrx_word' id='word_1_224' title='bbox 841 3889 865 3934; x_wconf 82' lang='lat' dir='ltr'>et</span> <span class='ocrx_word' id='word_1_225' title='bbox 884 3893 989 3948; x_wconf 60' lang='lat' dir='ltr'>wenge</span> <span class='ocrx_word' id='word_1_226' title='bbox 1007 3895 1043 3934; x_wconf 82' lang='lat' dir='ltr'>ou</span> <span class='ocrx_word' id='word_1_227' title='bbox 1060 3881 1186 3944; x_wconf 69' lang='lat' dir='ltr'>pretam.</span> 
     </span>
    </p>
   </div>
   <div class='ocr_carea' id='block_1_12' title="bbox 252 3999 1339 4283">
    <p class='ocr_par' dir='ltr' id='par_1_13' title="bbox 252 3999 1339 4283">
     <span class='ocr_line' id='line_1_36' title="bbox 262 3999 1336 4085; baseline -0.005 -17"><span class='ocrx_word' id='word_1_228' title='bbox 262 3999 265 4006; x_wconf 87' lang='lat'>&#39;</span> <span class='ocrx_word' id='word_1_229' title='bbox 291 4003 398 4068; x_wconf 79' lang='lat' dir='ltr'>Surus</span> <span class='ocrx_word' id='word_1_230' title='bbox 411 4001 598 4085; x_wconf 86' lang='lat' dir='ltr'>episcopus,</span> <span class='ocrx_word' id='word_1_231' title='bbox 616 4019 733 4068; x_wconf 89' lang='lat' dir='ltr'>servus</span> <span class='ocrx_word' id='word_1_232' title='bbox 748 4017 916 4067; x_wconf 82' lang='lat' dir='ltr'>serrorum</span> <span class='ocrx_word' id='word_1_233' title='bbox 935 3999 1003 4066; x_wconf 88' lang='lat' dir='ltr'>[tei.</span> <span class='ocrx_word' id='word_1_234' title='bbox 1020 4001 1067 4065; x_wconf 76' lang='lat' dir='ltr'>Ad</span> <span class='ocrx_word' id='word_1_235' title='bbox 1084 4007 1271 4082; x_wconf 87' lang='lat' dir='ltr'>perpetuam</span> <span class='ocrx_word' id='word_1_236' title='bbox 1288 3999 1336 4064; x_wconf 90' lang='lat' dir='ltr'>rei</span> 
     </span>
     <span class='ocr_line' id='line_1_37' title="bbox 253 4095 1339 4186; baseline -0.003 -20"><span class='ocrx_word' id='word_1_237' title='bbox 253 4101 452 4169; x_wconf 90' lang='lat' dir='ltr'>memoriam.</span> <span class='ocrx_word' id='word_1_238' title='bbox 476 4101 573 4186; x_wconf 80' lang='lat' dir='ltr'>Urget</span> <span class='ocrx_word' id='word_1_239' title='bbox 596 4119 655 4166; x_wconf 90' lang='lat' dir='ltr'>nos</span> <span class='ocrx_word' id='word_1_240' title='bbox 680 4095 757 4167; x_wconf 83' lang='lat' dir='ltr'>oure</span> <span class='ocrx_word' id='word_1_241' title='bbox 784 4099 938 4166; x_wconf 88' lang='lat' dir='ltr'>dominici</span> <span class='ocrx_word' id='word_1_242' title='bbox 961 4100 1071 4183; x_wconf 77' lang='lat' dir='ltr'>gregis</span> <span class='ocrx_word' id='word_1_243' title='bbox 1098 4099 1216 4165; x_wconf 91' lang='lat' dir='ltr'>celitus</span> <span class='ocrx_word' id='word_1_244' title='bbox 1242 4097 1339 4163; x_wconf 88' lang='lat' dir='ltr'>nobis</span> 
     </span>
     <span class='ocr_line' id='line_1_38' title="bbox 252 4197 1339 4283; baseline -0.006 -17"><span class='ocrx_word' id='word_1_245' title='bbox 252 4202 439 4278; x_wconf 85' lang='lat' dir='ltr'>commissa,</span> <span class='ocrx_word' id='word_1_246' title='bbox 466 4200 666 4283; x_wconf 77' lang='lat' dir='ltr'>singulorum</span> <span class='ocrx_word' id='word_1_247' title='bbox 693 4197 932 4265; x_wconf 88' lang='lat' dir='ltr'>conditionibus</span> <span class='ocrx_word' id='word_1_248' title='bbox 958 4207 991 4264; x_wconf 90' lang='lat' dir='ltr'>et</span> <span class='ocrx_word' id='word_1_249' title='bbox 1019 4197 1141 4265; x_wconf 91' lang='lat' dir='ltr'>meritis</span> <span class='ocrx_word' id='word_1_250' title='bbox 1167 4197 1339 4280; x_wconf 77' lang='lat' dir='ltr'>diligenter</span> 
     </span>
    </p>
   </div>
   <div class='ocr_carea' id='block_1_13' title="bbox 0 0 1648 4940">
    <p class='ocr_par' dir='ltr' id='par_1_14' title="bbox 0 0 1648 4940">
     <span class='ocr_line' id='line_1_39' title="bbox 0 0 1648 4940; baseline 0 0"><span class='ocrx_word' id='word_1_251' title='bbox 0 0 1648 4940; x_wconf 95' lang='lat' dir='ltr'> </span> 
     </span>
    </p>
   </div>
  </div>
 </body>
</html>
