3236 4944
668 444 786 527 -ttl
811 491 854 513 -

214 667 286 716 oum
316 649 454 731 sceptris
484 649 619 714 troneste
650 646 852 723 antecedere,
881 657 912 713 et
938 646 1204 729 quotiescumque
1234 661 1297 712 non

214 750 394 815 intitulatos
410 747 564 813 sciverint
579 746 742 813 audivisse
755 747 912 812 lectiones
926 747 1006 811 ultra
1019 745 1202 827 quindecim
1216 744 1298 820 dies,

215 867 272 918 eos
288 849 487 924 doctoribus,
505 846 677 912 licentiatis
693 855 725 912 et
740 847 903 929 magistris
923 845 1116 928 legentibus,
1139 854 1172 910 ut
1192 861 1299 910 corum

215 949 280 1014 illis
296 964 360 1014 non
376 948 494 1028 legant,
512 955 542 1012 et
557 945 652 1010 simul
668 946 903 1013 etiameosdem
919 962 956 1010 ac
969 961 1129 1027 eosquos
1145 944 1300 1010 sciverint

215 1050 247 1112 in
273 1047 467 1115 lectionibus
493 1044 733 1127 frequentandis
760 1047 894 1112 multum
925 1045 1135 1128 negligentes,
1168 1045 1299 1110 domino

215 1147 344 1214 Rectori
362 1146 565 1212 denuntiare.

257 1281 286 1344 3.
312 1279 451 1356 Quilibet
472 1278 619 1345 bodellus
642 1279 673 1342 in
695 1295 751 1344 sua
782 1279 944 1344 Facultate
967 1277 1096 1359 colligat
1115 1285 1147 1344 et
1168 1278 1300 1344 donnino

215 1379 375 1462 receptori
390 1378 616 1444 Universitatis
632 1386 704 1443 ante
727 1377 807 1454 testa
823 1377 1028 1444 Nativitatum
1042 1376 1159 1443 Christi
1173 1378 1299 1443 albenti

213 1479 345 1545 loannis
362 1477 524 1559 Baptistae
540 1477 642 1542 tradat
657 1477 873 1543 emolumenta
889 1493 906 1541 a
923 1477 1079 1560 promotis
1092 1495 1147 1543 seu
1162 1477 1299 1560 gradua-

216 1580 257 1645 lis
272 1596 350 1646 suae
366 1577 538 1644 Facultatis
554 1577 758 1642 Universitati
775 1577 893 1644 debita.
919 1567 921 1572 ’

259 1713 290 1775 t.
315 1711 434 1778 Budelli
457 1710 656 1792 singularum
679 1709 876 1776 Facultatum
901 1710 1076 1792 percipiant
1099 1721 1131 1776 ct
1153 1711 1235 1777 inter
1267 1729 1303 1777 se

220 1810 458 1892 parliamento
483 1809 546 1876 ime
568 1810 711 1875 omnium
735 1817 962 1885 rectoratuum,
982 1826 1075 1875 unam
1100 1811 1243 1892 pleccam
1264 1828 1303 1876 ex

219 1909 1087 1992 pecuniissingulorumintitulandorurn,etasingulis
1099 1909 1304 1976 scholaribus

217 2026 294 2076 suae
316 2009 485 2076 Facultatis
505 2009 642 2091 singuiis
664 2009 757 2074 annis
772 2009 906 2091 quilibet
925 2009 1125 2076 bedellorum
1148 2010 1303 2093 percipiat

219 2119 355 2192 quatuor
371 2109 511 2175 stuleros
527 2109 640 2176 semel.

259 2243 290 2306 u.
314 2241 464 2308 Bedettus
486 2242 609 2309 babens
629 2243 662 2306 in
685 2241 847 2308 Facultate
868 2259 926 2307 son
954 2243 1136 2320 Rectorem,
1161 2243 1304 2325 quoties·

219 2358 357 2424 cumque
380 2342 499 2408 ilector
521 2343 651 2408 domum
675 2341 821 2418 exiverit,
838 2358 911 2408 cum
928 2351 1056 2424 sceptro
1075 2343 1254 2419 antecedat,
1272 2351 1305 2409 et

220 2442 310 2508 solus
326 2441 450 2507 intimet
465 2441 734 2524 congregationes
749 2441 973 2506 Universitatis
989 2449 1135 2522 tempore
1157 2443 1207 2507 sui
1225 2443 1305 2506 liec-

221 2543 301 2606 toris
317 2541 463 2615 durante,
482 2548 513 2606 et
528 2531 616 2606 o'mni
631 2540 684 2606 die
700 2550 734 2605 ut
751 2539 915 2604 minimum
932 2539 1031 2605 semel
1045 2540 1216 2606 Rectorem
1229 2539 1307 2606 visi·

220 2651 276 2716 tet,
294 2649 325 2708 et
340 2642 379 2706 ab
396 2657 436 2706 eo
456 2640 596 2724 inquirat
617 2651 722 2706 utrum
746 2640 815 2722 eius
839 2640 1017 2705 ministerio
1039 2639 1307 2724 indignansque

219 2742 289 2824 ejus
307 2741 463 2806 mandatis
480 2750 600 2823 pareat,
619 2758 678 2806 neo
702 2741 741 2805 ab
756 2740 876 2822 oppido
901 2741 1092 2805 bononiensi
1114 2741 1238 2822 integro
1254 2742 1308 2808 die

221 2841 305 2908 absit
316 2842 387 2906 sine
400 2841 547 2907 Rectoris
561 2841 733 2921 permissu.
743 2844 779 2904 m
791 2857 848 2922 pro
861 2840 1044 2922 hujusmodi
1059 2841 1127 2906 suis
1140 2841 1308 2906 laboribus

221 2959 259 3008 ex
286 2941 431 3022 pecuniis
457 2940 629 3022 cujuslibet
654 2951 800 3021 tempore
835 2940 911 3005 dicti
948 2949 1130 3007 rectoratus
1157 2941 1307 3007 intitulati

223 3057 317 3106 unam
334 3041 475 3123 ploooam
492 3041 582 3105 solus
599 3040 766 3122 pereipiat.

263 3273 321 3338 Les
336 3273 543 3354 imprimentes,
561 3271 605 3334 les
625 3271 778 3335 librantes
799 3279 826 3336 et
846 3271 891 3335 les
906 3271 1037 3336 relieurs
1052 3273 1089 3336 eie
1103 3272 1308 3337 I’Unioersild.

223 3372 288 3437 Sub
311 3371 402 3437 titulo
427 3393 434 3434 ι
460 3373 504 3434 lle
525 3370 761 3452 impressoribus
783 3379 811 3434 et
830 3371 1036 3435 venditoribus
1059 3391 1095 3436 oe
1115 3376 1206 3436 etium
1228 3391 1312 3436 ccm-

220 3471 398 3554 puctoribus
424 3470 582 3546 librorum,
611 3471 690 3535 baec
716 3470 931 3536 decernebant
951 3471 1070 3536 Stotute
1100 3473 1311 3538 Urciuersitotis

222 3571 319 3654 (apud
339 3571 497 3646 liutmun,
515 3569 694 3636 Histbon..
711 3570 762 3635 ed.
781 3570 826 3636 lle
842 3570 932 3648 Rom,
951 3571 990 3645 ll,
1010 3589 1061 3653 pp.
1080 3571 1141 3634 titt
1155 3576 1241 3654 sqq.)
1260 3593 1268 3636 ε

267 3722 297 3783 1.
322 3719 454 3784 librarii
476 3735 570 3801 quam
596 3719 731 3800 primum
753 3719 791 3784 ad
813 3720 996 3802 hujusmodi
1020 3720 1160 3786 officium
1179 3720 1314 3788 admissi

225 3828 332 3896 erunt,
348 3836 456 3885 coram
473 3819 691 3886 Universitate
708 3820 811 3901 primo
827 3829 989 3902 praestent
1003 3819 1181 3901 juramenta
1201 3821 1313 3886 intitu-

224 3921 406 3997 landorum,
425 3920 451 3985 si
470 3920 559 4002 prius
575 3919 724 3986 intitulati
743 3929 926 3996 nonerunt,
949 3929 981 3986 et
1003 3921 1120 3987 deindo
1142 3922 1204 3989 boo
1226 3920 1312 4004 quod

225 4020 373 4102 sequitur
390 4041 398 4082 :

274 4135 367 4218 uilgo
384 4135 422 4200 N.
437 4134 523 4216 juro,
542 4134 627 4217 quod
643 4134 784 4200 odicium
809 4152 914 4202 meum
938 4135 1074 4203 lideliter
1095 4135 1216 4219 absque
1238 4135 1314 4204 doto

229 4243 283 4308 unt
298 4236 411 4301 traude
427 4235 751 4317 exercebo,quodque
767 4235 798 4299 in
814 4236 1018 4303 auctionibus
1031 4236 1170 4320 publicis
1181 4253 1218 4304 ao
1234 4235 1315 4304 alias
