3236 4944
717 447 902 514 -stt-

268 655 283 696 r
300 637 532 698 conseruatore
553 629 592 696 ad
609 631 716 706 linem,
734 639 766 695 vt
779 648 832 697 res
847 629 918 697 sine
934 627 1124 694 contusione
1136 624 1206 708 lierj
1224 629 1346 707 posset.

269 754 284 794 s
302 731 424 798 Deinde
439 731 470 795 in
488 731 520 795 3⁰
531 741 603 796 actu
616 730 781 797 cuiusdam
795 728 996 812 repetitionis
1008 725 1186 807 comparuit
1200 741 1349 790 reueren-

270 853 283 894 ι
300 830 362 896 dus
378 839 467 912 pater
483 829 633 896 dominus
649 830 748 894 abbas
765 827 999 912 Egmundcnsis
1015 837 1046 894 et
1062 833 1134 907 post
1150 825 1246 888 stnem
1262 823 1349 888 eius·

269 951 284 991 r
300 929 373 994 dom
386 929 581 1002 actus.lacta
595 929 912 996 luitvnacolluctatio
924 927 957 1007 jn
972 943 1117 1008 magnam
1126 924 1349 991 contusionem

268 1048 283 1089 s
300 1027 520 1094 uniuersitatis
534 1044 633 1109 super
645 1027 777 1108 jncessu
794 1028 972 1109 aliquorum
990 1026 1193 1090 dominorum
1206 1023 1251 1104 jta
1264 1022 1347 1103 quod

268 1125 363 1192 ruisi
386 1124 460 1208 jpse
488 1127 639 1191 dominus
664 1126 763 1192 abbas
790 1127 975 1207 peripsum
1003 1125 1167 1189 dominum
1193 1133 1348 1187 rectorem

269 1247 284 1286 u
301 1234 458 1291 retractus
475 1224 589 1291 luisset
605 1243 720 1291 versus
737 1225 839 1290 lorum
856 1224 1050 1290 recessisset
1065 1239 1103 1287 nc
1122 1220 1230 1304 jpsum
1249 1218 1349 1284 dorni-

269 1344 283 1384 »
302 1339 376 1388 num
389 1331 549 1388 rectorem
562 1332 593 1390 et
605 1323 686 1390 alios
699 1323 848 1388 dominos
865 1322 917 1405 qo]
935 1322 1020 1387 dicto
1037 1319 1119 1404 actu]
1133 1319 1351 1402 interfuerunt

270 1421 478 1488 »dimisisset
498 1421 532 1503 jn
556 1423 723 1487 maximam
747 1423 970 1488 contusionem
995 1421 1092 1485 totius
1119 1417 1350 1483 rniuersitatis.

270 1521 406 1596 rQuare
424 1520 512 1603 jdcm
535 1521 685 1586 dominos
709 1530 816 1587 rector
832 1520 1003 1603 requisiuit
1018 1536 1131 1584 omues
1148 1527 1179 1582 et
1205 1516 1352 1598 singulos

270 1641 283 1679 s
301 1618 451 1686 dominos
463 1620 498 1701 jn
516 1620 702 1686 huiusmodi
719 1619 970 1703 congregatione
987 1627 1154 1699 presentes
1171 1627 1202 1682 et
1214 1617 1352 1680 existen·

270 1739 284 1778 s
301 1726 362 1793 tes,
380 1727 412 1783 vt
427 1719 579 1784 omnibus
594 1719 682 1796 odio,
704 1736 814 1785 amore
836 1729 867 1785 et
891 1719 1001 1783 lauore
1024 1717 1162 1782 seclusis
1182 1715 1217 1797 in
1241 1715 1352 1779 huius-

270 1840 284 1878 ι
302 1817 388 1882 modi
405 1817 534 1898 negotio
551 1835 609 1898 pro
625 1819 729 1884 salute
744 1829 776 1884 ct
791 1819 915 1883 bonore
928 1815 1147 1882 uniuersitatis
1162 1814 1351 1899 deliberent.

270 1938 283 1977 r
302 1915 338 1980 Et
354 1917 489 1983 vlterius
505 1918 545 1983 de
562 1919 710 1984 mandato
726 1918 805 1982 dicti
822 1917 941 1984 domini
960 1917 1095 1982 rectoris
1116 1916 1197 1980 lecta
1220 1915 1277 1979 luit
1293 1930 1352 1979 vna

271 2038 284 2076 n
301 2015 470 2081 conclusio
485 2016 708 2082 uniuersitatis
724 2017 764 2082 de
780 2019 903 2082 bonore
916 2025 946 2081 et
960 2016 1070 2080 fauore
1083 2014 1212 2078 domino
1226 2030 1354 2078 conser-

270 2136 284 2175 ι
302 2114 403 2194 uatorj
421 2115 662 2196 priuilegiorum
679 2116 774 2181 buius
790 2115 1008 2180 vuluersitntls
1021 2113 1248 2194 impendendis
1261 2121 1352 2192 capta

269 2311 452 2378 ndominus
482 2324 591 2380 rector
620 2315 784 2396 querelam
815 2313 1043 2379 nonnullorum
1074 2312 1279 2377 dominorum
1312 2310 1352 2372 dc

270 2409 510 2478 rvnioersitate
531 2422 563 2478 et
586 2413 737 2494 precipue
763 2413 921 2478 facultatis
946 2413 1119 2492 theologie,
1136 2427 1175 2476 ex
1198 2426 1248 2484 eo,
1266 2408 1349 2490 quod

270 2510 473 2593 »aliquando
510 2512 584 2577 dum
624 2523 871 2594 promereretur
906 2529 989 2576 vnus
1021 2510 1056 2592 jn
1091 2511 1192 2575 altero
1219 2508 1350 2590 jurium,

270 2625 415 2675 »omnes
437 2610 590 2676 doctores
612 2611 738 2693 collegii
764 2611 930 2692 utriusque
946 2610 1029 2692 juris
1047 2611 1224 2691 precedunt
1240 2623 1353 2673 omnes

270 2731 283 2768 n
302 2709 474 2790 magistros
488 2718 617 2775 nostrus
630 2711 786 2776 facultatis
799 2711 962 2792 tbeologie
974 2711 1059 2793 quod
1074 2710 1166 2775 valde
1178 2709 1352 2773 absurdum

271 2816 434 2889 »apparet
463 2817 495 2872 et
525 2809 660 2874 videtur.
689 2810 792 2892 super
813 2826 877 2892 quo
898 2810 991 2874 ctiam
1014 2809 1108 2892 ijdem
1130 2808 1251 2873 domini
1272 2807 1354 2872 bene

270 2929 284 2964 n
303 2906 484 2986 petiuerunt
497 2907 686 2972 remedium.
700 2909 823 2984 Quibus
840 2925 896 2990 per
911 2908 1077 2972 dominum
1095 2917 1254 2972 rectorem
1272 2905 1353 2970 reei-

271 3025 284 3063 s
303 3003 378 3068 tatis
394 3003 597 3070 dominusne
613 3007 766 3089 magister
782 3008 906 3075 Gabriel
922 3009 959 3071 de
974 3010 1059 3074 llere
1082 3006 1249 3088 utriusque
1269 3003 1354 3085 jnrls

270 3101 427 3176 inductor,
459 3102 616 3170 docendow
635 3106 675 3172 de
698 3124 756 3172 sua
780 3107 1011 3173 commissione
1037 3103 1354 3170 vicecancellariatus

271 3222 285 3260 s
303 3199 399 3264 buius
415 3201 633 3268 uniuersitatis
650 3222 706 3285 per
726 3205 889 3271 dominum
911 3205 1110 3288 prepositum
1134 3203 1272 3268 ecclesie
1287 3202 1354 3266 col·

271 3297 419 3380 »legista
441 3301 542 3382 sanctj
569 3301 651 3385 Petrj
676 3304 771 3370 buius
794 3305 880 3386 opidi
904 3303 1103 3370 leuaniensis
1127 3300 1353 3366 carmellat·iuttt

271 3407 491 3479 »perpetuum
517 3400 614 3467 buius
636 3403 856 3470 uniuersitatis
883 3405 963 3468 lacta
994 3402 1081 3466 dedit
1104 3401 1354 3482 instrumentum

272 3495 467 3576 »publicum
485 3511 626 3566 manuel
647 3502 740 3585 siguo
761 3503 912 3568 tolonnis
934 3503 972 3564 dc
990 3502 1077 3565 Mero
1101 3497 1214 3579 notari]
1237 3496 1353 3578 public]

272 3617 285 3654 i
303 3594 462 3674 signatum
480 3607 510 3661 et
526 3598 756 3680 subscriptum,
780 3612 811 3665 et
833 3601 967 3665 ulterius
990 3616 1048 3680 pro
1070 3615 1127 3662 sua
1148 3605 1355 3662 excusatione

272 3714 285 3752 u
304 3706 504 3758 narraturum
519 3714 575 3776 per
587 3699 705 3763 dictum
722 3700 884 3764 dominum
900 3709 1057 3764 rectorem
1072 3697 1167 3762 multa
1182 3705 1214 3760 et
1226 3695 1353 3758 diuersa

272 3789 382 3854 »dixit
404 3802 436 3856 et
461 3797 612 3870 narrauit.
639 3808 669 3864 ct
689 3798 722 3879 jn
749 3799 812 3864 stne
838 3797 1062 3862 concludendo
1089 3797 1179 3870 dixit,
1204 3813 1240 3859 se
1267 3796 1354 3858 nullo

272 3909 286 3947 r
305 3889 401 3954 modo
417 3892 610 3973 culpandum
628 3897 668 3962 de
683 3898 788 3977 aliqua
806 3896 988 3960 turbatione
1008 3912 1064 3976 per
1080 3911 1151 3960 eum
1170 3895 1263 3965 lacta.
1281 3910 1353 3956 cum

272 4007 286 4046 r
301 3984 648 4070 jpse,vtasseruit‚uon
663 3996 756 4060 luerit
768 4011 865 4059 causa
877 3995 1012 4059 alicuius
1025 3991 1281 4058 conturbationis
1296 3991 1352 4053 sed

272 4085 354 4168 rjlle
365 4088 417 4170 quj
431 4106 504 4156 cum
516 4091 551 4174 J‘n
564 4111 622 4158 sua
638 4095 846 4174 possessione
860 4094 1012 4175 juoessus
1025 4103 1055 4158 et
1068 4091 1201 4156 bononis
1214 4090 1354 4154 turbauit

271 4206 285 4244 r
303 4193 334 4250 et
344 4184 550 4271 inquietabit,
565 4191 702 4276 jpseque
721 4195 817 4258 uiclril
834 4194 936 4278 egerit
953 4193 1014 4256 nisi
1031 4192 1069 4254 ad
1087 4191 1182 4256 linem
1204 4207 1262 4254 sue
1280 4205 1352 4272 pos-
