3240 4946
747 487 931 552 -btil-

336 665 381 728 lio
397 665 585 730 custodibus.
605 667 647 731 lle
663 667 763 732 tercio
780 668 893 733 ordine
1124 670 1335 751 xijstuleros.

373 799 413 810 -
497 751 538 813 '-
602 765 646 830 lle
661 775 775 847 quarto
791 766 904 833 ordine
1122 768 1176 851 viij
1193 770 1347 836 stuleros.

372 895 411 910 -
495 893 538 913 -
601 863 646 928 [le
661 864 773 945 quinto
791 864 904 929 ordine
1125 866 1342 948 ilijstuleros.

372 995 415 1008 —·
451 955 454 962 ’
496 995 535 1008 -
603 963 882 1028 [tesextoordine
1128 966 1148 1048 ij
1164 967 1318 1032 stuleros.

373 1095 414 1108 -
497 1095 538 1108 -
603 1061 647 1126 lle
662 1061 800 1141 septimo
815 1063 942 1134 ordine,
959 1061 1107 1129 videlieet

641 1160 681 1226 de
698 1161 892 1242 pauperibus
1130 1163 1220 1227 nihil.

332 1257 410 1322 item
437 1258 518 1321 inira
547 1266 613 1324 tres
640 1258 710 1322 dies
737 1268 810 1338 post
836 1259 1009 1324 cuiuslibet
1033 1260 1203 1326 decessum
1227 1261 1375 1338 heredes,

287 1365 483 1422 executores
494 1357 544 1422 vel
558 1359 815 1438 apprehensores
829 1357 986 1422 bonorum
999 1357 1160 1424 habebunt
1176 1359 1237 1424 sub
1248 1361 1377 1424 domino

289 1453 427 1520 Rectore
459 1455 508 1520 vel
546 1454 670 1520 notario
706 1455 927 1519 uniuersitatis
964 1455 1127 1535 deponere
1162 1457 1268 1522 omnia
1304 1458 1375 1540 jura

287 1552 471 1632 supradicta
484 1553 533 1617 vel
551 1554 697 1634 pignora,
710 1553 760 1618 vel
772 1553 954 1618 cautionem
970 1552 1183 1620 sufficientem
1196 1555 1237 1620 de
1252 1556 1375 1622 eisdem

289 1667 421 1732 ponere,
438 1661 470 1716 et
485 1652 546 1715 hoo
562 1652 622 1716 sub
639 1667 719 1731 pena
736 1660 874 1732 quatuor
890 1651 1086 1717 stuierorum
1099 1653 1231 1719 domino
1247 1655 1375 1738 Rectorj

289 1749 564 1830 applicandorum.
583 1749 620 1814 tlt
636 1751 662 1814 si
679 1750 810 1815 dubium
827 1750 923 1816 sitan
941 1751 1015 1816 talis
1030 1752 1073 1818 sit
1088 1752 1202 1818 soloen
1223 1754 1272 1818 uel
1296 1771 1373 1830 non,

288 1847 339 1913 uel
364 1848 547 1928 periculum·
563 1849 605 1913 sit
627 1849 658 1912 in
683 1865 783 1922 mora,
801 1866 839 1914 ex
862 1859 938 1914 tunc
956 1849 994 1914 ad
1011 1850 1117 1914 statim
1133 1851 1172 1915 ad
1189 1851 1374 1916 instantiam

288 1947 518 2026 predictorum,
546 1948 573 2012 si
604 1948 665 2012 troo
694 1963 711 2010 a
741 1946 873 2013 domino
904 1948 1041 2014 Rectore
1074 1949 1291 2030 requisierint,
1319 1949 1373 2015 liet

290 2055 430 2109 arestum
468 2047 508 2110 de
545 2045 693 2110 mandato
729 2045 851 2111 domini
888 2045 1036 2112 Rectoris
1073 2047 1105 2110 in
1138 2048 1233 2112 bortis
1262 2049 1372 2113 talium

181 2147 184 2154 ’
289 2143 531 2218 decedentium,
550 2154 581 2209 et
595 2161 632 2208 ea
648 2144 730 2209 bona
746 2145 907 2226 conscrib]
923 2155 955 2210 et
970 2145 1176 2228 inuentariarj
1198 2163 1256 2228 per
1279 2164 1372 2212 suum

291 2243 450 2308 notarium
474 2242 647 2317 mandabit,
664 2243 768 2308 donec
786 2253 818 2308 et
840 2259 1008 2324 quousque
1024 2243 1064 2310 de
1081 2244 1233 2324 predictis
1245 2245 1373 2324 juribus

286 2340 384 2405 tuerit
400 2341 611 2418 satisfactum,
627 2341 678 2406 vel
696 2357 752 2422 per
767 2341 899 2406 eosdem
915 2341 1021 2408 cautio
1039 2342 1217 2408 seeundum
1229 2343 1371 2408 niodum
1487 2396 1490 2405 .

288 2439 466 2519 predictum
484 2441 598 2520 posita.

328 2537 405 2603 item
428 2539 469 2605 de
492 2549 600 2605 cetero
625 2538 787 2604 habebunt
809 2551 1009 2613 executores,
1026 2540 1164 2606 heredes
1187 2557 1244 2606 seu
1268 2538 1319 2620 aiij
1338 2539 1372 2604 in

286 2635 381 2700 bonis
418 2639 657 2719 suppositorum
696 2637 918 2703 decedentium
950 2637 1107 2704 interesse
1137 2639 1306 2713 habentes,
1332 2637 1371 2702 ad

283 2734 393 2798 statim
418 2747 489 2816 pust
514 2745 647 2802 mortem
671 2735 844 2803 cuiuslibet
867 2739 1106 2818 suppositorum
1133 2738 1370 2812 decedentium,

285 2833 520 2915 cuiuscumque
546 2835 639 2900 etiam
667 2835 863 2900 conditionis
889 2837 996 2913 luerit,
1014 2838 1182 2916 presertim
1206 2836 1373 2902 bastardu-

289 2946 359 2992 rum
389 2941 421 2996 ct
450 2942 688 3009 extraneorum,
716 2933 841 2999 mittere
870 2935 909 2997 ad
940 2934 1106 3000 dominum
1142 2921 1312 3002 Rectorem
1341 2945 1373 3000 et

285 3026 391 3092 eidem
416 3030 575 3106 intimare,
592 3048 631 3095 an
654 3031 727 3095 talis
749 3040 976 3096 testamentum
999 3033 1143 3098 condidit
1164 3033 1214 3098 vel
1238 3051 1314 3108 non,
1332 3033 1371 3097 ad

289 3123 385 3190 linem
408 3127 505 3209 quod,
522 3129 550 3193 si
568 3127 712 3210 officiarii
730 3129 851 3195 domiui
867 3131 959 3194 ducis
974 3131 1137 3196 mitterent
1151 3131 1190 3195 ad
1206 3131 1370 3196 dominum

287 3221 458 3290 Rectorem
481 3242 540 3308 pro
562 3226 720 3292 interesse
743 3225 862 3306 dominj
889 3227 993 3302 ducis,
1011 3229 1097 3309 quod
1124 3239 1199 3294 tuuc
1221 3230 1371 3294 dominus

288 3321 406 3388 Rector
431 3325 469 3390 ad
496 3325 693 3391 obuiandum
719 3325 885 3407 periculis,
903 3326 1030 3408 iniuriis
1055 3337 1086 3392 et
1112 3327 1285 3407 scandalis,
1309 3345 1371 3410 que

285 3421 459 3503 aliquando
475 3425 690 3505 contigerunt,
709 3424 813 3506 ipsum
829 3424 869 3488 de
884 3424 1017 3490 veritate
1033 3421 1234 3507 ¹respondere
1255 3428 1369 3508 possit.

330 3522 509 3598 Postremo,
527 3523 554 3588 si
571 3523 604 3586 in
620 3523 788 3604 premissis
803 3531 858 3588 aut
873 3524 978 3605 aliqua
994 3525 1226 3606 premissorum
1242 3525 1371 3609 aliquod

288 3636 345 3685 seu
362 3621 466 3703 aliqua
482 3622 644 3687 orirentur
659 3621 765 3696 dubia,
780 3621 908 3688 illorum
923 3622 1135 3700 decisionem,
1149 3623 1371 3691 diffinitionem

287 3728 319 3783 et
334 3719 630 3786 determinationem
652 3720 782 3786 habebit
797 3720 947 3787 dominus
963 3723 1082 3789 Rcotor
1097 3740 1155 3804 pro
1171 3733 1317 3806 tempore
1332 3741 1370 3790 ex

283 3833 326 3883 eo
343 3819 417 3900 quia
432 3820 537 3885 omnis
553 3819 764 3902 superioritas
779 3828 811 3885 et
828 3819 1011 3901 iurisdictio
1026 3822 1168 3888 omnium
1184 3837 1368 3898 causarum,

285 3933 395 3982 rerum
418 3928 449 3986 et
470 3921 678 4001 negociorum
699 3919 842 3984 omniurn
865 3920 1106 4001 suppositorum
1122 3929 1154 3986 et
1173 3921 1370 3987 studentium

285 4016 505 4082 uniuersitatis
521 4034 559 4084 ex
578 4017 766 4084 fundatione
787 4017 932 4084 eiusdem
954 4017 995 4086 de
1013 4019 1085 4101 jnre
1107 4028 1139 4086 et
1160 4036 1199 4085 ex
1219 4019 1371 4086 laudabili

286 4114 521 4181 consuetudine
548 4117 716 4199 hueusque
745 4115 916 4183 obseruata
942 4125 974 4184 et
1000 4119 1129 4184 statutis
1154 4128 1187 4185 et
1212 4118 1371 4185 mandatis

285 4229 345 4295 per
380 4214 505 4296 singula
542 4215 711 4298 supposito
746 4215 965 4282 vuluersitatis
1004 4216 1149 4299 prestitis
1186 4226 1311 4299 spectat
1340 4223 1371 4283 et

285 4310 503 4380 indubitanter
516 4314 555 4380 ad
571 4331 645 4382 eum
659 4315 809 4398 pertinet.
