3100 4942
670 455 835 518 -91-

202 633 258 699 sui
276 633 385 699 fratris
400 632 590 709 inherendo,
603 649 641 699 ac
656 635 731 700 dicti
748 636 843 718 studii
861 637 965 702 incre·
984 636 990 719 Ι
1012 648 1152 703 mentum
1167 638 1294 714 sitiens,

205 733 405 816 cupiensque
417 733 606 800 doctoribus
619 745 652 800 et
668 737 830 818 blagistris
843 736 946 813 ipsius
961 736 1073 818 studij,
1087 747 1121 802 ut
1137 737 1169 801 in
1186 737 1242 802 illo
1257 753 1296 803 eo

208 834 390 913 promptius
404 845 436 898 et
451 833 629 898 ferventius
646 833 782 915 legendo
797 845 829 899 et
843 835 991 901 docendo
1011 835 1189 900 litterarum
1205 852 1298 901 exer·

206 930 292 1012 oltijs
322 933 520 1003 insisterent,
550 932 724 1011 specialius
754 944 785 998 et
815 933 1011 1014 peramplius
1047 934 1231 1014 prouidere.
1263 934 1296 997 in

207 1029 352 1110 predicta
374 1047 431 1094 sex
450 1040 453 1085 3
474 1047 511 1093 ac
533 1031 565 1092 in
582 1031 719 1111 singuiis
743 1043 854 1098 sancte
877 1031 1000 1096 Gudule
1024 1031 1242 1098 Bruxeliensis
1266 1043 1298 1097 et

206 1128 238 1192 in
256 1131 359 1194 sancti
373 1129 534 1193 Gummari
549 1128 691 1194 lirensis
706 1147 744 1194 ac
759 1130 792 1194 in
808 1130 910 1195 sancti
925 1131 1008 1195 l’etri
1022 1129 1296 1205 anderlectensis,

206 1235 237 1292 et
254 1227 286 1290 in
307 1228 410 1292 sancti
429 1227 510 1291 Petri
530 1227 695 1298 Belensis,
712 1245 750 1292 ac
764 1229 796 1291 in
813 1240 924 1294 sancte
940 1226 1007 1294 Ode
1024 1229 1195 1304 llodensis,
1213 1229 1293 1293 etin

206 1327 308 1390 sancti
324 1325 481 1391 lobannis
506 1325 536 1387 in
554 1325 755 1391 Buscoducis
778 1326 1019 1392 Cameracensis
1038 1327 1043 1408 Ι
1062 1337 1094 1392 et
1116 1327 1202 1392 dicte
1219 1329 1297 1392 teo·

206 1423 330 1489 diensis
352 1425 533 1490 diocesium
557 1423 717 1505 ecclesiis,
743 1441 852 1501 vnum,
873 1423 1088 1490 Canonioatus
1109 1435 1142 1490 et
1165 1426 1295 1491 totidem

207 1522 401 1604 prebendas,
420 1541 477 1602 pro
500 1522 637 1604 singulis
661 1523 693 1586 in
716 1525 819 1589 altero
843 1525 958 1588 iurium
983 1523 1182 1600 doctoribus,
1204 1541 1241 1588 ac
1264 1525 1297 1587 in

208 1621 364 1686 lledicina
380 1632 412 1686 et
428 1620 557 1686 artibus
574 1632 649 1686 tunc
672 1623 847 1702 expressis,
866 1638 992 1688 necnon
1018 1622 1048 1685 in
1066 1622 1206 1702 qualibet
1222 1639 1294 1702 pre·

206 1719 364 1785 dictarum
379 1719 609 1796 Bruxeliensis,
626 1721 767 1786 birensis
783 1730 814 1786 et
826 1720 929 1785 saneti
951 1723 958 1795 l
978 1719 1060 1784 Petri
1074 1719 1298 1798 ecclesiarum,

206 1835 302 1883 rnnm
329 1818 426 1882 alium
453 1817 680 1883 canonicatum
705 1829 736 1884 et
761 1835 855 1882 xnam
882 1819 976 1882 aliam
1004 1817 1212 1898 prebendam,
1239 1835 1296 1898 pro

205 1917 345 1998 singulis
363 1916 480 1980 Tribus
503 1917 534 1979 in
556 1917 728 1998 Theologie
751 1917 922 1998 blagistris,
940 1917 1175 1998 quamprimum
1200 1917 1297 1980 etiam

206 2016 342 2080 facultas
358 2015 533 2097 'theologie
549 2016 613 2079 illis
637 2033 693 2095 per
709 2018 819 2081 sedem
842 2015 1052 2096 apostolicam
1077 2025 1171 2097 prout
1186 2015 1294 2080 anela-

207 2115 283 2180 bant
299 2115 444 2178 instituta
457 2124 551 2194 atque
563 2130 720 2179 concessa
732 2113 884 2178 existeret
902 2113 909 2195 Ι
928 2113 959 2176 in
972 2114 1086 2178 eodem
1099 2113 1207 2177 studio
1222 2130 1296 2192 pro-

206 2225 353 2294 tempore
374 2213 560 2293 regentibus
580 2224 611 2277 et
627 2213 819 2294 legentibus,
837 2223 868 2277 et
882 2229 1018 2293 quorum
1035 2213 1178 2275 omnium
1194 2211 1296 2276 Cano·

208 2311 370 2376 nicatuum
394 2322 426 2374 et
450 2311 683 2390 prebendarum
707 2311 836 2376 collatio
859 2322 890 2376 et
915 2311 1097 2376 omnimoda
1123 2309 1296 2389 dispositio

207 2411 246 2476 ad
265 2411 384 2475 Ducem
402 2410 570 2475 brabantie
588 2421 791 2490 protempore
806 2411 965 2475 existente
988 2428 1025 2474 ex
1048 2409 1179 2489 speciali
1203 2409 1292 2473 sedis

206 2509 386 2590 apostolice
402 2508 570 2588 priuilegio
584 2509 634 2572 cui
652 2525 714 2572 non
732 2519 782 2573 est
798 2509 828 2572 in
846 2509 952 2589 aliquo
972 2508 976 2590 Ι
995 2508 1183 2588 derogatum
1200 2521 1295 2586 spec-

205 2616 274 2672 tant
293 2615 324 2672 el
349 2608 522 2688 pertinent,
540 2605 672 2669 donauit
691 2615 722 2670 et
745 2606 877 2687 largitus
898 2617 959 2682 est,
978 2621 1016 2669 ac
1041 2605 1143 2670 uoluit
1163 2613 1194 2669 et
1216 2621 1295 2668 con-

204 2703 677 2784 cessitpariterqueordinauit,
687 2705 770 2784 quod
781 2704 960 2785 Rectorqui
975 2713 1181 2785 protempore
1192 2713 1294 2778 esset,

204 2813 236 2868 et
255 2801 364 2867 dilecti
387 2801 442 2882 filij
459 2801 653 2866 rniuersitas
676 2801 772 2882 studij
797 2802 992 2874 huiusmodi,
1011 2818 1135 2866 necnon
1161 2800 1295 2882 predicti

204 2901 448 2982 Burgimagistri
463 2899 592 2964 scabini
611 2899 617 2981 Ι
635 2909 667 2964 et
681 2900 851 2978 Consules
865 2901 904 2964 ad
918 2901 1064 2982 singulos
1076 2899 1293 2963 Cottonicatus

204 3009 235 3066 et
251 2999 432 3081 prebendas
447 2999 662 3078 supradictos,
681 3015 764 3080 quos
783 3000 816 3062 in
838 2999 977 3080 singulis
1000 2999 1121 3064 eisdem
1145 2997 1294 3079 ecclesiis

204 3108 323 3165 extunc
338 3099 465 3163 inantea
481 3097 580 3162 certis
596 3109 671 3162 tunc
687 3098 851 3180 expressis
868 3099 973 3162 modis
988 3097 1085 3162 simul
1099 3096 1149 3161 uel
1162 3113 1295 3161 succes·

204 3197 273 3262 sire
295 3212 411 3262 uacare
430 3197 643 3278 contingeret,
666 3197 813 3278 singulos
834 3197 983 3261 doctores
1005 3203 1037 3260 et
1062 3195 1128 3258 lla-
1147 3193 1152 3276 1
1172 3195 1293 3275 qistros

208 3295 373 3378 predictos
396 3305 429 3359 ut
453 3295 622 3376 prefertur,
640 3293 701 3358 sibi
726 3296 776 3360 uel
799 3293 1045 3359 successoribus
1067 3292 1135 3356 suis
1153 3292 1294 3356 oucibus

207 3393 380 3458 brabantie
400 3407 605 3474 protempore
625 3393 837 3458 existentibus
859 3392 1021 3472 perpetuis
1037 3390 1154 3454 tuturis
1170 3399 1294 3470 tempo-

204 3493 295 3558 ribus
307 3492 521 3558 communiter
535 3491 713 3565 nominare,
728 3508 852 3557 necnon
868 3493 933 3554 ltux
947 3501 978 3554 et
994 3505 1204 3555 successores
1221 3505 1294 3569 pre-

204 3592 280 3657 dicti
297 3591 402 3656 taliter
414 3591 588 3656 nominatis
604 3590 738 3657 canoni·
759 3591 765 3673 Ι
784 3601 875 3655 catus
890 3599 922 3654 et
937 3589 1117 3671 prebendas
1130 3589 1293 3669 predictos

204 3691 397 3757 conterreat
412 3689 452 3754 de
464 3689 527 3754 illis
545 3689 728 3770 prouidere,
742 3689 881 3770 illosque
896 3687 1142 3770 incorporalem
1160 3703 1292 3767 posses·

205 3791 331 3856 sionem
354 3787 603 3853 canonicatuum
627 3798 659 3854 et
682 3787 916 3869 prebendarum
940 3787 1122 3868 lariumque
1145 3795 1176 3852 et
1193 3785 1292 3868 perti-

206 3889 386 3954 nentiarum
403 3887 591 3953 eorumdem
608 3886 702 3951 stallo
718 3887 767 3951 eis
783 3887 814 3950 in
831 3885 936 3952 Choro
952 3895 985 3952 et
1000 3887 1072 3951 loco
1087 3886 1119 3948 in
1136 3883 1292 3966 Capitulis

203 3985 378 4067 assignatis
397 3985 403 4068 l
422 3985 624 4066 perdilectos
638 3983 723 4048 illios
736 3985 883 4050 Decanos
895 3997 926 4050 et
934 3985 1078 4066 capitula
1091 3983 1291 4065 singularum

203 4083 413 4150 ecclesiarum
432 4083 646 4164 predictorum
666 4083 766 4164 recipi
790 4093 822 4149 et
844 4083 966 4148 admitti
991 4084 1095 4148 lacere
1118 4095 1292 4164 procurare

204 4181 361 4248 deberent
383 4191 415 4247 et
437 4183 531 4247 etiam
554 4190 751 4259 tenerentur,
768 4188 800 4248 et
820 4181 1004 4264 quiquidem
1024 4181 1176 4246 doctores
1195 4190 1292 4260 atque
