3112 4942
765 419 930 484 ..34-

313 602 345 666 in
365 601 437 683 juro
452 601 608 665 canonico
630 598 811 665 baccalario
833 609 865 666 el
887 602 918 664 in
935 601 1058 666 artibus
1079 602 1246 684 magistro,
1262 603 1403 674 decano.

313 719 351 766 ac
372 700 512 781 capitulo
539 699 678 764 ecclesie
707 699 810 763 sancti
835 698 918 764 Petri
944 699 1156 766 bononiensis
1181 703 1405 782 capitulariter

314 807 445 881 propter
466 815 503 863 ea
525 815 588 879 que
610 807 788 878 sequuntur
815 799 1032 880 congregatis.
1058 801 1170 865 eodem
1185 801 1337 880 capituto
1362 803 1403 866 ad

313 899 375 966 boc
390 896 573 977 specialiter
588 896 721 971 indicto,
739 897 882 977 partibus
898 899 1071 974 exstiteram
1089 900 1143 980 qui
1160 900 1287 980 quidem
1305 917 1402 966 vece-

312 997 432 1062 rabiles
457 1006 489 1060 ct
518 995 744 1070 circumspecti
771 995 830 1058 viri
861 995 982 1060 domiui
1013 998 1164 1062 doctores
1194 1009 1227 1063 et
1256 1000 1401 1080 magistri

312 1093 584 1177 supranominati
614 1095 764 1174 prefatam
790 1095 1035 1161 vuluersitatem
1063 1095 1160 1177 studij
1188 1096 1400 1163 Lemniensis

313 1203 586 1276 representamus,
618 1193 747 1258 nominc
775 1205 807 1258 ct
835 1211 874 1258 rx
906 1205 995 1273 pturte
1025 1197 1147 1276 pretate
1177 1197 1400 1262 Vttirersitatis

313 1292 409 1372 studi]
437 1293 646 1356 bouaniensis
666 1309 722 1372 per
743 1309 781 1356 ns
797 1293 990 1358 rettcrabilis
1005 1303 1036 1358 et
1051 1295 1275 1376 circumspecti
1293 1297 1401 1361 viriet

312 1391 433 1459 domini
454 1391 639 1456 lobannis
661 1393 705 1456 dc
727 1390 946 1457 Grocsbcltc
969 1393 1108 1474 predicti·
1126 1393 1231 1458 debita
1253 1411 1327 1458 cum
1349 1395 1398 1457 in·

313 1492 430 1558 stantia
447 1490 627 1570 palluerunt
642 1505 680 1554 ac
697 1490 912 1571 requisierunt
928 1493 1067 1571 prelatos
1081 1492 1290 1572 prepositum,
1304 1493 1398 1558 deca·

313 1607 387 1655 aum
411 1599 443 1654 et
458 1587 633 1669 capitulum
656 1601 815 1670 quatenus
837 1590 910 1669 ipsi.
928 1591 1237 1656 secundum-omnes
1253 1601 1397 1657 tenorem

312 1701 344 1756 el
359 1688 588 1754 continentiam
605 1688 781 1752 litterarum
807 1688 1055 1768 apostolicarum
1081 1690 1271 1770 perdicium
1294 1691 1399 1755 domi·

313 1806 387 1852 num
405 1798 549 1852 nostrum
568 1804 679 1868 papam
697 1805 754 1868 pro
769 1789 910 1868 generali
928 1789 1035 1853 studio
1052 1789 1082 1851 in
1096 1789 1193 1870 opido
1208 1789 1398 1855 Louanieusi

313 1888 475 1968 perpetuis
500 1886 697 1966 temporibus
722 1889 860 1952 tenendo
887 1898 918 1952 et
944 1889 1084 1952 leuando
1110 1905 1338 1955 cnrtcessarum
1365 1901 1396 1953 et

312 1989 520 2058 indultarum.
545 2003 624 2050 suos
651 2003 846 2050 consensum
872 1997 904 2050 et
928 2002 1097 2052 assensum
1123 1988 1277 2052 adbibere
1300 1989 1398 2051 veiint

313 2102 440 2151 necnon
455 2102 581 2149 omnem
595 2083 866 2163 jurisdictionem.
882 2085 1058 2150 dominium
1075 2096 1106 2150 et
1122 2087 1287 2150 libertates
1303 2105 1396 2167 quas,

311 2187 396 2264 quod
414 2194 445 2248 et
459 2201 522 2265 que
540 2184 650 2264 prelati
666 2186 821 2258 decanus,
841 2185 1025 2264 prepositus
1040 2195 1072 2248 el
1087 2185 1260 2265 capitulum
1278 2186 1395 2250 ltabue·

310 2294 396 2358 runt.
415 2284 531 2348 babent
552 2293 584 2348 et
600 2283 718 2348 babere
735 2293 885 2363 poterunt
908 2284 939 2346 in
957 2283 1105 2348 subditos
1127 2283 1203 2348 dicti
1220 2284 1320 2363 opidi.
1339 2301 1396 2365 pto

310 2383 533 2462 purilicatioae
548 2382 692 2462 predicte
715 2382 802 2448 balle
823 2399 861 2446 ac
882 2384 1042 2463 gerrrralis
1064 2382 1160 2464 studij
1185 2383 1398 2448 lotranieusis

310 2483 495 2547 fundatione
516 2493 547 2546 et
563 2482 728 2546 erectione
744 2482 775 2544 iu
791 2482 941 2546 dorninos
959 2481 1126 2546 Rectorem
1144 2499 1181 2546 ac
1198 2484 1350 2547 doctores
1365 2491 1397 2547 et

308 2582 480 2662 magistros
503 2582 623 2659 pretate
647 2581 870 2645 Vniuersitatis
892 2582 1058 2663 resignare
1080 2592 1112 2646 et
1134 2583 1308 2646 transferre
1332 2599 1394 2646 uon

308 2679 558 2760 dedignarentur
583 2696 640 2744 seu
669 2693 868 2745 recusarent.
898 2681 956 2755 Qui
983 2681 1111 2762 quidem
1137 2680 1338 2745 reiterabiles
1364 2689 1394 2744 ct

306 2779 532 2858 circumspecti
556 2779 615 2841 viri
644 2778 839 2858 prepositus.
864 2779 1007 2843 decanus
1029 2788 1061 2844 ct
1084 2779 1257 2858 capitulum
1281 2778 1393 2842 vnutti·

307 2877 400 2942 miter
424 2889 456 2941 et
480 2878 687 2941 cottoottlilel·
714 2877 830 2940 ibidem
859 2893 916 2956 pro
947 2876 1058 2941 maiori
1089 2888 1121 2940 ct
1150 2877 1271 2940 saniori
1304 2888 1393 2958 parte

306 2976 416 3056 prelati
434 2976 563 3056 capituli
581 2975 778 3056 cortgregati,
793 2985 914 3038 matura
930 2987 961 3039 et
977 2975 1146 3040 sufficienti
1160 2975 1393 3041 deliberatione

305 3073 481 3154 preliabita,
506 3090 563 3151 per
584 3074 754 3152 uuatndam
776 3073 939 3137 scedulam
967 3074 1128 3152 papireum
1157 3091 1212 3153 per
1235 3075 1390 3154 prelatum

305 3173 471 3237 domiuum
487 3175 644 3236 decanum
661 3173 737 3234 milti
756 3173 879 3235 notario
896 3173 1024 3251 publico
1042 3173 1248 3252 infrascripto
1264 3175 1301 3236 ad
1321 3191 1393 3254 per-

305 3271 473 3352 legendum
483 3271 628 3334 traditum
639 3272 888 3351 responderunt.
903 3271 1000 3336 Caius
1013 3271 1141 3352 quidem
1154 3273 1286 3339 sceonle
1301 3283 1392 3338 tenor

304 3369 452 3448 sequitur
467 3377 499 3432 et
516 3377 566 3432 est
581 3368 654 3432 lulis
672 3389 680 3431 a

344 3467 408 3532 Nos
433 3467 627 3546 prepositus,
645 3467 800 3540 decenus,
817 3467 980 3532 walterus
1004 3467 1147 3548 Nepotis.
1175 3467 1331 3534 ilenricus
1353 3470 1394 3532 de

302 3566 425 3640 castre,
443 3565 595 3630 Nicolaus
611 3567 651 3630 de
670 3567 777 3639 balac,
798 3567 928 3646 Epidius
945 3566 1065 3642 ssoede,
1083 3567 1266 3631 Gossuinus
1282 3571 1322 3632 de
1337 3567 1393 3630 Zo-

303 3680 423 3737 meren‚
442 3664 593 3728 Nicolaus
616 3666 656 3727 de
678 3663 877 3744 Stuprordiu.
893 3665 1056 3730 lebannes
1074 3665 1170 3729 lliuck
1194 3677 1226 3730 ot
1247 3667 1393 3730 tterrerns

300 3761 477 3836 Corsbaur,
505 3763 651 3826 canonici
679 3764 817 3828 ecclesio
849 3765 951 3828 sancti
977 3764 1061 3828 l‘elri
1096 3765 1310 3836 lonaniensis.
1336 3779 1394 3844 per

299 3862 420 3924 dictum
444 3861 608 3924 dorniuum
634 3862 789 3932 decanum
814 3863 957 3941 capitulo
984 3880 1082 3941 super
1110 3863 1160 3925 itis
1186 3863 1306 3926 iutlicto
1329 3877 1393 3941 quc

299 3969 480 4039 sequuntur
497 3969 529 4022 ut
545 3960 646 4023 maior
661 3967 693 4024 el
708 3961 817 4024 sanior
834 3977 908 4040 pars
925 3961 1026 4040 ipsius
1042 3960 1174 4040 capituli
1190 3959 1390 4040 congregali,

299 4073 423 4121 nectton
450 4057 643 4121 scolasticus
666 4057 811 4122 eiusdem
836 4060 974 4123 ecclesie
997 4059 1202 4122 cortcorditer
1224 4068 1256 4122 ct
1279 4057 1390 4120 vitani·

299 4155 591 4228 introrumpere
604 4157 755 4238 predictis
769 4157 1386 4237 discrepantetranslcrimnsquantum
