3236 4944
804 423 927 510 -lbb
950 472 988 494 -

350 643 411 710 qua
424 621 607 709 jurisdictio
624 625 676 691 tali
695 627 790 694 modo
808 628 986 710 negabitur,
1002 627 1062 692 sub
1076 643 1178 709 poena
1192 627 1380 710 privationis
1393 623 1433 692 ab

350 737 408 793 usu
433 723 672 808 privilegiorum
698 728 802 793 dictae
824 728 1051 793 Universitalis
1075 736 1106 791 el
1129 727 1224 792 odicii
1253 728 1302 792 sui
1329 729 1435 809 spatio

352 829 445 892 unius
465 828 551 901 anui,
574 837 604 892 et
624 828 684 892 alia
705 829 742 891 ad
760 829 926 893 arbitrium
947 828 1067 892 domiui
1085 827 1231 892 ilectoris
1247 827 1432 908 infligenda,

350 927 450 992 salvis
473 937 576 992 tamen
600 927 845 1008 exceptionibus
871 927 1102 1002 declinatoriis,
1126 943 1207 1008 quae
1234 927 1435 993 subsistente

347 1027 1433 1110 jurisdictioneCorrservatorisdejmevelprivilegiocompeleront.

392 1158 421 1223 3.
447 1159 559 1224 Nullus
587 1168 829 1241 procuratorum
859 1177 916 1240 pro
942 1161 1049 1242 aliquo
1075 1171 1162 1226 extra
1191 1161 1252 1226 boc
1278 1159 1433 1241 oppidum

352 1262 549 1330 lovaniense
562 1260 722 1325 habitante
735 1260 1431 1342 oausamaliquamdelendettdamsusoipiat,

350 1360 412 1426 uisi
429 1361 457 1424 is
474 1361 569 1443 eligat
584 1359 622 1422 in
646 1360 708 1423 boc
727 1361 846 1440 oppido
869 1360 1058 1424 {lovaniensi
1076 1359 1271 1425 domicilium
1290 1376 1347 1440 pro
1364 1360 1431 1423 sin·

350 1461 434 1544 gulis
464 1460 708 1525 executionibus
737 1468 848 1525 contra
880 1477 951 1524 eum
981 1461 1018 1524 ad
1051 1461 1233 1526 instantiam
1272 1459 1431 1542 suppositi

350 1560 562 1627 conveniendi
580 1560 744 1624 iaciendis.

391 1693 422 1756 l.
447 1693 477 1756 Si
506 1693 632 1774 quando
658 1693 829 1774 eontigerit
862 1692 1104 1758 tlrriversitatem
1132 1711 1192 1758 suo
1218 1693 1265 1758 vel
1297 1693 1432 1759 alterius

351 1795 480 1860 uomina
496 1809 602 1858 coram
620 1792 750 1856 domino
766 1791 996 1857 conservatore
1012 1809 1068 1858 seu
1083 1793 1190 1874 iudice
1205 1791 1312 1874 aliquo
1334 1809 1431 1873 apos-

350 1895 447 1958 lolieo
473 1893 640 1956 instituere
669 1909 797 1955 catusnm
825 1892 975 1972 aliquam,
1008 1901 1197 1972 procurator
1223 1891 1430 1957 Universitati

349 1993 449 2074 gratis
466 1993 596 2066 serviat,
614 1992 682 2071 ipsa
699 1991 911 2056 Universitate
928 1993 975 2056 vel
993 1991 1062 2072 ejus
1080 1998 1265 2071 promotore
1281 2007 1430 2057 succum·

352 2093 445 2157 beute
460 2102 514 2156 aui
529 2109 565 2156 ex
583 2091 689 2173 aliquo
704 2099 832 2164 eventu,
850 2107 1007 2172 exponens
1024 2108 1086 2156 non
1103 2100 1335 2173 consequente.

393 2225 422 2288 5.
448 2224 679 2288 Procuratores
702 2232 763 2287 tam
788 2223 908 2288 domiui
934 2223 1080 2288 llenioris
1103 2239 1197 2304 quam
1214 2222 1334 2288 domini
1351 2221 1436 2288 Con·

352 2324 527 2388 servatoris
544 2323 678 2403 siugulis
695 2323 788 2386 aruris
804 2324 902 2388 altera
915 2323 997 2388 beati
1014 2323 1155 2388 Thomas
1170 2322 1307 2404 apostoli
1324 2338 1434 2388 coram

352 2424 564 2488 Uuirursitate
586 2431 791 2503 compareant
813 2433 843 2488 et
866 2440 923 2487 sua
947 2423 1049 2488 cilicia
1074 2423 1248 2506 rosignerti;
1267 2440 1433 2505 perquam

353 2522 600 2604 resignationem
624 2537 735 2586 eorum
758 2521 863 2588 officia
888 2523 1020 2602 perinde
1043 2539 1156 2588 vacare
1173 2533 1378 2598 censeantur,
1395 2539 1435 2588 ac

351 2623 377 2687 si
397 2639 577 2703 percorum
594 2621 715 2686 obitum
732 2638 789 2687 seu
806 2621 885 2686 alias
901 2639 1030 2704 quoquo
1048 2621 1143 2688 niodo
1160 2633 1323 2688 vacarent.

394 2837 453 2902 Les
469 2837 617 2902 bellonae.
637 2840 680 2902 lle
695 2837 789 2917 officio
805 2838 989 2904 bedellorum
1010 2839 1200 2906 ordinabunt
1221 2839 1341 2904 Sicinio
1359 2837 1434 2904 Utri·

351 2940 499 3002 versitatis
515 2937 607 3018 (apud
625 2937 783 3016 llnuauuu,
800 2940 880 3004 Hisi.
892 2939 996 3016 Unio„
1011 2938 1063 3004 ed.
1078 2938 1123 3004 lle
1136 2939 1226 3015 Rani,
1239 2938 1280 3015 ll,
1295 2935 1408 3020 p.914l
1422 2961 1430 3002 ε

392 3091 421 3153 l.
448 3089 578 3164 Budelli,
596 3098 765 3171 antequam
781 3089 819 3153 ad
833 3089 1047 3156 exercendum
1060 3087 1201 3155 cilinium
1214 3105 1308 3154 suurn
1321 3087 1433 3153 admit·

351 3197 468 3263 tantur,
488 3198 651 3268 praestent
662 3188 876 3270 juramentum
893 3189 1167 3260 intitulandorum
1182 3187 1207 3253 si
1222 3189 1311 3270 prius
1323 3187 1431 3254 intitu-

350 3289 402 3352 lati
423 3305 484 3352 non
501 3299 603 3360 erant,
621 3298 652 3353 ei
667 3289 783 3354 deiude
799 3291 860 3354 boc
876 3289 959 3372 quod
977 3289 1122 3371 sequitur
1140 3305 1148 3352 ε

393 3387 489 3468 oligo
516 3389 552 3450 N.
575 3387 659 3466 juro,
688 3389 771 3469 quod
799 3388 938 3453 officium
966 3404 1071 3452 meum
1099 3387 1237 3453 ildeliler
1262 3385 1432 3464 exercebo,

349 3498 472 3552 secrato
492 3487 714 3552 Univereilatis
732 3498 762 3551 ei
779 3489 1018 3568 magistrorum,
1037 3489 1162 3568 siquae
1183 3487 1348 3562 audivero,
1367 3503 1432 3551 non

350 3588 550 3660 revelabam
566 3587 700 3662 eisdem,
719 3598 814 3666 prout
829 3588 930 3659 decet.
947 3587 1063 3666 ubique
1080 3587 1220 3652 savorem
1236 3587 1431 3666 impendam,

349 3699 380 3754 et
397 3705 459 3753 non
477 3687 596 3767 exigam
611 3704 627 3750 rt
642 3687 803 3768 magistris
817 3697 848 3750 et
861 3687 1063 3752 scholaribus
1079 3703 1211 3752 munera
1228 3686 1431 3758 inconsueta.

349 3806 408 3854 uec
431 3788 513 3852 dabo
537 3786 755 3851 testimonium
779 3786 877 3851 studii
905 3804 961 3851 seu
991 3786 1256 3868 frequentationis
1282 3785 1433 3852 lectionis

347 3889 442 3952 alicui
459 3904 520 3953 non
539 3886 765 3968 frequentanti.
787 3911 799 3945 n

387 4018 417 4082 b.
442 4019 587 4084 Officium
605 4019 805 4084 bedellorum
823 4019 865 4084 sit
886 4019 981 4084 terias
1001 4029 1030 4085 et
1054 4018 1251 4095 vacationes,
1269 4017 1344 4084 item
1365 4018 1433 4084 leu-

346 4119 450 4184 tiones
467 4129 498 4184 et
513 4118 749 4207 disputationes
766 4129 796 4184 et
812 4119 928 4184 similia
945 4120 976 4183 in
994 4119 1119 4185 sobolis
1134 4118 1298 4185 ordinarie
1320 4118 1431 4199 legen·

347 4219 424 4284 tium
448 4218 623 4300 publicare,
639 4221 905 4300 congregationes
925 4220 1061 4286 tideliter
1083 4221 1239 4297 intimare,
1258 4220 1428 4286 Rectorem
