3194 4940
652 457 839 526 -ΞΠ-

202 642 440 724 Stoclrelpot,
484 643 735 712 Godelridum
778 645 823 709 de
868 641 1063 724 compete.
1107 639 1286 705 loanuem

202 743 383 810 lleerman
415 753 446 810 et
475 744 704 811 metricum
735 744 780 810 de
809 744 1002 818 stelionis,
1033 741 1148 806 artium
1169 739 1291 822 magis*

202 849 282 920 tros,
299 859 337 907 ac
362 843 540 909 loannem
566 845 611 910 de
637 844 767 910 Platea
793 844 872 909 alias
897 843 944 909 de
969 842 1069 917 lira,
1094 839 1177 923 juris
1192 854 1288 905 cano·

203 941 265 1006 niel
289 941 532 1008 baccalaureum
547 948 651 1026 (quem
674 943 804 1010 invenio
831 943 969 1024 primum
991 939 1138 1007 eiusdem
1154 937 1238 1022 juris
1254 937 1286 1001 in

202 1039 373 1107 Academia
397 1041 585 1108 lovaniensi
614 1043 829 1109 renuntiatum
853 1042 954 1108 luisse
979 1040 1177 1106 licentiatum
1200 1053 1287 1102 anno

202 1157 439 1207 cmoeccsuvn.
463 1159 513 1206 vur
536 1141 691 1208 kalendas
717 1141 931 1224 septembris),
955 1139 1130 1205 dummodo
1156 1138 1227 1219 ipse
1252 1135 1286 1198 in

203 1239 340 1320 primum
356 1241 580 1306 adsumeretur
592 1243 774 1317 Rectorem,
790 1241 1012 1324 resignaturos
1024 1237 1169 1304 eamdem
1182 1234 1287 1316 digni·

202 1347 309 1414 tatem,
334 1346 389 1404 aut
412 1339 506 1414 ultro,
531 1341 580 1405 vel
604 1356 644 1406 eo
670 1350 825 1424 tempere,
850 1341 934 1424 quod
959 1339 1005 1404 illi
1028 1335 1228 1404 universitas
1254 1333 1286 1397 in

202 1438 329 1504 statutis
352 1440 589 1520 praescriberet.
606 1441 726 1507 Placuit
751 1442 858 1523 itaque
881 1439 1023 1521 praetatis
1046 1435 1235 1502 doctoribus
1255 1441 1288 1498 et

202 1537 364 1619 magistris
376 1539 522 1605 eumdem
547 1539 787 1606 Guilielmum
812 1539 1043 1606 scholasticum
1056 1536 1105 1602 sic
1117 1532 1242 1600 adsumi
1255 1541 1288 1598 et

201 1637 300 1718 recipi
324 1638 355 1701 in
372 1638 554 1704 Rectorem.
572 1638 607 1704 ln
630 1639 724 1706 cuius
746 1639 793 1705 rei
809 1640 938 1721 signum
961 1628 1112 1702 traditum
1136 1642 1168 1699 et
1183 1633 1286 1714 impo-

201 1737 297 1802 situm
314 1737 372 1803 luit
387 1738 482 1820 capiti
499 1739 587 1804 illius
602 1739 763 1820 caputium
780 1755 852 1804 eum
870 1737 985 1821 pennis
1002 1733 1145 1802 dovario
1161 1732 1285 1798 ledera-

202 1843 279 1910 tum.
306 1845 339 1901 ut
364 1837 481 1919 legitur
507 1839 538 1904 in
564 1839 780 1904 instrumento
805 1836 979 1904 creationis
1001 1834 1095 1918 primi
1122 1832 1284 1900 Rectoris.

201 1935 343 2018 actaque
354 1947 431 2004 sunt
442 1938 502 2004 ista
516 1938 547 2002 in
559 1939 648 2006 curia
660 1939 729 2004 sive
740 1939 837 2006 domo
852 1937 1041 2004 consulatus
1052 1950 1150 2009 anno,
1165 1949 1287 2007 mense,

202 2034 254 2101 die
268 2036 473 2117 supradictis.

243 2157 257 2194 u
272 2134 365 2200 Anno
380 2153 458 2202 vero
473 2138 622 2220 sequenti
637 2156 889 2213 ermccccmxvn„
907 2135 1011 2218 pridie
1026 2133 1179 2200 kalendas
1191 2131 1286 2216 junii,

192 2235 364 2316 resignato
387 2235 419 2299 in
444 2253 558 2303 manus
575 2237 800 2304 Universitatis
823 2237 930 2302 oilieio
953 2243 1147 2308 rectoratus.
1164 2232 1288 2298 electus

200 2335 258 2400 luit
284 2335 451 2404 loannes
481 2354 499 2402 a
528 2337 790 2412 promosset,
821 2339 927 2422 legum
943 2337 1070 2411 doctor,
1087 2334 1183 2400 etsie
1199 2332 1286 2398 dein·

199 2451 288 2515 ceps,
307 2436 411 2516 primo
426 2437 555 2519 quidem
573 2455 631 2519 pcr
645 2455 749 2504 annos
763 2438 886 2520 aliquot
901 2435 1037 2518 singulis
1053 2433 1283 2507 trimestrlltus,

199 2544 272 2614 post
307 2535 445 2617 singulis
481 2537 705 2615 semestribus,
741 2537 780 2602 ad
817 2537 902 2620 quod
941 2545 1067 2617 tempus
1103 2531 1285 2600 continuari

199 2633 358 2715 hodieque
374 2635 530 2701 Rectores
553 2637 671 2718 alloqui
689 2637 868 2702 trimestres
888 2636 1010 2711 solent;
1028 2634 1125 2716 idque
1145 2649 1202 2715 per
1218 2631 1285 2696 sin·

198 2733 289 2814 gulas
312 2734 493 2810 facultates,
520 2735 669 2801 nimirum
693 2735 747 2800 SS.
770 2751 944 2812 canonum,
969 2735 1089 2816 legum,
1115 2731 1284 2798 medicine

198 2841 293 2914 atquc
316 2832 443 2909 artium,
466 2834 583 2916 quibus
612 2835 727 2901 deinde
757 2852 841 2901 anno
866 2850 1121 2899 crnceccmxxru.
1149 2830 1288 2896 accessit

198 2931 331 2995 lacultas
348 2932 381 2995 S.
400 2933 569 3014 theologice
583 2957 609 2997 n.
628 2933 713 3000 Haec
730 2935 879 2999 Vacemus
896 2934 1052 3008 Annaeus,
1076 2933 1164 2999 l'ustl
1177 2931 1287 2995 arnde-

197 3031 280 3105 miei,
298 3031 351 3096 cd.
369 3031 480 3107 altera,
499 3031 574 3100 Lov.
595 3033 687 3110 llidll,
706 3051 757 3118 pp.
776 3033 885 3098 att-32.

237 3245 327 3309 Volci
346 3246 376 3310 la
392 3247 464 3312 lists
478 3247 635 3332 compldte
656 3249 711 3312 des
726 3261 863 3314 recteurs
879 3249 1004 3332 jusqu’d
1028 3250 1057 3312 la
1080 3247 1285 3331 suppression

196 3343 235 3406 de
260 3345 468 3410 l’Universits
494 3367 534 3411 en
564 3369 653 3432 ¹797·
682 3349 775 3412 Nous
802 3349 921 3412 laisons
949 3349 1054 3411 suivre
1079 3348 1135 3409 des
1160 3345 1286 3410 chidrcs

197 3443 338 3506 romains
356 3469 363 3508 :
385 3447 410 3519 l,
428 3447 474 3519 ll,
491 3448 540 3510 tll
555 3461 629 3521 etc„
645 3447 689 3511 les
705 3467 799 3510 nome
816 3449 854 3512 de
869 3468 947 3511 ceux
962 3448 1018 3530 qui
1036 3447 1141 3511 iurent
1157 3445 1285 3509 investis

196 3541 212 3604 ὲ
229 3542 387 3624 plusieurs
403 3545 535 3627 reprises
547 3546 586 3608 de
602 3547 630 3608 la
647 3546 769 3630 dignit&
781 3547 944 3612 rectorale.
963 3545 1060 3610 Selon
1076 3545 1194 3626 l'usage
1211 3563 1283 3626 requ

196 3641 308 3721 depuis
331 3641 487 3724 l'origine‚
506 3643 527 3706 it
545 3664 576 3707 se
593 3645 696 3712 faisait
718 3666 762 3709 un
781 3647 960 3710 roulement
982 3660 1070 3710 entre
1085 3645 1130 3707 les
1147 3643 1284 3706 diverses

196 3739 324 3804 iacultds
338 3759 419 3822 pour
431 3743 459 3805 le
471 3743 564 3807 choix
579 3745 621 3808 du
637 3759 769 3820 recteur,
784 3760 814 3810 et
829 3745 896 3809 cela
911 3746 991 3808 dans
1003 3744 1119 3808 l'ordre
1129 3745 1256 3808 suivant
1275 3766 1282 3804 ε

196 3838 367 3922 theologie,
384 3841 470 3907 droit
492 3846 685 3930 canonique,
703 3845 788 3911 droit
809 3845 895 3922 civil,
914 3845 1077 3909 me'decine
1098 3858 1129 3910 et
1143 3856 1219 3908 arts.
1239 3843 1283 3906 La

196 3938 308 4003 lacuit&
319 3941 451 4026 charge'e
464 3945 503 4006 de
515 3944 661 4027 designer
673 3947 701 4010 le
717 3946 868 4010 candidat
879 3946 908 4008 le
923 3945 1106 4009 choisissait
1118 3941 1285 4027 regutiere-

196 4051 283 4103 ment
299 4041 400 4122 parmi
417 4062 465 4104 ses
481 4045 655 4120 membres;
672 4045 732 4108 elle
749 4045 880 4129 pouvait
897 4043 1088 4108 ncanmoins
1104 4043 1132 4105 le
1148 4041 1283 4124 prendre

195 4137 274 4198 dans
297 4155 361 4202 une
375 4153 464 4204 autre
486 4141 613 4214 faculis.
630 4162 757 4206 comme
779 4143 844 4206 cela
860 4157 906 4210 est
921 4142 1023 4206 arrivs
1046 4141 1283 4225 frequemment

197 4253 279 4318 pour
300 4235 331 4300 la
355 4235 469 4304 inculte
490 4240 530 4304 de
547 4240 721 4305 medecine.
740 4243 833 4306 Nous
858 4241 1046 4326 indiquons,
1064 4239 1081 4304 ‘a
1096 4239 1125 4305 le
1141 4239 1223 4304 suite
1237 4238 1288 4304 du
