3194 4940
717 395 901 462 -iid-

264 580 422 658 versitati,
441 579 483 646 uti
500 579 693 646 intrantibus
715 580 808 646 faciat
825 587 1012 662 potestatem
1036 581 1219 664 postulandi
1235 581 1350 650 Recto·

264 699 333 750 rem
359 699 397 746 ex
424 681 485 745 alia
512 681 672 746 facultate.
701 679 866 746 illectione
888 699 945 747 seu
970 682 1188 764 postulatione
1209 682 1351 765 legitime

265 779 586 862 facta,quireotoratu
600 779 783 862 defungitur
795 797 912 845 nounm
926 780 1094 846 Rectorem
1107 785 1248 864 (accepto
1262 782 1351 862 prius

263 881 303 946 ab
319 898 357 947 eo
371 881 564 962 juramento,
581 882 662 964 quod
684 880 809 945 scilicet
830 881 961 960 filialiter
982 887 1011 944 et
1033 880 1196 963 diiipcetcr
1218 881 1351 962 officium

265 987 432 1046 rectoratus
461 981 675 1046 Uolucrsitutia
703 980 902 1045 aecaniensis
927 980 1090 1056 exercebit,
1118 982 1207 1044 iusta
1231 987 1352 1045 statuto

265 1080 402 1144 eiusdem
416 1079 498 1144 editu
512 1085 542 1143 ct
554 1080 683 1154 edcrrdo,
701 1097 738 1143 uc
753 1079 843 1156 diua,
860 1079 1117 1162 quemadmodum
1131 1081 1191 1144 aidi
1202 1098 1259 1163 pro
1272 1081 1352 1146 bono

269 1179 481 1244 Uolucrsr'tutis
496 1180 638 1261 expedire
652 1179 817 1255 uidebitur,
835 1181 909 1257 etc.)
932 1195 989 1260 per
1004 1178 1100 1260 sigilli
1125 1189 1307 1246 rectoratus
1322 1189 1352 1246 et

266 1279 403 1346 aliorum
424 1278 462 1342 ad
480 1277 664 1343 huiusmodi
687 1275 828 1343 officium
852 1277 1080 1360 pertinentium
1100 1279 1304 1345 traditionem
1321 1287 1354 1346 ct

265 1376 386 1458 caputii
413 1376 446 1440 in
476 1377 629 1442 humeros
656 1377 893 1461 impositionem
923 1377 1062 1442 investit.
1096 1379 1209 1445 Postea
1235 1379 1354 1446 flector

266 1476 358 1542 solus
374 1493 461 1542 esua
473 1476 625 1542 facultate
641 1477 783 1542 nominat
795 1476 1048 1561 vioe-rectorem,
1063 1477 1156 1542 cuius
1170 1478 1265 1545 nullae
1278 1488 1350 1544 sunt

266 1585 386 1656 parles,
404 1575 466 1640 nisi
490 1575 628 1641 Rectore
651 1575 795 1642 absente.
812 1575 850 1639 Et
866 1583 955 1640 notat
977 1592 1101 1657 praeses
1117 1577 1298 1643 Everardus
1320 1577 1353 1642 in

265 1675 339 1742 loeo
350 1692 459 1750 exarc,
474 1678 529 1740 Aoi
540 1677 776 1758 surroputr'onis,
791 1675 899 1758 «quod
915 1674 1033 1766 Reolor
1046 1676 1211 1756 praeclarae
1222 1676 1354 1743 Univer-

270 1797 283 1836 u
301 1774 405 1840 sitatis
422 1774 630 1840 Louaniensis
653 1791 716 1839 noo
733 1783 845 1855 posset
859 1773 892 1837 in
908 1789 966 1839 sua
986 1773 1132 1838 absentia
1155 1775 1354 1844 substituere

269 1895 283 1934 r
300 1874 349 1938 rel
362 1873 434 1939 loco
447 1873 497 1938 sui
510 1889 683 1957 surrogare
695 1873 1073 1953 oorriugatnm,cumtalis
1085 1873 1124 1938 ab
1137 1873 1229 1940 initio
1240 1891 1279 1940 ex
1291 1885 1354 1941 sta·

270 1980 370 2037 »tuto
385 1972 423 2036 ad
440 1971 628 2053 dignitatem
644 1972 835 2039 rectoralem
852 1971 926 2054 eligi
944 1987 1008 2036 non
1026 1972 1142 2052 possit.
1160 1973 1219 2040 ille
1234 1981 1353 2052 tamen,

269 2095 283 2131 r
300 2071 354 2154 qui
367 2071 425 2137 fuit
436 2071 578 2154 legitime
591 2073 714 2139 electus
727 2073 858 2146 flector,
868 2070 896 2137 si
911 2079 1034 2151 postea,
1045 2071 1180 2138 durante
1194 2082 1353 2140 rectoratu

270 2170 396 2236 »ducat
424 2188 568 2248 uxorem,
595 2188 658 2237 non
687 2171 791 2253 perdit
816 2171 1002 2252 dignitatem
1028 2171 1232 2236 rectoralen.
1257 2173 1353 2238 Multa

270 2293 284 2330 r
301 2270 386 2334 enim
403 2270 580 2351 impediunt
596 2271 751 2346 facienda,
765 2287 837 2353 quae
854 2286 918 2336 non
933 2269 1049 2334 tollunt
1061 2270 1122 2334 iarn
1137 2271 1230 2336 facta.
1246 2273 1282 2338 Et
1296 2273 1350 2352 ita,

269 2368 415 2448 linquit,
434 2369 598 2435 observari
620 2371 685 2435 vidi
709 2371 740 2434 in
765 2385 904 2452 persona
927 2367 1168 2449 praeclarissimi
1193 2371 1354 2436 senatoris

268 2467 338 2530 ui).
357 2468 438 2532 Petri
462 2468 650 2550 l'bpostole,
667 2469 812 2536 doctoris
831 2467 914 2550 juris
931 2467 1098 2549 utriusque
1117 2467 1317 2549 peritissimi.
1339 2491 1354 2531 r

266 2566 405 2632 Uxorem
427 2583 555 2649 quoque
570 2568 671 2642 duxit,
689 2568 831 2633 nondum
856 2566 946 2632 linito
969 2575 1141 2643 rectorem,
1160 2567 1295 2634 Hermes
1311 2569 1351 2634 de

267 2665 415 2746 Winglre,
431 2665 513 2746 juris
530 2668 698 2749 utriusque
722 2667 849 2743 doctor,
867 2674 939 2746 post
955 2664 1072 2730 Caesari
1089 2667 1353 2734 accuratioribus

267 2765 414 2830 consiliis
432 2775 464 2830 ct
479 2782 497 2828 a
519 2765 650 2841 libellis,
668 2783 752 2832 anno
776 2782 980 2830 crnrnnxxur.
997 2781 1027 2828 vr
1045 2781 1146 2830 nonas
1161 2765 1356 2844 decembris,

267 2862 421 2944 deinceps
436 2864 653 2930 uice-rectore
670 2883 786 2931 munus
802 2865 874 2931 eius
890 2865 1049 2946 explente.

311 2961 467 3028 «Primus
482 2980 560 3030 uero
584 2980 601 3028 a
626 2965 763 3030 ltfartino
779 2965 814 3028 tl.
841 2963 991 3044 pontifice
1015 2962 1048 3026 in
1071 2961 1158 3028 bulla
1181 2963 1356 3030 erectionis
1462 2970 1465 2978 ’

266 3077 325 3141 per
340 3061 594 3143 quinquennium
612 3064 794 3129 nominatus
811 3064 870 3128 fuit
886 3063 1004 3129 flector
1022 3061 1175 3144 magister
1198 3062 1356 3130 Guiliel·

268 3177 349 3226 mus
392 3161 567 3244 Nepotis,
609 3164 692 3246 juris
732 3164 880 3230 canonici
922 3161 1165 3237 baccalaureus,
1207 3163 1357 3228 ecclesia

268 3258 305 3321 lt.
324 3259 407 3325 Petri
424 3263 652 3330 scholasticus.
670 3263 729 3340 Qui
745 3271 851 3328 tamen
868 3278 954 3328 anno
969 3279 1197 3326 craccccnxvr.
1214 3279 1265 3326 rru
1282 3262 1356 3328 idus

268 3358 463 3439 septembris
486 3372 602 3442 sponte
617 3365 718 3430 cessit
734 3362 798 3444 iuri
822 3378 860 3427 ac
876 3360 1043 3442 priuilegio
1059 3376 1120 3426 suo
1134 3359 1239 3441 quoad
1263 3361 1356 3442 quin·

268 3457 455 3538 qucnnium,
473 3460 616 3542 illudque
633 3461 796 3528 transtulit
817 3462 849 3524 in
866 3461 1018 3526 doctores
1040 3475 1078 3524 ao
1092 3458 1265 3539 magistros
1282 3459 1358 3526 Uni-

268 3555 453 3622 versitatem
489 3560 587 3624 studii
624 3560 740 3626 novelli
777 3569 853 3626 tunc
891 3567 1173 3642 repraesentantes,
1206 3558 1356 3624 nimirum

269 3652 448 3722 ioannem
464 3658 509 3723 dc
524 3657 1105 3741 Groesbeecl,lcgum,llicolaun
1122 3657 1166 3722 de
1182 3656 1356 3733 Promea,

266 3752 350 3833 juris
367 3757 544 3839 utriusque,
573 3758 753 3824 ioannem
780 3759 826 3824 de
850 3757 980 3833 Neele,
1010 3755 1177 3822 medicinae
1193 3755 1355 3831 doctores,

269 3850 475 3920 Gerardum
498 3857 550 3922 ile
566 3857 705 3941 Brupn,
730 3859 846 3922 artium
860 3855 1048 3936 magistrum
1061 3864 1092 3920 et
1109 3853 1192 3933 iuris
1210 3855 1358 3920 canonici

269 3949 525 4032 baccalaurcum,
549 3959 704 4024 decanum
732 3956 879 4024 ecclesiae
902 3955 935 4020 S.
955 3955 1051 4030 Petri,
1083 3953 1283 4020 ilenricum
1313 3955 1358 4022 de

271 4049 385 4127 Mera,
417 4051 620 4120 decretorum
644 4056 854 4130 licentiatum,
887 4053 1138 4121 Godefriduru
1172 4052 1356 4128 Crolutne,

269 4147 452 4217 Ioannem
482 4155 527 4220 de
556 4155 706 4233 Tuldel,
736 4155 918 4220 Joarrucrn
948 4152 1139 4234 Redolplri
1168 4150 1248 4216 alias
1278 4151 1358 4224 Flu÷

270 4244 385 4330 mingi
418 4251 666 4332 dedidcnardo,
700 4255 847 4318 reiron
884 4252 929 4318 de
958 4251 1143 4327 Recesse,
1179 4248 1357 4316 ioannem
