3222 4944
761 461 946 528 -tlt-

306 646 435 711 rrumiuc
464 645 589 726 collegi]
626 645 793 727 utriusque
819 645 901 726 juris
932 631 1096 711 d'curiuuur
1136 655 1292 711 rectorem
1332 663 1394 725 uro

306 745 588 810 aurniuistraciouc
608 744 738 824 iusticie
754 755 785 809 ct
800 745 996 810 execuciuue
1011 761 1121 810 curum
1140 745 1215 810 uoui
1232 745 1340 810 statuti
1354 745 1391 826 J'u

309 845 635 909 materiatutelarum.
764 854 770 861 ·

348 944 417 1018 Quo
439 943 477 1006 ud
503 945 638 1024 uriruuur
662 943 829 1008 articulum
853 943 972 1025 placuit
994 943 1191 1008 urriuersilati
1213 943 1298 1025 quud
1315 961 1392 1008 sus-

309 1041 465 1123 ueudatur
490 1043 641 1107 execuciu
664 1043 698 1123 ju
727 1043 857 1108 materia
878 1043 1048 1108 tutelarum
1074 1050 1104 1107 et
1130 1043 1214 1124 quud
1239 1043 1392 1107 domiuus

310 1149 416 1206 rector
432 1141 525 1206 faciat
542 1141 648 1222 uucarj
665 1143 834 1222 deputatus
857 1143 895 1206 ad
912 1141 1157 1222 concipiendum
1179 1142 1298 1225 aliquid
1316 1143 1391 1208 buci

309 1241 340 1304 iu
357 1241 466 1305 eaderu
485 1240 615 1304 materia
633 1240 694 1305 sub
710 1241 871 1306 relacione
887 1241 923 1305 ad
943 1241 1193 1306 uniuersitatem.

351 1439 387 1502 El
410 1439 520 1502 ultimo
543 1446 694 1520 ruaglsler
711 1439 889 1504 willelmus
909 1439 991 1504 liclit
1014 1449 1045 1504 rt
1069 1439 1168 1521 prior,
1186 1451 1217 1504 et
1242 1439 1395 1521 magister

310 1537 471 1620 Rcbcttus
487 1539 568 1603 Lacu
588 1541 715 1603 uoruiue
732 1539 856 1620 collegi]
875 1541 1042 1621 utriusque
1054 1539 1137 1619 juris
1154 1539 1395 1621 requisiucruut

311 1638 473 1702 duruiuurn
497 1649 654 1702 rectorem
679 1657 735 1720 pro
755 1639 1046 1704 arumirristracicue
1065 1637 1194 1720 justicie
1210 1638 1243 1720 ju
1263 1637 1395 1704 materia

312 1739 479 1802 tutelarum
508 1747 652 1818 petentes
679 1740 718 1803 dc
745 1739 805 1804 hoc
828 1738 1078 1820 justrurueutuut
1109 1747 1140 1804 et
1164 1737 1392 1820 justrurueuta.

312 1838 463 1901 Similiter
478 1837 618 1901 decanus
636 1838 793 1901 facultatis
810 1838 925 1902 artium
942 1837 1124 1901 assistendo
1137 1836 1277 1901 dorciuis
1294 1836 1393 1917 pricrj

312 1947 343 2002 ct
372 1937 557 2001 ductoribus
587 1939 712 2018 collegii
745 1939 908 2018 utriusque
934 1937 1016 2017 juris
1048 1937 1140 2017 pecijt
1167 1949 1197 2001 et
1225 1937 1396 2017 reuuisiuit

311 2035 474 2099 uumiuuru
501 2045 657 2099 rectorem
685 2053 740 2116 [uc
764 2036 1047 2100 alruiuistracicue
1066 2033 1244 2116 justicieju
1263 2036 1395 2100 materia

311 2133 480 2196 tutelarum
499 2131 642 2195 lrabeuda
661 2141 772 2211 peleus
787 2131 1038 2211 justruureulum
1055 2141 1087 2195 et
1098 2129 1325 2212 justruureuta.

757 2283 822 2336 ricta
841 2282 1043 2345 Universt'lulis,
1061 2281 1106 2342 [V.
1122 2281 1171 2340 sol.
1187 2281 1223 2334 25
1239 2287 1263 2334 r⁶
1277 2288 1302 2334 et
1318 2287 1356 2336 v⁰.

358 2489 391 2551 ll
402 2490 501 2566 juillet
520 2489 608 2578 llltl.
629 2489 779 2552 llectcrat
794 2489 833 2553 de
851 2487 960 2552 Pierre
976 2487 1016 2552 de
1034 2487 1123 2550 Riuo.

356 2687 481 2750 llccirua
505 2696 615 2767 quarta
635 2686 705 2766 jullj
724 2686 844 2766 jr‘rdicta
867 2685 924 2750 l'uit
947 2685 1160 2765 congregacio
1175 2682 1397 2750 uniuersitatis

314 2787 389 2849 lrcra
408 2803 489 2848 ucria
506 2786 588 2864 apud
607 2788 861 2866 augustinenses
878 2800 976 2864 super
993 2783 1054 2864 hijs
1071 2783 1226 2847 articulis.

356 2984 432 3048 lteru
450 2982 553 3064 quoad
569 2993 722 3064 ccucepla
752 2999 807 3063 uer
822 2982 991 3070 deputatus
1010 2982 1044 3044 iu
1063 2981 1194 3046 materia
1211 2981 1398 3055 tutelaruru,

314 3083 394 3146 lecta
413 3083 469 3146 luit
491 3080 620 3146 scedula
643 3091 884 3162 collocuturum,
903 3091 935 3145 et
951 3081 1080 3146 fuerunt
1101 3079 1206 3160 atique
1230 3080 1400 3145 facultates

316 3189 460 3261 puteales
482 3181 618 3261 cupiam.
638 3181 673 3242 Et
698 3181 815 3259 placuit
836 3179 1032 3260 vuiuersilatj
1054 3180 1137 3258 quud
1161 3181 1291 3243 daretur
1306 3180 1413 3258 ccuia'

316 3280 510 3361 patentibus,
527 3289 558 3344 ct
574 3279 758 3359 specialiter
776 3279 856 3344 Dcll't
881 3289 911 3342 vt
928 3279 1015 3358 urica·
1031 3277 1110 3342 dixit
1132 3295 1168 3342 se
1192 3277 1279 3342 uullu
1304 3278 1402 3340 modu

315 3380 396 3443 rulle
417 3378 602 3444 cuuseutire
622 3379 788 3459 conceptis
806 3395 862 3458 uer
877 3379 1059 3458 deputatos,
1077 3377 1133 3441 sed
1154 3377 1235 3442 velle
1251 3377 1402 3442 ccuierre

315 3495 386 3540 curu
403 3477 540 3558 collegio
558 3494 631 3542 suc.

709 3628 776 3680 Acta
795 3627 996 3688 [Interamnatis
1014 3625 1059 3691 IV,
1078 3627 1126 3680 iol.
1143 3625 1179 3680 25
1193 3635 1220 3677 r⁰
1233 3630 1261 3680 et
1274 3625 1311 3678 26
1326 3633 1362 3680 r0.
