3100 4942
688 436 871 499 -ll8-

237 617 363 700 possint
384 616 699 700 efficeremeliores,
715 617 755 682 ad
778 625 934 698 tempora,
958 617 998 684 de
1019 616 1146 702 qulbus,
1159 615 1321 684 ridebitur

235 715 370 790 eisdem,
397 716 582 790 arrendare,
606 716 725 792 locare,
750 715 801 782 vel
826 716 865 781 ad
893 714 1016 782 firmam
1041 732 1100 781 seu
1127 716 1317 797 pensionem

235 829 374 880 annuam
409 815 592 880 concedere
626 814 764 892 valeant,
795 815 1051 896 dyocesanorum
1086 815 1231 880 locorum
1266 815 1317 882 vel

235 911 369 978 alterius
391 913 623 994 cuiuscumque
644 929 742 994 super
764 913 826 978 boc
842 913 975 978 licencia
998 913 1128 978 minime
1151 914 1316 995 requisita.

142 1153 146 1161 Ι
225 1079 412 1138 Δηηιααείοη
431 1085 479 1136 dea
497 1085 604 1134 clonae:
621 1085 655 1135 tle
673 1085 747 1134 decit
764 1097 894 1134 comm
910 1086 1065 1136 metm
1080 1086 1100 1136 d
1118 1085 1147 1135 lo
1162 1087 1321 1136 mcmictt

678 1177 716 1228 du
732 1176 873 1240 ptdollepc.

278 1291 347 1356 Non
370 1292 573 1358 obstantibus
595 1294 623 1358 sl
642 1295 809 1370 Doctores,
828 1293 982 1374 Magistri,
1001 1293 1186 1370 licenciati,
1205 1294 1318 1360 Bacca·

224 1387 305 1469 ‚larij
322 1399 352 1454 et
368 1391 511 1456 scolares
527 1391 661 1471 predicti
681 1391 713 1456 in
729 1391 810 1473 ipsis
825 1393 972 1474 ecclesiis
995 1392 1066 1458 siue
1081 1393 1162 1458 locis
1185 1392 1317 1473 primam

237 1505 301 1554 non
326 1489 460 1554 iecerint
483 1490 687 1570 personalem
710 1491 915 1558 residentiam
942 1502 1141 1566 consuetam,
1164 1502 1195 1556 et
1218 1492 1319 1558 eciam

236 1586 264 1651 si
280 1587 358 1652 alias
385 1589 445 1664 eis,
461 1589 547 1670 quod
570 1589 644 1654 alibi
661 1607 756 1672 quam
780 1591 810 1654 in
829 1591 958 1671 prelatis
980 1589 1129 1672 ecclesljs
1145 1591 1215 1656 siue
1239 1592 1318 1656 locis

236 1686 410 1751 residendo
423 1688 557 1764 tructus,
572 1690 717 1756 redditus
729 1699 760 1754 et
777 1700 952 1769 prouentus
964 1690 1191 1756 beneficiorum
1206 1691 1317 1756 buius-

238 1785 322 1850 modi
339 1786 572 1866 imperpetuum
594 1789 644 1854 vel
660 1790 698 1854 ad
722 1800 844 1864 certum
862 1799 988 1869 tempus
1003 1790 1103 1854 eciam
1130 1789 1190 1854 iam
1209 1792 1317 1854 lbrsan

235 1883 286 1947 vel
304 1884 443 1950 nondum
470 1887 614 1967 elapsum
632 1889 797 1968 percipere
820 1889 954 1968 possint,
972 1890 1148 1969 apostolica
1174 1889 1318 1968 predicta

235 1981 286 2046 vel
322 1983 482 2048 ordinaria
518 1985 708 2052 auctoritate
741 2003 933 2052 concessum
971 1987 1077 2063 luerit,
1108 1997 1140 2052 et
1173 1998 1233 2052 tant
1268 1989 1319 2068 pie

236 2081 390 2148 memorie
418 2083 567 2166 Bonilacij
600 2102 680 2166 pape
706 2086 773 2168 viij.
801 2087 900 2151 eciam
928 2087 1172 2167 predecessoris
1203 2087 1317 2162 nostri,

236 2195 292 2259 per
307 2196 400 2260 qnam
416 2183 647 2248 concessiones
661 2184 843 2248 huiusmodi
860 2185 931 2250 sine
945 2183 1147 2264 prefinitione
1163 2185 1317 2264 temporis

236 2275 303 2342 lleri
322 2279 543 2358 probibentur,
560 2298 655 2363 quam
678 2283 749 2364 alijs
772 2283 971 2364 apostolicis,
991 2301 1113 2348 necnon
1139 2284 1169 2346 in
1187 2284 1317 2364 prouin-

233 2375 368 2442 cialibus
390 2388 421 2442 et
436 2381 645 2459 synodalibus
665 2382 813 2463 concilijs
837 2383 930 2446 editis
945 2382 1151 2464 gerteralibus
1176 2383 1224 2447 vel
1241 2399 1317 2462 spe·

217 2475 366 2552 ,cialibus
388 2479 684 2556 constitutionibus,
702 2498 739 2546 ac
761 2481 1017 2562 quibuscumque
1039 2481 1167 2546 statutis
1191 2489 1221 2546 el
1237 2498 1316 2546 oon-

217 2576 458 2648 ‚suetudinibus
470 2579 680 2644 ecclesiarum
699 2583 907 2661 locorumque
920 2581 1115 2660 prefatorum
1132 2581 1315 2660 contrariis,

214 2672 425 2753 iuramento,
442 2677 686 2742 confirmatione
701 2679 878 2757 apostolica
894 2679 943 2743 vel
959 2679 1070 2759 quavis
1090 2680 1150 2742 alia
1169 2679 1316 2746 firmitate

233 2771 370 2848 vallatis,
388 2775 487 2838 eciam
512 2777 595 2841 side
619 2777 683 2842 illis
706 2777 876 2843 seruandis
899 2788 931 2842 et
946 2795 1007 2842 nou
1032 2777 1240 2858 impetrandis
1263 2777 1315 2844 lit-

235 2871 312 2935 teris
341 2875 530 2952 apostolicis
559 2887 671 2940 contra
697 2894 746 2952 ea,
773 2877 932 2958 dictisque
962 2877 1078 2942 litteris
1108 2893 1171 2941 non
1198 2875 1316 2942 utendo

233 2969 334 3034 eciam
351 2970 390 3035 ab
406 2972 470 3036 allo
486 2975 534 3038 vel
550 2974 622 3054 aliis
637 2975 814 3054 impetratis
835 2985 889 3040 aut
904 2975 983 3039 alias
998 2975 1114 3056 quouis
1132 2975 1227 3040 modo
1242 2990 1318 3039 con·

232 3069 348 3144 cessis,
380 3070 441 3150 ipsi
480 3072 645 3146 doctores,
680 3075 831 3154 llagistri,
866 3075 1049 3148 Licenciati,
1083 3072 1255 3153 eanoatarij
1287 3081 1319 3138 et

232 3168 377 3234 scolares
400 3171 596 3249 prostiterint
616 3172 771 3236 hactenus
793 3174 840 3238 vel
864 3189 921 3237 eos
938 3173 1146 3253 imposterum
1171 3181 1316 3251 prestare

231 3267 403 3347 contigerit
419 3268 552 3332 forsitan
572 3270 806 3350 jurameutum3
824 3288 882 3336 seu
898 3273 926 3334 si
943 3272 1087 3336 locorum
1109 3269 1281 3350 ordinariis
1297 3285 1314 3332 a

231 3363 314 3430 Sede
327 3367 838 3445 apostolicasiteoncessum,vet
851 3373 976 3436 inantea
989 3369 1313 3450 concedicontingat,

230 3464 315 3544 quod
339 3465 514 3532 canonicos
536 3477 568 3533 el
585 3485 739 3548 personas
761 3470 970 3534 ecclesiarum
995 3486 1124 3534 suarum
1148 3469 1314 3532 ciuitatum

231 3572 263 3624 et
285 3563 474 3639 diocesium,
492 3567 592 3630 eclam
617 3568 647 3631 in
671 3568 891 3651 dignitatibus,
912 3568 1243 3634 administrationibus
1265 3565 1314 3631 vel

231 3660 346 3742 officijs
362 3663 567 3743 constitutos,
586 3683 642 3745 per
656 3667 926 3732 substractionem
950 3675 1163 3746 prouentuum
1180 3680 1313 3729 suorum

231 3761 525 3826 ecclesiasticorum
542 3765 592 3828 vel
607 3765 685 3830 alias
701 3767 896 3847 compellere
912 3767 1037 3831 valeant
1052 3765 1091 3828 ad
1108 3764 1313 3828 residendum

233 3859 445 3935 personaliter
461 3861 492 3924 in
509 3863 650 3938 eisdem:
667 3873 721 3929 aut
736 3865 764 3928 si
780 3864 954 3946 ordinariis
971 3864 1124 3945 predictis
1140 3875 1169 3928 et
1187 3861 1314 3926 dilectis

232 3955 307 4036 dlijs
343 3957 484 4038 ipsarum
520 3963 731 4028 ecclesiarum
768 3965 919 4044 capitulis
949 3963 1000 4030 vel
1036 3962 1206 4044 quibusuis
1243 3959 1313 4040 alijs

231 4057 443 4122 communiter
465 4060 515 4124 vel
542 4062 671 4127 diuisim
700 4063 741 4128 ab
767 4065 878 4128 eadem
904 4062 986 4128 Sede
1011 4063 1053 4127 sit
1076 4059 1232 4124 indultum
1258 4066 1313 4122 aut

231 4151 440 4234 imposterum
455 4158 615 4242 indulgeri
638 4162 813 4244 contingat,
830 4161 914 4242 quod
931 4161 1096 4226 canonicis
1117 4169 1147 4225 et
1164 4157 1312 4240 personis
