3112 4942
645 445 819 542 ...21'5'-

180 659 314 740 :quinto
328 657 618 736 idus.decembris'
630 660 838 742 pontificatus
859 661 912 734 suiw
931 676 1015 726 anno
1032 667 1117 725 nobo
1135 662 1191 740 per
1205 674 1288 744 suas

192 757 317 823 litteras
332 774 423 822 more
439 757 581 843 Romanae
605 760 694 825 curie
716 760 866 836 bullatas,
882 771 916 826 rt
929 760 1117 826 litterarum
1140 758 1285 824 sciencia

193 855 726 940 deo'auct'ore›magis'inagisque
747 875 786 924 ac
808 859 939 926 vberius
962 858 1122 931 refloreat,
1143 867 1285 934 mantes,

180 954 378 1020 intellectus
400 965 433 1019 et
454 955 551 1020 corda
573 956 764 1029 deuotorum
788 958 910 1040 irriguo
925 973 987 1022 suo
1003 957 1090 1021 lonte
1105 956 1285 1029 madescat,

179 1069 231 1118 ac
246 1073 304 1136 per
319 1071 389 1119 eam
408 1072 545 1130 morum,
563 1056 713 1120 virtutum
730 1065 761 1122 et
782 1057 991 1138 deuotionqm
1013 1055 1111 1135 copie,
1128 1054 1282 1135 multipli-

178 1163 308 1218 centur
329 1163 361 1220 ct
383 1166 544 1236 tamquam
560 1153 591 1218 iu
609 1157 723 1220 tellure
738 1156 901 1236 compluta
916 1155 954 1231 tl)
970 1153 1126 1218 seminate
1142 1153 1281 1218 lructum

190 1253 372 1333 germinent
398 1253 603 1334 speciosum
629 1254 668 1318 ad
695 1253 854 1318 instantes
879 1252 1135 1330 etbunrillimas
1167 1267 1287 1332 preces

190 1351 254 1417 Sue
269 1353 437 1416 sanctitati
455 1352 605 1432 repetitis
627 1353 753 1432 vicibus
777 1353 879 1418 nostri
903 1369 961 1435 pro
986 1361 1076 1432 parto
1097 1359 1283 1432 suggestas,

191 1451 224 1514 in
250 1451 349 1532 opido
377 1460 488 1516 nostro
516 1451 708 1527 lcuaniensi,
737 1451 915 1517 leodiensis
941 1450 1083 1516 diocesis
1112 1467 1150 1514 ao
1179 1447 1283 1514 nostri

190 1551 326 1615 ducatus
356 1549 536 1626 brabantie,
559 1551 632 1616 loco
659 1550 758 1632 igitur
779 1551 897 1628 vineis,
921 1551 1032 1632 pratis,
1056 1549 1193 1632 riualis,
1217 1547 1285 1612 lru·

179 1649 287 1731 -gibus
301 1660 333 1714 et
349 1649 505 1714 fructibus
521 1665 559 1714 ac
574 1649 646 1730 aliis
662 1651 748 1715 circa
764 1646 1125 1728 victualianecessarijs
1137 1645 1286 1727 referto,

188 1749 224 1829 jn
240 1763 316 1813 aare
331 1748 416 1813 dulci
433 1760 465 1812 ct
480 1748 564 1814 bona
581 1750 736 1831 temperie
751 1749 881 1823 situato,
900 1749 971 1813 loco
987 1747 1116 1829 quidem
1133 1744 1289 1826 spacioso

178 1856 223 1912 ct
245 1845 399 1928 jocondo,
427 1857 459 1912 et
484 1848 535 1911 ubi
567 1865 675 1913 mores
705 1848 913 1929 burgensium
940 1856 972 1912 et
998 1847 1178 1910 incolarum
1205 1853 1283 1909 sunt

188 1944 332 2026 benigni,
349 1945 491 2011 studium
513 1947 664 2026 generate
687 1947 738 2026 pie
761 1957 793 2012 et
808 1963 848 2011 ex
863 1963 923 2010 sue
939 1943 1158 2010 miserationis
1174 1933 1287 2006 innata

188 2045 367 2110 clemencia
389 2045 502 2122 erexit,
526 2047 610 2126 quod
635 2045 777 2112 diuersis
794 2044 1008 2120 libertatibus,
1024 2041 1283 2128 exemptionibus

190 2151 222 2209 et
244 2143 420 2226 privilegiis
443 2143 481 2208 ad
506 2145 642 2210 aliorum
666 2145 847 2210 studiorum
871 2143 1069 2225 generalium
1091 2142 1194 2207 instar
1219 2140 1287 2206 lul·

190 2243 291 2307 citum
313 2243 493 2308 ‹iecorauits
508 2243 554 2306 Ad
576 2244 668 2322 caius
690 2245 820 2323 quidem
842 2242 938 2324 studij
963 2240 1222 2323 prosecutionem
1241 2254 1280 2303 ao

191 2341 295 2422 ipsius
317 2342 358 2406 de
377 2351 486 2407 cetero
501 2342 774 2408 continuationem
791 2341 831 2406 de
846 2339 1078 2422 spectabilibus
1093 2348 1126 2404 et
1139 2337 1285 2419 egregiis

191 2439 393 2517 doctoribus,
428 2439 606 2506 licenciatis
641 2451 674 2506 et
710 2440 873 2522 magistris
908 2440 941 2502 in
977 2437 1065 2502 omni
1100 2437 1283 2527 litterarum

190 2540 345 2613 sciencia,
359 2550 562 2622 preterquam
579 2541 610 2603 in
627 2556 719 2606 soora
731 2539 916 2621 Tbeologia,
931 2537 1066 2604 eruditis
1081 2534 1287 2601 sufficienter

191 2638 394 2719 procidimus
414 2655 453 2703 ac
476 2638 639 2719 prouideri
662 2638 807 2702 lecimus.
825 2639 885 2712 Qni
907 2636 1067 2717 siquidem
1082 2635 1233 2699 doctores
1248 2643 1287 2698 et

188 2737 334 2818 magistri
361 2737 502 2801 lecturas
528 2753 617 2813 suas,
642 2737 777 2818 quilibet
803 2735 833 2799 in
861 2751 921 2800 sua
947 2734 1108 2808 facultate,
1133 2749 1171 2798 ac
1196 2730 1284 2795 alios

187 2842 365 2900 consuetos
379 2846 472 2900 actus
487 2835 679 2901 scolasticos
695 2835 838 2900 secunda
850 2835 902 2898 die
915 2833 1036 2898 mensis
1048 2829 1193 2896 octobris
1206 2844 1284 2910 pro·

188 2933 273 2998 xime
304 2935 408 2997 lutura
437 2933 476 2996 ad
496 2933 558 2999 dci
588 2933 714 2998 laudem
740 2943 772 2998 et
798 2933 954 2998 bonorem
980 2930 1188 3006 inchoabunt,
1216 2927 1284 2992 deo

187 3031 325 3098 ductore
353 3033 621 3114 prosperandum.
649 3031 687 3097 lit
714 3041 746 3095 vt
776 3039 839 3095 tam
871 3031 958 3110 pium
990 3039 1118 3109 tamque
1147 3026 1283 3093 salubre

187 3131 383 3212 principium
410 3130 613 3196 laudabiliter
635 3129 851 3196 inchoandum
873 3129 935 3194 deo
959 3127 1103 3208 propicio
1126 3123 1280 3191 effectum

188 3230 343 3310 consequi
365 3247 556 3310 prosperum
573 3231 766 3295 laudabilius
781 3229 886 3294 valeat
907 3236 939 3293 et
956 3227 1110 3300 uotiuum,
1127 3225 1166 3290 nd
1189 3223 1275 3306 quod

186 3329 351 3399 doctores.
366 3329 549 3411 magistros,
559 3329 753 3402 licentiatos,
765 3326 962 3394 baccalarios
974 3336 1006 3390 et
1017 3328 1160 3396 scolares
1175 3337 1279 3404 quos-

185 3427 264 3493 libet
286 3427 439 3508 hylariter
459 3429 646 3505 incitamus,
662 3428 752 3508 ipsos
767 3437 799 3492 et
814 3441 927 3492 corum
943 3423 1117 3506 quemlibet
1131 3422 1171 3486 ab
1187 3419 1276 3486 omni

186 3527 303 3592 iniuria
325 3537 356 3591 et
371 3527 539 3602 violencia,
556 3527 632 3591 dum
655 3543 738 3607 opus
760 3526 868 3601 luerit,
886 3541 943 3606 per
965 3533 1078 3589 nos-ct
1099 3519 1278 3586 officiarios

187 3635 321 3690 nostros
337 3625 454 3706 vbtquo
470 3633 656 3690 nostrorum
672 3627 856 3698 ducatuum,
874 3632 1033 3688 terrarum
1048 3628 1081 3687 et
1102 3620 1273 3693 ditionum,

187 3733 251 3788 tam
275 3739 333 3805 per
355 3735 472 3790 terram
495 3742 588 3805 quam
614 3741 671 3806 per
692 3740 818 3806 aquam,
842 3723 1012 3788 defensare
1034 3719 1219 3785 curabimus
1242 3725 1277 3782 et

186 3824 282 3898 tueri,
299 3840 337 3888 ac
359 3824 398 3888 ab
417 3824 567 3904 opidanis
582 3834 613 3890 et
625 3823 744 3906 incolis
760 3823 837 3887 dicti
854 3823 956 3887 nostri
972 3819 1059 3902 opidi
1075 3815 1276 3883 louaniensis

184 3922 323 3988 dulciter
338 3932 370 3987 et
383 3939 533 3988 amorosa
547 3923 689 3998 tractari,
707 3921 858 3995 bannitis,
872 3919 1062 4002 proscriptis
1078 3935 1115 3982 ao
1131 3914 1278 3996 fugitiuis

220 4135 260 4211 pt
280 4137 334 4191 cs·
353 4135 516 4202 recitem«,
530 4135 575 4192 aa.
596 4137 630 4191 aa
652 4135 721 4190 raes
743 4138 775 4210 p,
799 4154 826 4208 p.
848 4134 896 4207 as)
914 4135 1037 4189 nonnam
1057 4133 1092 4188 aa
1117 4094 1274 4198 comprare,

175 4243 219 4282 au
234 4227 291 4282 lieu
305 4227 340 4281 do
352 4231 501 4294 comptum.
512 4225 540 4280 lt
553 4228 612 4282 iant
624 4231 769 4294 comptum,
785 4227 832 4300 qui
846 4227 957 4297 rignida
969 4227 1069 4280 errore
1078 4240 1133 4290 por
1145 4229 1174 4277 to
1184 4227 1274 4316 pluis.
