3246 4944
612 495 613 500 ἵ
705 423 890 488 -oatt-

717 652 873 717 cxtvtlt.

294 799 448 874 Quoniam
474 809 579 865 autem
605 803 721 866 l'rustra
745 810 776 866 et
798 802 869 868 sine
885 802 988 867 fructu
1006 803 1093 884 leges
1109 801 1259 878 eduntur,
1277 801 1337 867 nisi

253 899 346 964 etiam
371 899 549 964 executioni
576 900 779 977 mandentur,
798 919 856 966 neo
879 901 970 967 laoile
992 900 1171 967 executioni
1196 901 1337 965 mandari

251 1006 369 1079 queant
385 1007 416 1062 et
432 996 462 1060 in
480 998 589 1079 vigore
604 999 776 1088 contineri,
794 1001 855 1066 nisi
871 1000 986 1082 aliquis
1002 999 1153 1082 advigilat
1170 1008 1201 1065 et
1223 1017 1337 1082 super·

252 1095 403 1171 intendat,
422 1096 495 1162 ideu
518 1097 594 1172 Nos,
612 1098 665 1180 qni
691 1099 802 1164 barum
827 1100 931 1181 legum
956 1111 1080 1166 maturo
1100 1099 1338 1181 judiciumque

251 1193 388 1259 oonsilio
411 1194 564 1260 factarum
590 1206 774 1279 perpetuam
801 1207 832 1264 et
858 1199 1073 1264 inviolabilem
1101 1197 1338 1264 observantiam

252 1292 344 1358 valde
370 1293 603 1370 desideramus,
625 1297 762 1378 aliquem
791 1298 1051 1366 constituendum
1078 1314 1152 1364 esse
1176 1297 1337 1372 duximus,

252 1392 305 1474 qui
342 1393 458 1459 seriam
496 1393 637 1476 ipsarum
676 1412 785 1460 euram
818 1405 922 1479 gerat,
952 1397 1036 1462 siout
1067 1414 1123 1478 per
1151 1405 1339 1479 praesentes

252 1491 478 1558 constituimus
495 1494 671 1574 praefatum
687 1495 851 1560 dominum
873 1499 1024 1564 leucatem
1051 1497 1210 1572 liranum,
1226 1511 1338 1561 saonae

252 1590 432 1672 theologiae
459 1591 669 1669 licentiarum,
687 1593 833 1659 abbatem
860 1595 1064 1670 lercensem,
1083 1593 1287 1677 injungentes
1308 1594 1336 1659 ei

251 1700 283 1755 et
319 1691 507 1756 mandantes
544 1691 700 1766 districte,
739 1701 772 1757 nt
810 1694 921 1759 barum
959 1694 1064 1776 legum
1100 1693 1336 1759 observantiam

253 1799 403 1870 procuret
423 1806 518 1871 quam
542 1800 647 1872 potest
668 1793 918 1870 exactissimam,
935 1793 1087 1875 advigilet
1110 1801 1140 1857 et
1164 1793 1336 1868 adnitatur,

253 1897 286 1952 ot
321 1905 435 1954 omnes
469 1889 612 1954 omnium
643 1891 826 1956 facultatum
859 1893 1062 1973 professores
1092 1891 1338 1974 diligentissime

252 1988 388 2052 doceant
411 1988 567 2054 lectiones
590 2007 677 2063 suas,
696 1991 756 2054 nisi
780 2008 818 2055 ex
842 1992 949 2057 causis
973 1993 1041 2057 suis
1067 1991 1148 2056 loeis
1173 1989 1338 2072 expressis

253 2103 423 2167 numquam
448 2089 614 2164 omittant;
635 2089 753 2170 alioqui
778 2107 836 2170 pro
861 2107 1048 2172 unaquaque
1064 2091 1183 2156 omissa
1200 2089 1337 2154 lectione

253 2192 372 2249 tantum
390 2185 429 2252 de
452 2187 620 2268 stipendiis
644 2189 681 2251 ad
708 2187 815 2253 minus
839 2190 887 2254 eis
910 2190 1107 2264 detrabatur,
1125 2197 1277 2271 quantum
1300 2205 1337 2254 ea

254 2301 311 2364 pro
329 2283 464 2369 duobus
490 2285 605 2350 diebus
631 2286 819 2352 ascendunt.
837 2290 875 2353 lt
901 2290 928 2353 si
956 2289 1009 2369 qui
1038 2289 1251 2370 professores,
1272 2303 1336 2352 non

255 2383 401 2448 obstante
418 2384 532 2452 mulcta
553 2395 584 2450 et
599 2385 828 2461 admonitione,
846 2387 910 2452 sint
933 2388 965 2451 in
988 2387 1135 2454 docendo
1159 2386 1262 2467 ignavi
1287 2385 1336 2451 vel

256 2482 350 2547 nimis
372 2482 557 2564 frequenter
573 2483 735 2559 absentes,
754 2485 803 2549 vel
819 2487 981 2550 extraneis
998 2487 1148 2568 negotiis,
1165 2483 1337 2566 quominus
1426 2483 1429 2489 '

253 2581 370 2646 dooere
408 2582 544 2663 possint,
575 2583 705 2648 nimium
748 2584 912 2665 implicati,
944 2585 1090 2650 volumus
1127 2594 1160 2650 ut
1196 2583 1234 2647 ad
1271 2583 1337 2648 Nos

249 2679 381 2756 deferat,
401 2690 433 2746 ut
453 2682 484 2745 in
508 2699 547 2748 eo
571 2685 760 2764 tempestive
783 2684 832 2747 vel
856 2700 914 2764 per
934 2684 1128 2750 amotionem
1152 2683 1261 2748 talium
1284 2683 1334 2747 vel

250 2779 310 2842 alia
337 2781 504 2845 commoda
528 2781 651 2846 ratione
676 2783 914 2862 provideamus,
933 2792 1028 2864 prout
1050 2791 1180 2848 nostrae
1202 2781 1333 2846 Univer-

252 2877 335 2940 sitati
352 2885 384 2944 et
396 2876 574 2958 juventutis
591 2881 746 2960 profectui
763 2881 916 2962 expedire
928 2881 1154 2962 iudicabimus.

728 3044 860 3110 cxtlx.

292 3173 477 3241 blandamus
499 3177 594 3242 etiam
618 3178 816 3259 magistratui
842 3187 954 3244 nostro
976 3178 1180 3253 Lovaniensi,
1207 3187 1240 3242 ut
1265 3177 1337 3242 dili-

250 3281 362 3354 genter
383 3275 525 3340 attendat
547 3292 585 3338 an
609 3293 723 3342 omnes
747 3277 951 3358 professores
980 3286 1012 3343 et
1035 3277 1089 3342 alii
1114 3277 1253 3342 universi
1278 3294 1336 3342 sua

251 3372 357 3436 munia
375 3374 433 3439 rite
448 3384 660 3456 exequantur;
685 3387 716 3440 et
739 3375 766 3442 si
789 3392 884 3457 quem
904 3376 1064 3442 defectum
1082 3377 1254 3458 reperiant,
1273 3393 1336 3440 non

251 3471 394 3536 omittant
420 3474 566 3538 eumdem
590 3475 773 3558 significare
796 3475 960 3557 praedicto
984 3485 1093 3541 nostro
1117 3475 1281 3556 deputato,
1303 3483 1336 3539 ut

251 3572 448 3637 conveniens
465 3573 640 3638 remedium
657 3575 817 3640 coinmuni
834 3574 970 3640 oonsilio
986 3573 1185 3640 adhibeatur.

765 3739 824 3804 cb.

292 3869 327 3934 Et
351 3872 610 3953 quandoquidem
639 3874 803 3954 praedicto
830 3881 942 3939 nostro
972 3873 1184 3954 magistratui,
1212 3881 1274 3937 tam
1304 3869 1336 3934 in

249 3965 409 4049 theologia
436 3985 530 4051 qnam
557 3971 587 4034 in
615 3982 751 4054 utroque
776 3972 848 4054 jure
875 3981 906 4038 et
933 3972 1102 4046 medicina,
1127 3969 1337 4053 quarumdam

250 4065 422 4132 lectionum
453 4070 605 4150 competit
635 4071 776 4148 collatio,
800 4073 950 4136 volumus
981 4079 1025 4147 ut,
1051 4071 1137 4136 omni
1166 4070 1275 4134 favore
1301 4083 1338 4131 ac

255 4164 376 4243 privato
400 4166 513 4233 affectu
534 4169 685 4246 seclusio,
703 4171 740 4234 ad
757 4171 860 4236 dictas
877 4171 1032 4236 lectiones
1049 4169 1185 4234 maxime
1200 4168 1337 4232 idoneos
