3246 4944
696 433 883 498 -583-

245 615 424 682 craesbeek
440 615 506 698 (qui
529 616 678 681 besterna
695 616 798 680 dicad
817 615 1039 697 publicandam
1057 624 1175 681 certam
1191 616 1329 697 aliquam

243 715 363 796 scripto
394 715 835 796 conceptamcniversitatis
861 715 1075 780 visitationem
1104 716 1165 780 buc
1191 716 1329 782 advene-

242 821 327 889 runt,
345 829 483 894 eumque
506 814 538 878 in
563 815 657 880 funem
675 815 769 879 Suam
790 813 1055 896 Magnificentiam
1073 814 1329 895 interpellarunt)

243 912 415 993 designare
437 922 560 978 certum
585 914 690 978 locum
715 915 878 978 ethoram
906 913 943 977 ad
971 913 1088 977 dictam
1114 913 1328 979 visitationem

245 1011 399 1093 publicari
424 1021 456 1076 et
479 1013 672 1094 promulgari
689 1012 862 1077 videndum
879 1022 909 1076 et
924 1012 1130 1078 audiendum.
1149 1013 1250 1093 Super
1266 1029 1329 1094 ouo

243 1127 281 1174 ex
309 1108 450 1174 unanimi
478 1111 661 1175 facultatum
690 1111 921 1176 deliberatione
951 1110 1110 1176 conclusit
1141 1110 1329 1191 magnificus

242 1207 392 1274 dominus
430 1209 547 1274 flector
584 1209 757 1276 mittendos
793 1227 868 1274 esse
898 1211 935 1274 ad
969 1209 1149 1289 praedictos
1179 1209 1328 1274 dominos

241 1307 386 1373 abbatem
418 1309 610 1374 Parcensem
648 1319 680 1374 et
714 1309 935 1374 consiliarium
973 1297 1152 1374 Craesbeek
1185 1309 1327 1373 decanos

242 1406 439 1488 singularum
456 1407 639 1472 facultatum
654 1409 692 1472 ad
712 1409 843 1473 eosdem
861 1407 1036 1488 rogandum
1051 1416 1208 1488 quatenus
1222 1406 1328 1470 visita·

243 1505 361 1570 tionem
374 1505 598 1570 Universitatis
612 1507 754 1585 peritios
769 1506 992 1588 publicandam
1006 1506 1110 1570 dictae
1122 1505 1325 1570 Universitati

243 1606 480 1672 communicare
502 1605 684 1692 dignentur,
703 1616 757 1671 aut
778 1607 890 1671 saltem
910 1605 1076 1687 aliqualem
1094 1605 1325 1685 inspectionem

241 1703 433 1790 concedere,
450 1713 618 1787 antequam
643 1705 787 1787 ciusdem
812 1705 1004 1770 visitationis
1027 1704 1122 1768 realis
1146 1703 1198 1766 frat
1222 1703 1323 1781 publi-

241 1803 324 1868 catio
339 1812 370 1868 et
387 1805 609 1886 promulgatio.

283 2022 296 2059 ι
317 2002 434 2066 liudem
451 2003 504 2066 die
521 2001 636 2067 indicta
655 2003 712 2067 fuit
731 2001 939 2086 congregatio
954 2000 1191 2066 Universitatis.
1211 2002 1322 2082 inqua

242 2099 362 2164 domini
385 2099 498 2165 decani
521 2101 661 2182 quinque
684 2101 880 2180 facultatum,
898 2111 931 2166 ut
953 2099 1168 2166 commissarii
1190 2101 1323 2165 Univer-

239 2198 343 2263 sitatis
356 2199 559 2263 declararunt
572 2210 742 2279 quatenus,
753 2199 842 2280 juxta
855 2199 1114 2264 commissionem
1132 2199 1212 2279 ipsis
1228 2199 1323 2262 bodie

239 2296 279 2360 ab
308 2297 521 2362 Universitate
551 2298 667 2369 datam,
691 2298 890 2362 accesserint
918 2297 1130 2362 reverendum
1159 2297 1321 2362 dominum

237 2394 382 2460 abbatem
401 2395 591 2462 Parcensem
609 2405 640 2460 et
658 2395 891 2476 amplissimum
914 2395 1078 2460 dominum
1101 2395 1319 2459 consiliarium

237 2493 431 2572 Stephanum
462 2493 674 2573 craesbeeck,
693 2502 726 2559 ut
752 2495 936 2558 visitatores
962 2493 1206 2568 Universitatis;
1223 2493 1322 2572 petie-

238 2603 375 2672 runtque
401 2593 545 2673 eiusdem
568 2593 791 2658 Universitatis
816 2594 944 2658 nomine
967 2593 1028 2656 sibi
1053 2593 1121 2656 lieri
1145 2593 1322 2657 communi-

238 2690 395 2755 cationem
427 2692 639 2770 publicandae
670 2694 875 2768 visitationis,
907 2693 1057 2774 quodque
1089 2693 1165 2756 dicti
1201 2691 1323 2757 domini

237 2788 335 2852 abbas
367 2790 534 2855 barcensis
563 2801 595 2858 et
624 2793 829 2856 consiliarius
856 2791 1054 2856 craesbeeck
1085 2791 1322 2870 responderunt

240 2906 276 2952 se
292 2890 343 2953 vix
359 2891 407 2955 vel
423 2909 518 2972 aegre
535 2893 615 2956 banc
635 2893 860 2968 visitationem,
880 2903 988 2974 utpote
1012 2892 1151 2973 propriis
1175 2892 1321 2956 manibus

240 2987 525 3053 serenissimorum
550 2990 732 3071 Principum
749 2991 869 3055 Alberti
886 3001 917 3055 et
934 2991 1085 3055 isabellae
1101 2991 1320 3072 subsignatum

238 3101 414 3167 eorumque
430 3087 545 3167 sigillis
568 3089 732 3164 munitam,
750 3089 988 3154 communicare
1013 3106 1109 3169 posse
1131 3090 1178 3152 vel
1203 3089 1321 3154 audere

237 3194 369 3264 propter
395 3185 646 3266 indignationem
670 3197 702 3252 et
727 3187 883 3252 offensam
908 3187 1121 3268 praefatorum
1145 3187 1321 3252 Screuissi·

236 3300 361 3348 marum
379 3284 576 3366 Principum,
593 3301 686 3366 quam
704 3297 834 3367 propter
852 3287 913 3352 boe
929 3288 1092 3352 incurrere
1115 3288 1320 3352 verebantur.

235 3381 393 3458 Attamen,
417 3384 455 3448 ad
487 3385 730 3465 gratificandum
761 3386 977 3462 Universitati,
1002 3387 1106 3450 dictos
1136 3386 1320 3450 visitatores

237 3484 422 3548 consentire
445 3494 479 3548 ut
500 3485 610 3565 aliqui,
629 3501 691 3549 uon
720 3486 809 3549 multi
839 3502 984 3560 numero,
1002 3502 1040 3549 ex
1066 3486 1189 3566 gremio
1215 3484 1320 3550 dictae

238 3580 460 3646 Universitatis
491 3583 732 3662 deputarentur,
760 3601 832 3647 cum
862 3583 978 3664 quibus
1008 3583 1108 3663 parati
1139 3593 1249 3647 essent
1277 3584 1318 3648 de

163 3761 166 3768 .
237 3678 419 3760 huiusmodi
443 3682 623 3748 visitatione
648 3683 899 3748 communicare.
918 3683 984 3756 Qua
1005 3682 1201 3746 resolutione
1217 3681 1316 3745 domi·

237 3795 350 3842 norum
367 3780 568 3846 visitatorum
587 3799 644 3861 per
659 3782 809 3846 dominos
832 3782 1074 3846 commissarios
1097 3781 1318 3846 Universitatis

235 3893 320 3942 nunc
347 3881 445 3944 relata
473 3889 605 3958 attenta,
624 3883 731 3961 posuit
759 3883 948 3962 magnificus
973 3882 1124 3946 dominus
1147 3880 1264 3946 flector
1286 3882 1318 3944 in

234 3975 496 4042 deliberationem
524 3979 749 4045 liniversitatis
776 3998 814 4044 an
842 3992 949 4045 certos
976 3980 1217 4044 commissarios
1243 3979 1320 4043 darc

234 4074 357 4154 placeat
379 4078 417 4139 ad
443 4078 626 4160 hujusmodi
653 4081 975 4148 communicationem
1000 4080 1067 4144 fieri
1090 4078 1262 4144 videndum
1286 4086 1319 4142 et

235 4172 440 4237 audiendum.
458 4175 495 4240 Et
517 4178 658 4259 desuper
680 4195 717 4243 ex
744 4178 967 4244 liniversitatis
990 4177 1219 4244 deliberatione
1237 4193 1316 4242 oon-
