3246 4944
727 421 912 502 -le‘-

277 603 491 684 Universitate
506 617 557 682 his
574 618 775 700 potissimum
798 618 1010 700 temporibus,
1028 617 1059 682 in
1075 617 1192 700 quibus
1208 619 1361 685 haereses

275 723 360 781 tanta
377 717 464 782 rabie
481 717 598 800 ubique
613 727 811 800 grassantur,
822 719 965 784 eamdem
984 718 1161 783 facultatem
1179 735 1271 800 quam
1290 719 1358 783 lieri

277 824 381 894 potest
410 817 584 882 habeamus
612 819 898 883 absolutissimam.
939 819 985 882 Ad
1023 835 1118 899 quem
1155 819 1248 883 hnem
1280 819 1360 882 hacc

276 915 504 997 subsequentia
519 916 695 982 ordinanda
711 918 1000 999 constituendaque
1017 917 1214 983 censuimus.

794 1067 842 1129 tt.

316 1199 361 1261 hc
376 1195 533 1278 imprimis
555 1197 704 1263 volumus
728 1207 760 1263 ut
783 1197 940 1262 facultatis
964 1197 1162 1279 theologicae
1185 1206 1300 1261 statuta
1326 1196 1357 1259 in

275 1295 435 1370 omnibus,
459 1311 540 1375 quae
568 1295 688 1362 nostris
716 1297 766 1360 his
792 1296 1048 1371 ordinationibus
1076 1314 1138 1360 non
1167 1305 1357 1376 repugnant,

274 1393 478 1460 exactissime
506 1395 729 1469 observentur,
758 1403 789 1460 et
819 1395 955 1477 quisque
985 1396 1069 1476 quod
1104 1395 1276 1459 functionis
1308 1405 1359 1458 est

273 1509 352 1558 suae
367 1491 511 1574 gnaviter
526 1501 711 1576 exequatur.

785 1643 849 1707 ΙΙΙ.

315 1789 353 1856 Et
375 1790 501 1872 quidem
525 1789 557 1854 in
579 1790 725 1857 docendo
748 1792 800 1858 hic
816 1792 1005 1857 observetur
1020 1792 1099 1856 ordo
1118 1814 1125 1854 :
1145 1790 1263 1866 Primo,
1283 1807 1356 1870 pro·

275 1889 380 1954 sessor
405 1905 516 1954 sacrae
540 1889 724 1970 scripturae
750 1889 872 1955 Novum
901 1890 1072 1970 explicabit
1100 1890 1356 1960 Testamentum;

274 2006 337 2071 quo
352 1987 512 2064 absoluto,
527 1987 687 2069 explicare
704 1989 820 2069 poterit
837 1988 980 2053 Psalmos
999 1988 1179 2061 Davidicos,
1195 1989 1243 2050 vol
1261 1979 1356 2050 aliurn

274 2087 455 2170 quempiam
484 2105 579 2169 quern
609 2088 741 2168 elegerit
769 2087 893 2154 Veteris
923 2087 1116 2154 Testamenti
1147 2087 1274 2162 librum,
1304 2087 1356 2166 qui

274 2196 379 2253 tamen
404 2187 443 2250 ab
469 2186 641 2252 ordinariis
665 2187 904 2266 professoribus
929 2204 991 2251 non
1015 2186 1292 2270 praelegatur·,'vel
1316 2185 1355 2248 ad

274 2285 521 2367 praelegendum
538 2303 575 2350 ex
592 2302 682 2350 more
698 2303 761 2350 narr
777 2287 819 2351 sit
834 2287 1035 2368 assignatum
1053 2286 1148 2367 idque
1164 2302 1200 2349 ea
1223 2285 1293 2366 lege
1311 2295 1355 2358 ut,

271 2383 350 2448 Novi
372 2383 565 2448 Testamenti
588 2383 802 2464 explicatione
818 2383 978 2462 absoluta,
997 2401 1059 2448 non
1077 2385 1170 2448 liceat
1187 2383 1246 2446 nisi
1266 2382 1359 2448 unius

269 2481 392 2546 Veteris
421 2482 616 2547 Testamenti
649 2482 734 2558 libri,
765 2481 815 2547 vel
846 2483 982 2547 duorum
1016 2482 1068 2544 uni
1101 2498 1215 2562 magno
1251 2480 1360 2558 aequi·

271 2579 457 2656 valentium,
474 2580 720 2662 explicationem
744 2581 968 2662 interponere;
994 2585 1049 2646 scd
1073 2581 1248 2646 obstrictus
1264 2581 1306 2642 sit
1323 2579 1360 2641 ad

275 2679 397 2743 Novum
424 2678 662 2745 Testamentum
692 2680 854 2745 ordinarie
881 2697 953 2746 mox
982 2681 1100 2744 redire.
1127 2679 1260 2744 llocebit
1285 2695 1362 2742 vero

277 2778 355 2840 hora
371 2787 482 2841 octava
498 2777 760 2844 antemeridiana.

783 2923 864 2989 LIll.

320 3071 448 3137 Sacram
487 3077 593 3137 autem
630 3071 825 3154 scripturam
862 3089 898 3138 ea
936 3072 1104 3154 explicabit
1142 3072 1294 3136 brevitate
1331 3080 1363 3136 et

279 3170 518 3253 perspicuitate,
544 3179 577 3235 at
602 3171 839 3252 scripturarum
867 3173 1002 3237 studiosi
1031 3190 1094 3235 raon
1122 3171 1363 3236 absterreantur

279 3270 498 3344 diuturnitate,
511 3286 614 3350 neque
626 3285 643 3332 a
656 3287 732 3336 vero
744 3271 908 3336 intellectu
927 3271 1141 3351 impediantur
1154 3269 1361 3342 obscuritate,

279 3379 310 3433 et
340 3369 378 3452 ad
411 3368 441 3434 id
479 3369 682 3449 potissimum
714 3369 922 3443 adlaborabit,
953 3380 985 3434 ut
1014 3387 1049 3435 ea
1080 3370 1262 3450 Scripturas
1293 3369 1361 3431 loca

279 3467 451 3531 dilucidius
474 3467 622 3548 explicet,
643 3483 724 3548 quae
747 3468 960 3533 hereticorum
987 3485 1136 3549 perversa
1161 3465 1300 3548 nequitia
1322 3465 1361 3528 ad

279 3565 374 3646 impia
389 3566 536 3646 dogmata
552 3565 740 3630 stabilienda
756 3566 937 3648 detorquet.
1286 3583 1290 3591 ·

782 3729 857 3796 LIV.

301 3934 304 3940 .
322 3878 388 3942 lloc
410 3885 515 3944 autem
537 3895 650 3945 omnes
666 3895 776 3944 sacrae
792 3879 975 3960 scripturae
991 3881 1192 3962 prolessores
1208 3879 1360 3942 ohserva-

279 3977 368 4052 bunt,
394 3983 426 4041 ut
453 3993 545 4043 nemo
572 3995 649 4043 suae
676 3979 862 4060 prudentiae
892 3980 1020 4044 innixus
1048 3979 1078 4042 in
1107 3979 1202 4042 rebus
1229 3975 1301 4039 lldei
1329 3982 1363 4038 et

280 4091 404 4139 morum
421 4076 459 4139 ad
476 4076 729 4142 aedificationem
744 4078 909 4142 doctrinae
925 4079 1119 4143 christianae
1136 4073 1361 4157 pertinentium

280 4191 406 4240 sacram
429 4174 622 4256 Scripturant
645 4178 684 4240 ad
707 4193 785 4242 suos
808 4195 927 4244 sensus
949 4179 1146 4259 detorquens
1161 4184 1270 4240 eorrtra
1288 4187 1360 4236 oum
