3246 4944
721 519 760 536 -
785 486 908 552 599-

269 667 338 733 dies
350 665 389 731 ad
403 683 472 733 eam
486 665 707 748 publicandam
719 665 932 750 peremptorie
945 666 987 732 sit
1002 666 1175 749 praelixas,
1185 684 1308 749 ponens
1323 669 1354 734 in

268 765 471 831 dominorum
488 764 752 832 deliberationem
768 767 843 848 quid
864 767 922 830 bac
939 766 969 829 in
988 783 1022 832 ve
1038 765 1220 832 existiment
1237 767 1355 833 sacien-

269 865 356 930 dum.
370 864 408 930 lit
423 883 462 930 ex
478 866 664 931 eorumdem
677 866 879 931 dominorum
895 865 1182 931 deliberationibus
1199 866 1357 933 conclusit

270 963 461 1046 magnificus
473 964 624 1030 dominus
636 965 753 1030 Rector
764 964 1018 1030 denuntiandum
1036 981 1110 1030 esse
1125 965 1210 1030 dicto
1226 965 1356 1032 domino

268 1062 374 1128 abbati
398 1063 525 1144 placere
548 1061 755 1130 Universitati
782 1063 869 1146 quod
900 1063 986 1128 dicta
1011 1063 1151 1129 visitatio
1177 1063 1358 1145 publicetur

268 1177 468 1245 quacumque
484 1162 562 1229 bore
578 1163 640 1245 ipsi
657 1163 783 1244 placita.

310 1365 323 1403 u
345 1343 399 1410 bie
416 1342 538 1420 mertis,
551 1342 661 1425 quinta
678 1342 872 1424 septembris
888 1342 962 1407 anni
980 1343 1072 1420 tdll,
1086 1343 1119 1408 in
1135 1344 1205 1409 aula
1222 1344 1354 1410 fratrum

268 1441 1353 1524 Eremitarumdugustinensiumlovaniensiumiuitinterootavam

267 1550 298 1608 et
317 1557 434 1606 nonam
449 1541 547 1606 boras
563 1550 636 1606 ante
651 1540 818 1606 meridiem
835 1549 962 1606 servata
978 1541 1200 1608 universitatis
1216 1558 1352 1623 congre·

266 1641 364 1723 gatto,
392 1639 511 1706 indicta
536 1640 595 1705 sub
619 1640 813 1722 juramento,
839 1642 877 1705 ed
904 1640 1076 1706 videndum
1102 1651 1134 1705 et
1159 1640 1351 1707 audiendum

267 1739 422 1820 publicari
439 1748 469 1805 et
486 1739 681 1822 promulgari
698 1739 898 1805 visitationes
914 1739 1148 1815 Universitatis‚
1163 1749 1226 1805 tam
1242 1741 1351 1823 singu·

266 1839 313 1904 tas
330 1838 497 1904 facultates
512 1855 605 1921 uuam
619 1839 877 1920 jurisdictionem
895 1837 1054 1920 magnillci
1067 1837 1188 1902 domini
1205 1840 1351 1904 Rectoris

265 1947 297 2003 et
319 1937 507 2018 amplissimi
532 1938 651 2002 domini
674 1937 1183 2019 conservatorisprivilegiorum
1207 1937 1350 2019 ejusdem

267 2035 488 2102 Universitavis
531 2047 777 2104 concernentes.
814 2039 913 2111 Quam
958 2035 1206 2118 publicationem
1247 2037 1350 2118 prius·

265 2151 358 2218 quam
383 2135 579 2202 reverendus
603 2136 752 2201 dominus
775 2135 875 2200 abbas
898 2134 1068 2200 Parcensis
1084 2134 1349 2216 etamplissimus

264 2234 416 2300 dominus
442 2235 648 2300 consiliarius
674 2234 885 2311 craesbeeck,
911 2233 955 2298 uti
982 2233 1194 2300 commissarii
1221 2233 1260 2297 ad
1288 2234 1350 2299 boc

264 2333 448 2414 specialiter
476 2333 539 2399 dati
570 2343 601 2399 et
637 2333 791 2415 deputati,
823 2333 978 2408 lacerent,
1009 2333 1115 2398 dictus
1152 2333 1349 2400 reverendus

263 2430 414 2498 dominus
426 2431 525 2498 abbas
542 2432 711 2498 barcensis
728 2433 893 2513 praemisit
908 2439 939 2498 at
955 2433 1032 2514 legit
1048 2431 1210 2498 scedulam
1227 2433 1349 2498 tenoris

263 2531 453 2612 sequentis:

309 2734 323 2772 u
343 2713 508 2795 Magnifice
530 2712 670 2793 domine,
688 2712 808 2790 eximii,
825 2711 1011 2791 clarissimi,
1028 2712 1256 2796 expertissimi,
1273 2713 1350 2780 doo-

267 2811 446 2894 tissimique
462 2811 595 2877 domini.

311 2930 325 2968 ι
342 2909 409 2973 lam
424 2909 543 2992 aliquot
554 2909 629 2976 anni
644 2911 794 2977 eilloxere
810 2911 894 2992 qood
910 2910 1088 2992 apostolica
1104 2916 1135 2975 et
1150 2911 1350 2976 serenissimi

268 3007 425 3088 Principis
438 3017 546 3073 nostra
560 3011 750 3076 auctoritate
761 3009 1349 3076 bancceleberrimamUniversitatem

266 3106 396 3172 visitare
422 3106 649 3187 inceperimus,
677 3126 714 3174 ac
736 3109 776 3174 de
798 3116 864 3173 toto
888 3108 990 3188 ipsios
1014 3118 1097 3172 statu
1123 3108 1350 3174 informatione

265 3214 408 3286 accepta,
430 3205 585 3287 quasdam
616 3205 703 3288 leges
733 3222 791 3288 pro
821 3206 924 3286 ipsios
955 3207 1091 3272 utilitate
1116 3215 1148 3270 et
1176 3205 1351 3286 splendore

264 3305 521 3386 conceperimus,
539 3321 621 3386 puae
643 3314 688 3379 ut,
711 3313 918 3386 posteaquam
942 3321 1053 3387 magna
1077 3305 1249 3370 admodum
1272 3305 1351 3372 deli·

264 3403 429 3470 beratione
456 3413 646 3485 maturoque
672 3403 810 3470 consilio
834 3413 909 3468 sunt
931 3405 1099 3469 discussae
1121 3413 1152 3468 et
1175 3404 1349 3484 resolutae,

264 3503 392 3568 tandem
421 3519 514 3568 sunm
545 3502 720 3568 sortiantur
748 3501 909 3578 effectum,
936 3503 975 3566 ad
1006 3503 1068 3566 hoc
1097 3502 1160 3568 truc
1188 3503 1348 3582 venimus,

265 3610 298 3666 ut
328 3601 457 3666 easdem
488 3601 649 3682 praedicta
679 3601 857 3683 apostolica
886 3609 917 3666 et
947 3601 1151 3667 serenissimi
1189 3601 1347 3684 vrtncipis

264 3700 367 3766 nostri
394 3700 585 3766 auctoritate
612 3700 822 3782 publicemus,
841 3699 1034 3780 easdemque
1056 3699 1148 3764 vobis
1170 3701 1347 3766 servandas

262 3797 477 3880 imponamus,
495 3799 590 3864 sicuti
606 3799 638 3862 in
655 3799 814 3882 praesenti
831 3799 1037 3880 imponimus.

304 3929 404 4005 «Qua
440 3929 571 3996 scedula
601 3931 695 4008 lecta,
727 3930 810 3996 idem
841 3930 1039 3996 reverendus
1069 3930 1219 3996 dominus
1249 3931 1347 3997 abbas

261 4027 435 4094 declaravit
461 4029 546 4111 qdod
577 4029 688 4111 vigore
717 4029 794 4094 certi
824 4029 949 4094 articuli
981 4029 1173 4095 visitationis
1203 4030 1347 4111 singulas

263 4124 428 4192 facultates
445 4129 682 4203 concernentia,
700 4129 732 4192 in
752 4145 815 4210 quo
839 4127 892 4194 ille
914 4128 1185 4208 superintendens
1209 4146 1266 4210 pro
1289 4130 1346 4195 ob-

263 4225 446 4291 servatione
468 4225 612 4308 ejusdcm
636 4226 827 4293 visitationis
843 4227 1061 4306 constituitur,
1080 4229 1197 4294 nuttam
1213 4229 1345 4296 omnino
