3112 4942
772 485 815 497 -
836 449 883 515 ao·
897 483 939 538 ··.

840 632 869 699 t.

354 829 481 910 Gessium
505 829 544 907 tle
568 835 650 892 toute
667 825 847 910 juridiction
872 847 913 908 ott
935 833 1055 892 recleur
1075 833 1103 892 et
1125 829 1145 891 ὰ
1166 827 1364 914 ἱἭιιὶυινείἱέ

356 1015 361 1022 .
429 1016 447 1032 ι’
537 946 614 1030 ¹pru
634 927 663 992 le
687 933 848 1010 magistrat
872 929 911 992 tle
932 927 1070 1004 Lousoin
1094 927 1144 1008 (l).

705 1075 723 1130 0
742 1077 897 1148 septembre
919 1075 999 1134 1426.

350 1229 385 1308 ln
403 1229 531 1307 nomine
546 1227 788 1296 duminiamen.
804 1235 896 1296 enno
912 1247 929 1308 a
947 1229 1113 1298 nationale
1129 1233 1274 1310 eiusdem
1292 1233 1396 1300 mille·

307 1331 389 1399 simo
415 1329 731 1414 quadringentesimo
757 1329 913 1394 vicesimo
939 1339 1045 1404 sexto,
1070 1329 1245 1400 indictione
1267 1343 1397 1416 quarta,

306 1429 515 1499 l’ontillcatus
537 1427 733 1494 sanctissimi
757 1427 791 1492 in
812 1427 930 1494 Christi
957 1429 1057 1512 patris
1084 1439 1117 1496 et
1142 1429 1265 1495 domini
1292 1434 1397 1496 nostri

304 1527 425 1596 domini
442 1528 567 1594 llartini
583 1527 691 1592 diuina
709 1526 910 1609 prouidentia
927 1545 1007 1613 pape
1025 1547 1069 1594 .r.
1087 1546 1171 1595 anno
1188 1545 1284 1608 nono,
1303 1548 1394 1596 men·

305 1627 352 1700 sis
378 1625 570 1708 septembris
594 1625 645 1692 die
671 1636 771 1701 serta,
800 1628 878 1692 liora
908 1643 1114 1710 vesperarum
1145 1629 1194 1693 vel
1225 1631 1330 1712 quasi,
1358 1629 1392 1694 in

307 1737 491 1798 nostrorum
506 1723 702 1790 notariorum
717 1727 917 1806 publicorum
930 1737 962 1790 et
975 1727 1104 1798 testium
1114 1727 1395 1810 infrascriptarum

305 1825 489 1908 specialiter
510 1823 549 1888 ad
572 1823 635 1889 hoc
650 1833 836 1890 vocatorum
857 1825 1020 1906 presentia
1044 1827 1259 1906 personaliter
1273 1831 1393 1894 consti-

304 1925 361 2004 tuti
374 1923 586 2000 venerabiles,
600 1921 725 2004 prouidi
739 1933 771 1988 et
786 1923 1014 2003 circumspecti
1028 1923 1087 1988 riri
1105 1924 1227 1989 domini
1244 1928 1399 1991 doctores

303 2035 336 2089 et
352 2023 495 2104 magistri
513 2019 739 2086 willielmus
764 2021 943 2102 Nepotis,
961 2021 1156 2086 scolasticus
1172 2023 1311 2088 ecclesie
1328 2025 1393 2088 col-

303 2123 417 2206 legiate
443 2122 545 2188 sancti
573 2121 656 2187 l'ctri
685 2120 906 2198 bononiensis,
935 2121 1123 2187 leodiensis
1149 2122 1304 2194 diocesis,
1330 2141 1396 2188 mae

302 2221 459 2299 gislerio
485 2217 609 2286 artibus
635 2230 666 2298 et
693 2217 893 2284 baccalarins
919 2217 950 2282 in
975 2219 1048 2300 jure
1078 2223 1247 2298 canonico,
1274 2221 1396 2288 Rector

305 2315 527 2394 Vniuersitotis
543 2317 640 2384 studii
655 2317 741 2398 opidi
756 2317 976 2392 Louaniensis,
989 2317 1184 2384 lohannes
1199 2319 1244 2384 de
1259 2317 1395 2384 Grues-

304 2419 412 2496 beke,
449 2420 568 2502 legum,
599 2415 780 2484 Nicotaus
817 2417 856 2480 de
895 2419 1063 2494 Promea,
1094 2417 1261 2498 utriusque
1292 2417 1391 2500 juris,

300 2517 493 2585 lohannes
516 2517 565 2582 lle
586 2517 692 2592 Neci,
712 2515 869 2580 medicine
891 2519 1041 2580 tloctores
1063 2524 1095 2582 et
1117 2513 1148 2580 iu
1173 2517 1297 2581 artibus
1324 2535 1393 2582 ma·

302 2615 406 2698 gistri,
430 2615 623 2694 Gerardus
652 2617 789 2696 Bruyn,
815 2613 848 2678 in
873 2613 998 2679 artibus
1025 2615 1179 2695 magister
1203 2625 1234 2679 et
1261 2615 1292 2679 in
1317 2617 1394 2698 iure

300 2715 456 2782 canonico
492 2715 710 2792 briccalarins,
740 2714 886 2779 eiusdem
916 2711 1054 2778 ecclesie
1084 2713 1256 2797 collegiate
1285 2715 1391 2780 sancti

302 2813 387 2879 Petri
414 2811 626 2879 Louaniensis
652 2815 805 2886 decanus,
829 2811 1020 2877 ilenriuus
1048 2811 1093 2877 de
1120 2809 1232 2890 Mera,
1262 2815 1292 2878 in
1316 2813 1393 2894 iure

300 2913 458 2978 canonico
487 2913 685 2988 licentiatus,
717 2911 952 2978 Godolridns
980 2901 1167 2984 Cromme,
1194 2911 1392 2976 lohannes

300 3013 348 3076 dc
372 3012 523 3087 l'uldel,
552 3011 745 3076 lohannes
780 3009 971 3091 llotlolplti
1009 3011 1089 3074 alias
1126 3009 1311 3092 Flumiogi
1349 3011 1391 3076 de

299 3109 648 3185 sternutationes
669 3109 1390 3190 dellenesse,loltartnesSloclrelpot,

299 3208 528 3274 Godelridus
550 3211 595 3275 tle
617 3208 787 3290 Gompel,
803 3209 998 3273 lohannes
1014 3209 1196 3274 licerman
1219 3209 1394 3274 elimel-

301 3307 403 3372 ricus
419 3310 463 3373 de
478 3307 681 3390 Sychenis,
698 3307 729 3371 iu
745 3308 868 3372 artibus
883 3307 1037 3388 magistri,
1056 3324 1178 3373 necnon
1193 3307 1390 3373 lohannes

300 3407 345 3471 tle
371 3407 495 3470 Platea
522 3407 672 3472 aliosde
699 3406 806 3487 Lyra,
832 3407 863 3470 in
886 3405 961 3487 jure
989 3406 1147 3471 curicitico
1174 3406 1388 3483 baccalarlus,

300 3503 407 3569 animo
438 3505 520 3570 idem
551 3505 691 3572 studium
722 3505 887 3581 l'unrlandi,
916 3503 1091 3586 incipiendi
1119 3515 1151 3570 et
1176 3505 1396 3578 continuandi

302 3603 484 3686 specialiter
509 3603 707 3686 congregati,
736 3603 919 3686 petiuernnt
945 3613 977 3678 et
1003 3603 1108 3670 debita
1135 3621 1209 3670 cum
1236 3604 1388 3670 instantia

300 3701 451 3776 nominos
480 3701 759 3784 butgimagistros,
792 3702 963 3776 scabinos,
994 3703 1165 3780 eonsules,
1195 3711 1390 3784 ceterosque

299 3801 532 3882 gubernatores
553 3811 585 3866 et
603 3801 735 3882 juratos
749 3800 837 3882 opirli
860 3799 1072 3866 Louanieosis
1095 3810 1264 3881 presentes
1279 3809 1398 3881 emma·

310 4075 315 4083 ¹
336 3997 374 4069 (l)
394 3997 431 4052 Oe
449 3999 596 4054 document
615 3995 813 4070 ostiolilule:
837 3999 937 4064 Cereio,
953 4002 1101 4053 translatio
1113 4005 1138 4052 ct
1149 3999 1396 4063 rertpnuttooputr

299 4088 484 4146 lucuniensis
515 4096 607 4144 omnir
626 4086 831 4170 juraratmlunls
855 4097 881 4143 et
894 4093 1106 4156 *superstructis
1136 4095 1166 4142 tn
1192 4087 1334 4144 merom
1359 4087 1398 4140 ’ἲ

306 4181 530 4240 Vniuersr'lulem,
