3240 4946
678 427 718 439 —
762 386 861 456 509-

228 571 329 650 sexti;
358 591 416 656 pro
445 591 507 655 qua
532 574 644 639 habuit
669 574 819 640 diuersos
849 573 976 638 labores
1006 580 1037 637 et
1069 573 1177 652 plures
1204 573 1313 640 subire

228 690 398 755 expensas,
418 684 529 754 petens
553 673 613 752 sihj
640 683 673 738 vt
696 673 916 753 conseruatorj
941 671 1083 752 exlriberj
1101 689 1213 737 omnes
1231 675 1316 739 tono

229 789 295 835 rem
313 782 346 838 et
367 773 535 846 honorem,
554 781 647 852 prout
671 773 740 837 suis
765 771 1049 852 predecessoribus
1074 771 1314 853 priuilegiornm

229 871 313 936 dicte
351 871 564 936 uniuersitatis
603 871 889 936 conservatoribus
926 870 1056 950 exlribitj
1094 879 1180 946 sunt,
1215 879 1245 936 et
1280 871 1314 951 jo

229 971 377 1051 expensis
391 989 447 1052 per
460 988 531 1035 eum
546 971 701 1036 sustentis
714 972 741 1035 si
755 970 954 1050 uniuersitatj
970 970 1124 1050 placuerit
1137 969 1311 1051 subueniri.

229 1071 331 1150 Super
357 1086 420 1150 quo
446 1070 641 1135 xniuersitas
668 1070 851 1134 deliberans
874 1070 1035 1134 conclusit
1058 1070 1160 1134 eidem
1184 1069 1314 1136 domino

229 1169 449 1249 conseruatori
467 1185 580 1234 omnes
598 1170 738 1234 l'auorem
757 1169 959 1233 othonorum
977 1167 1188 1244 oxiribendos,
1205 1179 1236 1233 et
1251 1187 1314 1250 quo

229 1269 267 1331 ad
290 1266 498 1332 subleuamen
522 1283 734 1346 expensarum
759 1265 938 1331 habitarum
962 1267 1122 1331 commisit
1145 1267 1259 1348 reotorj
1284 1277 1314 1334 et

228 1366 400 1448 deputatis.

384 1485 456 1540 Acta
473 1485 673 1548 Universltatim
690 1484 724 1546 V,
741 1484 789 1539 iol.
804 1484 901 1555 cclxvij
917 1497 948 1538 v⁰
961 1489 989 1538 el
1003 1483 1111 1553 cclxviij
1129 1492 1163 1540 r⁰.

271 1648 311 1714 28
326 1651 388 1713 moi
403 1649 495 1713 lota.
512 1651 663 1716 Rectorat
678 1651 717 1715 de
732 1650 808 1715 Jean
826 1649 989 1730 Stephani.

274 1781 329 1848 ilie
359 1781 479 1862 sabbatj
510 1781 604 1863 xxviij
633 1781 753 1846 mensis
779 1781 851 1862 maij
877 1780 999 1861 indicta
1027 1781 1085 1846 init
1110 1781 1315 1862 congregatio

229 1879 447 1945 uniuersitatis
474 1880 555 1960 apud
588 1880 810 1944 predicatores
839 1879 924 1960 inter
954 1896 1069 1944 nonam
1099 1887 1131 1946 et
1160 1880 1316 1945 decimam

229 1979 326 2044 horas
342 1988 415 2043 ante
432 1979 597 2043 meridiem
614 1995 713 2058 snper
729 1977 790 2059 hijs
808 1977 965 2043 articulis.

231 2108 238 2123 ³
268 2107 510 2224 consequenter
530 2105 679 2208 'narrauit
701 2107 852 2208 domiuus
866 2107 905 2208 'et
921 2105 1260 2225 'magister'lolxannes‘
1276 2110 1316 2210 de

136 2276 139 2280 ·
227 2243 468 2323 Wemeldingen
487 2251 704 2308 conseruator
719 2242 960 2323 priuilegiornm
979 2242 1074 2306 liuius
1096 2242 1316 2307 uniuersitatis

226 2341 361 2423 qualiter
381 2341 453 2422 Jpse
475 2342 549 2406 dum
573 2341 698 2422 aliquos
721 2359 760 2406 ex
782 2340 930 2406 officiatis
953 2341 1042 2406 curie
1066 2358 1124 2406 sue
1139 2342 1180 2406 olr
1196 2357 1307 2406 eornm

223 2440 466 2522 jrreuerontias,
484 2457 563 2521 quas
586 2439 646 2520 sibj
671 2439 801 2504 domino
825 2440 1046 2521 conseruatorj
1075 2456 1131 2520 pro
1160 2441 1307 2520 tribunatj

227 2540 349 2621 sedentj
377 2540 542 2614 exhibent,
568 2539 694 2620 aliaque
721 2555 831 2603 eornm
858 2539 1013 2604 demerita
1040 2538 1203 2619 corrigere
1228 2539 1307 2613 vult,

226 2638 336 2703 dieunt
348 2655 503 2719 expresse
517 2653 589 2702 oum
605 2638 741 2719 quadam
754 2637 929 2719 ignominia
946 2655 981 2700 so
994 2637 1076 2702 velle
1091 2637 1253 2716 appellare
1269 2639 1308 2702 ad

225 2737 375 2802 dominos
405 2745 563 2803 rectorem
594 2746 625 2801 et
654 2738 823 2817 deputatos
853 2736 1083 2801 uniuersitatis.
1109 2735 1147 2800 Et
1176 2736 1203 2800 si
1234 2745 1310 2801 tunc

227 2837 346 2901 domini
364 2846 471 2900 rector
487 2846 518 2900 et
533 2835 673 2916 deputat]
697 2836 759 2900 hoo
782 2834 843 2916 patj
867 2835 997 2911 vellent,
1015 2846 1046 2900 et
1069 2835 1147 2900 tales
1173 2835 1309 2900 lorsitan
1352 2853 1356 2861 ·

227 2935 266 2998 ab
290 2934 439 3014 ingressu
463 2936 552 2999 curie
576 2934 615 2997 ad
643 2943 767 3013 tempus
793 2951 974 3013 suspensos
999 2935 1049 2999 vel
1072 2935 1151 2998 alias
1175 2935 1307 3000 lorsitan

227 3044 392 3097 correctos
416 3033 584 3098 restituere
607 3043 638 3097 et
660 3033 766 3097 denuo
789 3033 955 3098 admittere
974 3034 1047 3114 jpso
1074 3034 1205 3098 domino
1231 3051 1308 3098 con·

106 3193 112 3205 ,
227 3140 392 3196 seruatore
426 3131 583 3212 inaudito,
612 3131 684 3210 jpse
722 3131 829 3194 mallet
864 3132 1047 3196 exercitium
1074 3131 1309 3212 jurisdictionis

225 3231 468 3296 conseruatorie
485 3229 643 3296 dimittere
660 3245 754 3310 quam
767 3228 846 3310 jllud
871 3229 1072 3304 continuare,
1090 3246 1162 3294 oum
1188 3230 1308 3293 nullum

225 3330 275 3395 vel
303 3330 415 3394 saltem
444 3328 671 3408 paucissimum
695 3327 818 3392 lucrum
842 3329 891 3392 vel
914 3327 1117 3392 commodum
1142 3327 1256 3393 exinde
1279 3335 1310 3389 rt

226 3428 365 3493 asseruit
388 3428 520 3508 recepit.
546 3427 665 3492 Deinde
688 3425 838 3491 dominus
862 3437 968 3491 rector
994 3426 1142 3492 similiter
1169 3425 1310 3492 narrauit

226 3527 266 3593 de
288 3526 453 3608 officiariis
476 3527 565 3591 curie
588 3527 671 3606 quod
696 3542 773 3606 sepe
796 3527 885 3590 tarde
904 3535 936 3589 ct
952 3525 1080 3589 minime
1097 3525 1174 3589 liora
1190 3525 1308 3601 debita,

227 3627 302 3690 dnm
328 3643 385 3707 pro
408 3625 558 3703 tribunali
582 3626 682 3698 sedet,
701 3633 900 3704 comparent.
919 3633 949 3688 et
973 3624 1078 3688 minus
1101 3625 1236 3690 lxoneste
1259 3624 1307 3688 vel

226 3727 366 3807 gratiose
390 3724 424 3807 jn
447 3723 610 3806 judicibus
637 3740 672 3788 se
701 3734 816 3804 gerunt
845 3732 877 3788 et
905 3723 1034 3786 habent.
1062 3722 1164 3805 Super
1193 3724 1309 3804 unibus

226 3823 419 3889 uniuersitas
457 3823 638 3887 deliberans
675 3821 834 3886 conclusit
870 3822 954 3904 quod
993 3822 1113 3886 domini
1144 3831 1250 3886 rector
1279 3829 1311 3886 et

225 3931 436 3988 conseruator
463 3922 577 3986 iaciant
607 3937 717 3986 eorum
749 3921 931 4001 diligentias
963 3938 1002 3985 ne
1031 3922 1104 3984 talia
1133 3921 1167 4002 jn
1197 3937 1310 3985 eorum

224 4020 397 4101 audientiis
414 4021 489 4085 stant
505 4036 542 4084 ac
558 4019 697 4100 desuper
714 4019 912 4099 pronidcnnt,
930 4028 961 4085 ot
977 4021 1004 4084 si
1021 4019 1166 4100 officiari]
1185 4030 1309 4085 contra·

228 4118 1307 4201 ueniant,quodeosoorrigant.Quibusuniuersitaslroecommisit.

535 4245 604 4300 Actu
622 4245 819 4308 Univerattalis,
835 4243 869 4314 V,
885 4245 932 4300 iol.
947 4246 1020 4314 oocxj
1038 4249 1062 4298 r⁰
1076 4249 1103 4298 el
1119 4252 1157 4300 νο.
