3100 4942
747 485 934 548 -lltr-

304 665 451 728 manibus
474 674 589 744 sponte
611 673 642 729 et
665 665 765 730 libere
787 667 892 730 lacere
915 663 1088 737 noluerint,
1106 661 1298 726 auctoritate
1322 675 1392 740 pre-

303 763 364 826 lata
381 765 440 826 hau
457 763 527 828 uice
542 765 693 828 duntaxat
710 764 872 843 recipiatis
887 774 919 828 et
933 763 1120 832 admittatis.
1135 762 1247 841 eisque
1261 776 1318 839 per
1331 773 1394 822 uos

304 863 444 939 receptis
459 873 491 926 et
506 863 657 926 admissis
673 863 811 940 singolis
828 862 1018 927 Rectoribus
1034 871 1066 924 et
1079 861 1229 938 personis
1246 857 1391 922 obtinen-

304 960 389 1024 tibus
403 961 580 1040 plebaniam
594 977 631 1025 ac
644 973 710 1026 tres
723 960 935 1026 canonicatus
949 972 980 1024 et
997 959 1175 1039 prebendas
1192 955 1389 1028 huiusmodi,

304 1075 345 1124 ne
361 1061 516 1140 propterl
535 1059 768 1141 resignationes
784 1061 872 1139 ipsas
888 1060 1018 1123 nimium
1039 1057 1243 1139 dispendium
1269 1053 1392 1134 patian-

304 1167 366 1231 tur,
384 1173 482 1237 super
498 1157 655 1222 lruolibns
679 1159 857 1224 redditibus
881 1169 912 1224 et
936 1157 1146 1239 prouentibus
1164 1173 1220 1236 per
1235 1171 1294 1220 eos
1311 1153 1392 1218 resi·

303 1257 504 1337 gnaudorum
520 1257 729 1321 ecclesiarum
746 1269 776 1322 et
795 1257 941 1338 plebanis
956 1273 994 1320 ac
1006 1255 1257 1320 canonicatuum
1269 1263 1302 1316 et
1319 1267 1391 1332 pre·

304 1355 479 1420 bendarum
507 1355 722 1436 predictorum
750 1365 844 1436 prout
870 1357 940 1420 illas
968 1353 1216 1436 resignauerint,
1246 1349 1392 1432 singulas

305 1469 429 1518 annuas
453 1455 626 1535 pensiones
649 1455 828 1536 dequibus
851 1457 1030 1520 secundnm
1054 1463 1162 1518 uestra
1183 1449 1395 1515 discretionis

306 1552 472 1616 arbitrium
502 1569 538 1617 se
568 1553 800 1618 rationabiliter
829 1563 1000 1618 contentos
1038 1549 1236 1617 reddiderint
1268 1547 1391 1612 eisdem

308 1651 387 1715 resi·
406 1652 412 1729 Ι
430 1651 603 1731 guantibus
625 1653 728 1732 quoad
754 1653 892 1718 uixerint
914 1654 963 1718 uel
988 1649 1251 1732 procuratoribus
1271 1646 1341 1710 suis
1355 1645 1394 1708 ad

307 1751 369 1813 hoc
385 1748 582 1814 sufficiencia
600 1749 745 1813 mandata
758 1751 952 1816 habentibus
966 1767 1022 1829 per
1034 1748 1281 1813 Vniuersitatem
1296 1742 1391 1823 studii

308 1847 492 1912 huiusmodi
512 1848 648 1929 singuiis
665 1849 758 1912 annis
775 1850 806 1912 in
823 1850 904 1914 locis
919 1859 950 1914 et
966 1849 1112 1914 terminis
1129 1863 1185 1926 per
1201 1861 1260 1910 uos
1277 1844 1318 1906 ad
1334 1843 1397 1906 hoc

308 1945 556 2020 constituendis,
572 1963 610 2010 ac
632 1947 692 2010 sub
708 1946 1050 2012 excommunicationis
1067 1963 1123 2025 per
1140 1959 1199 2008 uos
1215 1943 1247 2005 in
1264 1939 1395 2023 scriptis

309 2045 439 2108 terenda
456 2047 492 2122 (l)
509 2061 603 2125 quam
620 2046 737 2125 singuli
755 2046 860 2110 dictos
876 2046 1035 2110 creandos
1051 2043 1266 2108 canonicatus
1281 2049 1314 2104 et
1329 2055 1397 2120 pre

309 2143 432 2208 beadas
458 2143 676 2208 obtinentibus
704 2161 761 2224 pro
787 2155 931 2224 tempore
957 2145 985 2208 si
1012 2143 1144 2207 Vniuer-
1164 2141 1169 2220 Ι
1188 2141 1269 2205 sitas
1299 2136 1395 2216 studii

311 2243 430 2322 prelata
457 2242 488 2305 in
515 2243 677 2308 solutione
706 2244 905 2324 singularum
934 2243 1124 2323 pensionum
1152 2237 1339 2305 huiusmodi
1364 2237 1394 2300 in

312 2341 433 2405 eisdem
450 2341 531 2406 locis
545 2353 578 2406 et
593 2342 738 2406 tenninis
755 2344 805 2406 uel
822 2343 902 2406 inlra
922 2342 1048 2424 triginta
1070 2341 1141 2405 dies
1163 2338 1312 2420 singulos
1335 2347 1396 2401 ler-

313 2439 418 2504 minos
434 2439 524 2519 ipsos
540 2441 721 2505 immediate
736 2452 910 2522 sequentes
933 2440 1116 2506 huiusmodi
1141 2437 1286 2502 lactanda
1310 2435 1397 2501 dele·

310 2537 427 2610 corint,
454 2539 525 2603 siue
555 2539 756 2622 negligentes
783 2541 833 2605 uel
862 2540 989 2604 remissi
1017 2538 1135 2604 luerint
1161 2536 1311 2618 quotiens
1337 2535 1398 2600 hoc

310 2637 455 2700 euenerit
469 2638 667 2702 sentenciam
683 2655 700 2702 a
716 2657 777 2720 qua
792 2639 907 2720 aliquis
922 2655 960 2703 ex
977 2638 1057 2718 ipsis
1072 2637 1176 2701 donec
1196 2636 1238 2699 de
1259 2633 1400 2715 singulis

312 2735 521 2814 pensionibus
548 2737 595 2800 eis
620 2754 700 2818 onas
724 2739 761 2817 td)
788 2739 841 2802 ille
866 2737 988 2802 coutin-
1008 2737 1108 2818 lgent
1131 2735 1181 2799 uel
1205 2733 1307 2798 eciam
1330 2731 1401 2815 suls

312 2834 576 2913 procuratoribus
601 2834 725 2918 integre
751 2837 950 2900 satislactum
978 2845 1032 2899 aut
1057 2850 1128 2898 cum
1155 2833 1258 2897 altero
1285 2847 1397 2896 corum

312 2931 522 2996 anricabiliter
533 2935 763 3000 concordatum
780 2935 874 3000 luerit
889 2936 928 2998 ab
945 2935 1007 2998 alio
1023 2949 1116 3014 quam
1134 2931 1280 2996 llomauo
1298 2929 1400 3010 ponti-

314 3027 375 3094 llce
396 3036 599 3112 preterquam
623 3034 654 3096 in
677 3035 813 3099 articulo
838 3033 950 3098 mortis
971 3032 1167 3096 constitutus
1189 3029 1319 3093 absolui
1346 3044 1401 3092 ne·

313 3137 419 3208 queat,
437 3128 535 3210 lapsis
557 3131 696 3212 singulis
719 3131 863 3196 terminis
885 3131 1007 3195 eisdem
1031 3130 1185 3194 incurrat.
1202 3126 1241 3190 Et
1263 3127 1292 3191 si
1316 3126 1400 3208 quod

313 3225 397 3290 absit
409 3227 469 3308 ipsi
483 3228 682 3294 Vniuersitas
699 3229 794 3306 studii
811 3229 995 3294 obtinentes
1010 3229 1169 3292 creandos
1185 3225 1402 3290 Canorricatus

313 3335 344 3388 et
361 3325 496 3404 preben-
515 3341 521 3406 t
540 3329 598 3390 das
614 3327 796 3392 huiusmodi
813 3329 945 3392 eandem
959 3325 1155 3391 sentenciam
1170 3340 1228 3404 per
1240 3339 1299 3388 sex
1312 3339 1400 3387 men·

314 3438 368 3487 ses
384 3434 500 3488 extunc
515 3426 698 3489 immediate
719 3435 892 3506 sequentes
912 3425 1075 3490 sustinere
1098 3423 1318 3505 permiserint,
1336 3422 1402 3484 sin-

314 3523 389 3602 gule
418 3523 696 3604 incorporationes
724 3525 923 3588 annexiones
952 3533 984 3588 et
1014 3523 1150 3588 uniones
1186 3521 1228 3585 de
1264 3520 1402 3601 singulis

316 3621 571 3699 parrochialibus
600 3621 749 3703 ecclesiis
777 3639 850 3687 cum
879 3639 1016 3702 quorum
1052 3620 1245 3685 Rectoribus
1275 3621 1401 3684 delectu

316 3717 488 3782 solutionis
511 3719 684 3785 commisse
710 3721 828 3785 luerint
854 3737 912 3803 pro
939 3731 1083 3800 tempore
1109 3718 1191 3782 lacte
1218 3714 1402 3782 huiusmodi

316 3813 474 3880 dissolute
503 3818 578 3892 sint,
606 3835 642 3882 au
668 3819 794 3884 illorum
822 3820 960 3884 ecclesie
988 3816 1207 3899 parrochiales
1235 3827 1386 3892 uecuout

316 3913 462 3994 plebania
484 3931 521 3979 ac
542 3917 660 3997 singuli
680 3935 718 3982 ex
735 3917 937 3998 resignandis
953 3915 1202 3981 Ganorrioatibus
1217 3925 1251 3980 et
1266 3913 1402 3995 preben-

320 4141 324 4146 ·
353 4127 391 4199 (l)
413 4128 450 4182 Le
464 4133 519 4183 mol
529 4147 603 4195 perra
617 4129 721 4184 semble
733 4130 811 4184 erroir
823 4129 867 4185 dte
880 4131 951 4185 omis
965 4147 1014 4201 par
1029 4131 1055 4184 le
1068 4128 1174 4200 capiate
1187 4128 1222 4182 de
1236 4129 1264 4183 la
1279 4127 1366 4182 balle.

317 4247 320 4254 ν
354 4219 394 4286 (cl
415 4220 436 4272 ll
450 4221 508 4274 saut
521 4237 589 4293 quos
602 4237 637 4273 eu
654 4219 709 4274 lieu
724 4221 758 4274 da
770 4237 852 4295 quas.
