3100 4942
600 417 785 482 -lul-

141 597 370 680 llagistrorum
398 597 574 662 Scolarium
603 609 634 662 et
660 597 745 662 dicte
771 597 997 662 Vniuersitatis
1025 613 1235 678 personarum

141 698 239 762 nobis
263 697 322 762 luit
344 695 508 761 humiliter
529 697 744 778 supplicatum
770 707 802 762 ut
822 697 861 761 ab
877 695 1038 778 Episcopo
1061 703 1093 762 et
1110 697 1236 761 besano

141 795 284 862 ecclesie
305 805 417 860 sancte
433 795 556 860 oudule
579 796 763 861 huiusmodi
779 813 907 861 omncm
932 804 1122 876 potestatem
1139 795 1234 859 iuris·

142 896 320 960 dictionem
341 895 412 960 siue
432 894 612 960 facultatem
634 898 666 958 ln
687 895 856 975 premissis
876 893 1018 958 adimere
1034 901 1066 957 et
1082 909 1237 958 reuocare

143 1005 178 1058 et
194 995 267 1057 loco
284 993 429 1074 ipsorum
453 1009 512 1058 uos
535 1009 608 1058 sur·
627 991 767 1074 {rogare
791 1001 822 1057 et
842 993 1007 1073 deputare,
1025 1009 1063 1055 ec
1084 991 1163 1055 alias
1187 992 1236 1056 eis

145 1093 181 1156 in
207 1091 376 1172 premissis
399 1101 558 1172 oportune
581 1091 753 1173 prouidere
775 1087 815 1156 de
838 1091 1036 1172 benignitate
1062 1091 1237 1170 apostolica

146 1189 368 1273 dignaremur.

424 1324 585 1388 Concession
604 1329 637 1377 de
656 1328 684 1376 la
702 1330 802 1388 sedeur
820 1323 956 1376 sollicites.

189 1446 257 1510 Nos
280 1445 388 1524 itaque
410 1445 595 1511 huiusmodi
619 1444 912 1526 supplicationibus
936 1443 1092 1518 inclinati,
1110 1457 1238 1506 omncm

147 1553 342 1624 potestatem
358 1543 702 1618 iurisdictionemsiue
718 1543 899 1607 lacultutem
916 1542 947 1604 in
966 1540 1133 1622 premissis
1151 1539 1239 1620 Epis·

145 1659 233 1721 copo
246 1651 278 1706 ct
294 1640 422 1706 llecuno
436 1641 575 1706 ecclesie
590 1651 702 1706 sancte
718 1640 841 1706 Gudule
858 1639 1040 1704 huiusmodi
1062 1654 1196 1719 quomo·
1214 1639 1220 1718 Ι

145 1735 270 1808 delibet
281 1756 472 1806 concessam
485 1741 676 1806 auctoritate
690 1740 831 1819 predicta
844 1749 956 1804 tenore
969 1737 1166 1819 presentium
1180 1737 1237 1800 tol-

146 1841 245 1902 limus
263 1837 390 1918 penitus
405 1848 436 1902 et
452 1854 643 1902 reuocamus
659 1838 731 1904 loco
747 1838 889 1918 ipsorum
914 1853 974 1902 uos
990 1836 1191 1916 surrogando
1208 1843 1240 1898 et

146 1937 334 2018 deputando
357 1936 543 2002 discretioni
561 1945 670 2000 cestre
693 1953 749 2016 per
764 1935 940 2014 apostolica
965 1934 1084 2014 scripta
1109 1932 1239 1996 manda·

150 2053 223 2100 mus
246 2036 398 2115 quatinus
422 2051 480 2098 uos
504 2035 554 2099 uel
577 2035 658 2098 alter
679 2045 823 2100 uestrum
847 2051 904 2098 seu
928 2033 1008 2096 alios
1033 2049 1089 2112 per
1113 2049 1172 2096 uos
1189 2031 1239 2094 uel

147 2135 247 2198 altum
265 2149 323 2198 seu
340 2132 421 2196 alios
444 2132 576 2212 prelatis
593 2131 720 2197 Rectori
745 2131 935 2196 lloctoribus
951 2130 1113 2208 Magistris
1128 2128 1239 2194 Scola-

147 2233 240 2298 ribus
264 2242 297 2297 et
323 2231 425 2312 ipsius
449 2231 672 2296 Vniuersitatis
701 2233 848 2311 personis
875 2230 1015 2296 efficacis
1038 2228 1238 2293 defensionis

146 2331 267 2396 auxilio
283 2330 475 2396 assistentes
490 2331 528 2394 ad
546 2330 767 2395 executionem
783 2330 940 2394 dictarum
957 2329 1099 2409 priorum
1116 2327 1237 2392 littera·

147 2447 219 2496 rum
242 2427 435 2494 auctoritate
458 2439 569 2494 nostra
585 2429 768 2509 procedatis
790 2430 822 2491 in
838 2427 987 2492 omnibus
1010 2436 1042 2491 et
1058 2426 1235 2508 peremnia

150 2529 236 2592 iusta
262 2528 388 2591 illarum
412 2539 556 2592 tenorem
579 2537 673 2609 atoue
697 2527 829 2592 lormam
853 2528 985 2607 perinde
1008 2527 1095 2590 acsi
1118 2525 1150 2588 in
1174 2523 1238 2588 illis

150 2644 289 2692 unacum
309 2627 315 2708 Ι
335 2625 457 2706 prelato
471 2627 634 2708 preposito
647 2626 899 2692 conservatores
911 2625 1084 2691 ettudloes
1095 2624 1238 2705 deputati

150 2726 310 2792 fuissetis.

257 2860 433 2912 denotares
452 2863 499 2912 des
519 2862 624 2912 clauses
644 2863 806 2921 contraires,
827 2867 852 2912 ct
870 2863 934 2912 date
952 2863 986 2912 de
1004 2861 1033 2911 la
1052 2859 1132 2910 butte.

190 2981 261 3045 Non
277 2979 481 3044 obstantibus
499 2980 664 3060 premissis
682 2997 806 3045 necnon
823 2981 973 3044 omnibus
988 2979 1055 3042 illis
1075 2994 1137 3058 que
1152 2977 1237 3040 idem

151 3080 366 3160 predecessor
378 3077 410 3140 in
424 3078 575 3158 predictis
589 3078 704 3144 litteris
722 3077 822 3142 uoluit
836 3093 897 3141 non
915 3079 1045 3143 obstare
1057 3077 1238 3156 ceterisque

149 3178 321 3260 contrariis
334 3177 601 3259 quibuscumque.
620 3177 686 3242 llat'
702 3178 802 3243 Rome
817 3177 900 3259 apud
916 3175 1195 3256 Sanetumpetrum
1215 3173 1221 3255 Ι

150 3279 242 3342 Anno
272 3277 505 3342 incarnationis
534 3276 695 3342 dominice
721 3275 890 3341 llillesimo
921 3273 1238 3357 quadringentesimo

150 3374 317 3441 tricesimo
345 3375 448 3456 primo
474 3391 490 3434 v
515 3375 624 3440 Nonas
651 3375 753 3455 ilartij
781 3371 989 3438 Pontificalus
1018 3371 1120 3436 nostri
1147 3371 1239 3434 Auno

152 3475 268 3553 primo.

524 3571 650 3642 Original
671 3587 720 3626 sur
732 3572 900 3643 parchemin,
915 3569 993 3625 meni
1010 3570 1044 3625 de
1064 3569 1092 3624 la
1112 3568 1188 3623 bullo
1205 3583 1239 3622 en

486 3664 580 3734 plomb
599 3663 741 3732 d'Eugene
755 3661 803 3727 IV,
818 3658 942 3717 attachda
961 3677 1011 3732 par
1032 3675 1086 3714 uno
1105 3659 1186 3714 corde
1206 3658 1240 3711 de

487 3754 616 3808 chanrre.

191 3941 377 4004 Fondatr’on
399 3939 439 4001 de
461 3941 493 4002 la
509 3939 639 4022 saeuite
657 3941 697 4003 de
718 3940 883 4023 theologie.
903 3940 948 4002 La
971 3936 1111 4001 bellede
1127 3935 1240 4000 fonda-

152 4040 219 4105 tion
233 4041 273 4102 de
287 4039 495 4103 i’Universitd
511 4041 690 4121 permettait
704 4039 912 4121 d'enseigner,
926 4037 944 4100 a
963 4037 1120 4112 Louvaim
1133 4049 1241 4100 toutes

152 4137 197 4200 ies
209 4139 362 4212 sciences‚
379 4135 396 4198 a
412 4135 597 4217 l'exception
612 4136 697 4200 dela
712 4136 883 4220 theologie.
898 4137 990 4202 Cette
1006 4134 1183 4199 restrictiori
1201 4151 1241 4194 ne
