3100 4942
655 435 692 448 -
718 401 776 464 lltt
797 435 839 448 -

189 580 403 648 eeclesiarum
424 599 462 648 ue
485 582 630 648 locorum
654 582 852 656 huiusmodi,
878 581 979 647 eoinm
1002 581 1033 646 in
1057 581 1279 664 dignitatibus,

192 680 431 762 personatibus,
449 681 782 746 administrationibus
798 681 848 746 vel
863 680 980 760 offieijs
1002 681 1197 757 constitutis,
1216 699 1279 748 non

195 779 413 844 residentibus
435 779 467 843 iu
490 779 613 846 eisdem
639 779 689 845 vel
713 779 766 862 qui
794 777 977 844 huiusmodi
1002 777 1135 859 primam
1161 780 1282 846 inillis

194 879 410 944 resideueiam
438 895 501 944 non
532 879 678 952 iecerint,
707 879 853 953 lruotus,
871 877 1016 943 redditus
1045 887 1077 944 et
1104 871 1282 959 prouentus

191 977 424 1042 benellniorum
454 995 588 1043 suorum
618 978 914 1044 ecclesiastieorum
942 977 1124 1043 ministrare
1151 977 1280 1044 minime

189 1084 372 1151 teneantur,
390 1085 421 1141 et
436 1077 475 1140 ad
492 1077 522 1140 id
539 1077 688 1158 compelli
706 1093 770 1142 non
789 1076 915 1156 possint
937 1092 994 1157 per
1009 1075 1132 1142 litteras
1147 1083 1278 1157 aposto·

192 1173 273 1239 licas
297 1192 364 1265 non,
388 1175 542 1241 iacientes
570 1176 696 1254 plenam
722 1184 753 1240 et
779 1191 965 1254 expressam
992 1190 1030 1240 ao
1054 1174 1095 1240 de
1116 1175 1215 1240 verbo
1239 1176 1277 1240 ad

191 1273 325 1338 verbum
355 1274 396 1338 de
422 1274 546 1338 induite
577 1273 760 1339 buiusmodi
791 1274 998 1350 mentionem,
1026 1281 1058 1339 et
1082 1273 1279 1353 quibuslibet

189 1371 265 1453 alijs
296 1371 485 1454 priuilegijs,
514 1372 729 1454 indulgenoijs
754 1389 792 1438 ae
819 1372 935 1437 litteris
956 1371 1156 1453 apostolicis,
1181 1389 1279 1454 pene·

192 1469 315 1534 ratibus
340 1471 390 1534 rel
417 1470 624 1550 specialibus,
649 1487 926 1551 quorumcumque
954 1479 1101 1535 tenorum
1127 1470 1276 1543 existant,

192 1585 250 1649 per
270 1586 333 1646 oue
356 1569 561 1649 presentibus
584 1587 647 1634 non
672 1585 824 1649 expressa
844 1569 894 1634 vel
917 1569 1057 1634 totaliter
1073 1584 1136 1632 non
1159 1568 1279 1634 inserta

187 1666 327 1732 effeetus
351 1683 461 1732 earum
489 1668 635 1748 impediri
667 1669 769 1732 valeat
795 1667 1039 1748 quomodolibet
1065 1667 1115 1732 vel
1142 1667 1278 1744 diderri,

188 1775 222 1830 et
237 1768 278 1831 de
293 1766 411 1846 quibus
425 1784 627 1848 quorumque
643 1768 719 1832 totis
736 1767 904 1832 tenoribus
920 1768 960 1830 de
975 1765 1074 1832 verbo
1090 1767 1128 1830 ad
1145 1767 1278 1832 uerbum

188 1863 335 1928 babendo
351 1865 441 1929 sitin
458 1867 579 1931 nostris
595 1866 711 1930 litteris
728 1865 848 1930 mentio
864 1865 1028 1944 specialis.

249 2031 394 2086 Condttton
413 2037 432 2084 ὰ
451 2037 568 2098 remplir
583 2049 639 2098 por
658 2037 727 2086 celui
746 2037 795 2098 qui
813 2033 903 2086 de'alre
919 2035 998 2095 iouir
1015 2035 1055 2084 du
1070 2036 1211 2098 prdotldpe.

232 2169 367 2234 Prouiso
407 2171 491 2250 quod
534 2171 688 2236 benelieia
725 2169 910 2236 huiusmodi
951 2170 1068 2236 debitis
1106 2178 1274 2250 propterea

186 2283 252 2332 non
277 2268 465 2333 fraudentur
490 2268 647 2350 obsequis
671 2279 702 2334 et
723 2269 901 2332 animarum
924 2285 1000 2333 nura
1023 2268 1055 2331 in
1078 2271 1139 2343 eis,
1157 2268 1276 2350 quibus

185 2365 240 2429 illa
270 2365 476 2442 imminuerit,
510 2367 691 2434 nullatenus
723 2368 910 2448 negligatur,
943 2367 1000 2432 sed
1028 2368 1214 2448 perbonos
1243 2378 1275 2433 et

184 2464 387 2530 sufficientes
413 2466 564 2540 vicarios,
589 2467 706 2546 quibus
733 2467 773 2530 de
800 2465 1031 2530 benelloiorum
1058 2465 1274 2546 predictorum

188 2563 399 2643 prouentibus
436 2563 619 2629 necessaria
656 2580 799 2646 congrue
834 2563 1067 2639 ministrentur,
1105 2563 1275 2648 diligenter
1322 2626 1326 2634 .

186 2671 389 2728 exerceatur.

587 2811 739 2866 Anotblme
757 2821 780 2866 et
799 2817 874 2868 date.

225 2949 309 3013 Nulli
333 2965 409 3031 ergo
431 2950 564 3015 omnino
586 2949 752 3014 bominum
777 2950 871 3016 liceat
888 2950 971 3015 bane
993 2949 1140 3031 paginam
1164 2956 1275 3014 nostre

182 3049 384 3113 extensionis
400 3059 432 3113 et
447 3051 674 3114 oonoessionis
690 3051 867 3130 intringere
889 3049 939 3114 vel
955 3049 983 3115 ei
1000 3066 1081 3114 ausu
1105 3048 1274 3114 temerario

182 3147 359 3212 contraire.
377 3147 408 3209 Si
424 3149 496 3228 quis
512 3158 618 3212 autern
643 3149 704 3212 boo
719 3157 909 3230 attemptare
932 3148 1176 3229 presumpserit,
1193 3148 1276 3228 indi-

185 3243 371 3325 gnationem
401 3246 631 3326 omnipotentis
667 3247 718 3311 dei
747 3256 778 3311 et
812 3247 978 3311 beatorum
1008 3246 1094 3312 Petri
1124 3254 1156 3311 et
1187 3245 1273 3310 Pauli

182 3343 409 3423 apostolorum
426 3345 497 3409 eius
512 3361 548 3409 se
566 3345 692 3409 nouerit
712 3345 930 3410 incursurum.

229 3443 298 3505 bat.
325 3443 419 3506 Senis
445 3459 528 3508 anno
555 3444 790 3508 lnnarnationis
817 3445 978 3510 dominice
1005 3443 1175 3508 millesimo
1197 3457 1275 3523 qua·

183 3540 439 3616 dringentesimo
452 3543 697 3622 quadragesimo
708 3543 808 3608 ternio
822 3541 1057 3622 idibusAprilis
1070 3541 1276 3622 pontilleatus

183 3638 289 3702 nostri
305 3655 390 3704 anno
406 3641 507 3705 ternio
523 3642 663 3706 decimo.

900 3739 947 3803 lo.
966 3757 1003 3802 oe
1018 3739 1190 3802 Srecctrrs.
