3260 4944
795 449 835 466 -
857 417 917 482 318
937 449 991 470 -·

342 599 541 678 damnoniae,
562 599 645 682 juris
666 600 831 682 utriusque
852 601 968 665 domcr
983 599 1149 665 salutatus
1164 591 1431 682 sedandisque

335 699 542 766 Christianus
565 701 735 782 Bombaye,
762 700 792 764 id
816 707 869 766 est
889 699 924 762 al
949 698 1094 764 octobris
1111 699 1202 774 tlst,
1220 697 1305 780 juris
1320 698 1426 766 civilis

338 800 518 880 professor,
557 800 652 866 etiam
690 799 857 870 dictatoris
897 808 1031 866 munere
1069 798 1198 864 functus
1240 808 1301 865 ast.
1340 797 1429 866 Obiit

337 899 377 962 l'l
391 897 461 980 julii
480 899 572 964 lllld.

377 1013 429 1077 to.
455 1011 622 1094 Philippos
644 1013 707 1076 Vua
727 1012 856 1088 Biddon,
878 1029 918 1077 ex
940 1010 1101 1083 llcrtbem,
1122 1012 1191 1092 agri
1213 1012 1426 1078 lovaniensis

337 1111 518 1193 siccioris
534 1112 830 1192 mutusquedocrur
846 1109 1048 1178 renuntiatus
1071 1110 1109 1174 ld
1128 1111 1312 1178 decembris
1329 1113 1422 1188 lldt,

334 1211 417 1292 juris
446 1211 560 1280 ciuilis¹
580 1211 757 1292 professor,
789 1221 882 1276 antea
911 1210 1007 1276 elium
1038 1209 1207 1290 professor
1235 1211 1425 1292 paedagogis

337 1307 668 1386 falconis,dicraruris
681 1326 799 1374 munus
812 1307 1027 1374 obiitllvivis
1038 1308 1180 1372 decessit
1189 1308 1227 1387 ll
1241 1309 1313 1372 maii
1328 1311 1423 1385 1775,

337 1409 414 1473 bora
432 1409 599 1473 undecima
616 1407 781 1472 matutina.

378 1555 518 1622 L'uuocut
531 1555 628 1636 facul.
646 1577 659 1613 ι
675 1555 839 1619 Advocato
863 1553 963 1617 llscali
988 1554 1067 1616 baec
1082 1552 1272 1617 incumbunt
1297 1573 1305 1615 ι
1331 1556 1366 1616 lo
1386 1567 1419 1619 ut

336 1671 434 1738 penes
455 1673 491 1720 se
511 1655 625 1718 lrabeat
644 1661 740 1734 atque
761 1653 946 1733 incorporet
965 1653 1072 1717 omnia
1093 1652 1272 1732 privilegia,
1291 1669 1420 1735 exemp-

335 1755 450 1830 tiones,
479 1753 659 1825 libertates,
687 1752 881 1816 cuncordata
911 1761 943 1815 et
974 1759 1063 1830 pacta
1093 1751 1316 1816 uniuersitatis
1345 1769 1419 1816 cum

336 1852 535 1934 principibus
551 1861 581 1916 et
598 1849 892 1923 communitatibus,
909 1849 1072 1930 episcopis
1088 1859 1120 1914 et
1136 1849 1302 1928 praelatis,
1328 1850 1361 1912 2⁰
1383 1859 1419 1915 ut

334 1949 820 2016 caussasomnesUnlrersltatls
830 1958 941 2014 contra
954 1963 1176 2029 quoscumque
1189 1959 1418 2029 prosequatur,

334 2050 365 2114 in
379 2051 494 2130 unibus
506 2051 546 2115 de
559 2051 701 2114 laesione
713 2049 817 2126 agitur
829 2047 967 2127 alicujus
980 2047 1150 2128 privilegii,
1162 2056 1224 2112 tam
1234 2049 1420 2128 intrandam
1474 2109 1478 2118 ,

335 2163 421 2214 extre
445 2149 636 2224 botanicum
661 2149 693 2211 3⁰
717 2157 750 2212 ut
773 2146 1079 2228 congregationibus
1102 2157 1133 2211 et
1156 2148 1421 2227 deputationibus

336 2248 496 2320 omnibus,
514 2258 543 2314 ct
560 2247 688 2329 quotics
704 2245 834 2311 domino
857 2245 985 2312 Hectori
1006 2245 1147 2321 libuerit,
1166 2245 1217 2310 ubi
1239 2245 1357 2326 aliquid
1379 2247 1421 2310 de

335 2347 529 2428 supradictis
546 2345 683 2430 negotiis
704 2344 902 2420 tractabitur,
924 2344 1067 2424 intersitp
1089 2343 1121 2406 4⁰
1138 2353 1172 2408 ut
1191 2344 1326 2410 adsistat
1342 2362 1416 2424 pro·

336 2446 451 2510 melori
473 2446 503 2508 ln
525 2445 697 2509 libellando
716 2453 748 2508 et
763 2443 1129 2525 dirigendcproccssus
1154 2443 1283 2508 fiscales
1305 2455 1416 2510 contra

333 2545 526 2610 excedentes
556 2553 587 2608 ct
616 2551 733 2608 statum
766 2542 910 2608 edictavc
944 2541 1118 2608 violantes.
1152 2543 1261 2624 Neque
1295 2543 1420 2608 diutius

334 2641 539 2708 Universitali
562 2639 737 2706 adstrictus
754 2650 804 2706 est
819 2657 912 2722 quam
931 2641 999 2722 ipse
1021 2651 1075 2705 aut
1090 2641 1289 2708 Universitas
1306 2643 1418 2708 volue-

335 2741 387 2804 rit.
416 2737 603 2805 lnvitan'dus
630 2739 758 2804 interim
784 2739 958 2805 advocatus
987 2739 1107 2804 fiscalis
1130 2741 1169 2804 ad
1190 2757 1302 2806 omnes
1323 2751 1418 2806 actus

334 2839 547 2913 academicos,
571 2839 610 2904 ad
636 2855 719 2920 nuos
745 2837 870 2904 inuitari
897 2833 1048 2904 doctores
1075 2840 1182 2904 solent
1204 2849 1236 2904 et
1262 2837 1415 2904 licentiati

332 2937 430 3018 altuni
454 2937 486 3002 in
509 2938 651 3019 qualibet
672 2937 863 3004 facultate.»
886 2937 1036 3002 Veranius
1059 2938 1209 3014 Annaeus,
1238 2939 1336 3013 l'uslr',
1360 2939 1412 3004 ed.

331 3037 444 3114 altera,
462 3036 538 3101 ιον.
560 3037 687 3118 1650,ρ.
705 3037 755 3099 51.
782 3027 786 3037 “

374 3169 555 3236 «Advocati
577 3169 645 3232 fusci
661 3168 802 3234 officium
822 3179 871 3233 est
891 3186 960 3234 cum
982 3169 1013 3232 in
1035 3168 1214 3258 Academia,
1237 3177 1302 3234 lum
1324 3178 1415 3234 extre

330 3284 529 3350 eanr,magna
545 3267 716 3332 sedulitate
730 3284 785 3333 aas
800 3284 916 3334 omncs
930 3284 1045 3332 causas
1061 3268 1217 3337 adversus
1236 3284 1411 3349 quoscum·

331 3384 393 3448 que
409 3367 573 3447 prosecari,
591 3382 672 3446 uuae
686 3377 796 3431 contra
812 3366 975 3448 priuilegia
987 3376 1019 3431 et
1031 3367 1220 3432 Academiae
1234 3367 1415 3440 libertatem

329 3475 404 3557 sunt
422 3473 603 3545 susceptae.
623 3464 801 3530 Promotori
817 3465 912 3530 etiam
933 3465 1070 3530 consilio
1090 3475 1123 3530 et
1141 3466 1226 3530 onrni
1244 3482 1306 3548 ope
1322 3464 1352 3556 in
1370 3464 1414 3529 iis

328 3564 438 3628 litibus
459 3563 586 3638 adesse,
611 3579 690 3644 quas
709 3561 865 3628 adversus
885 3560 1109 3643 delinquentes
1129 3573 1161 3628 et
1176 3564 1282 3644 legum
1298 3563 1411 3652 acade-
1425 3600 1433 3624 ·,

329 3659 482 3726 micarum
499 3659 774 3742 praevaricatores
786 3656 962 3727 intentarit.
979 3659 1117 3727 Proinde
1131 3679 1170 3727 nc
1182 3661 1257 3743 uuid
1271 3661 1410 3752 ignoret,
1430 3647 1433 3654 ’

326 3759 433 3824 omnis
455 3757 582 3823 consilii
607 3759 724 3840 publici
750 3761 913 3840 particeps
941 3757 992 3836 llt;
1016 3761 1156 3834 senatui,
1180 3760 1308 3842 quoties
1334 3759 1417 3836 coit,

325 3857 471 3932 interest,
487 3867 518 3924 et
534 3849 615 3924 cum'
630 3857 761 3922 decanis
784 3857 867 3940 apud
893 3857 1063 3924 Rectorem
1088 3857 1256 3924 deliberat.
1275 3844 1411 3938 Eliciiad

323 3957 386 4023 boc
402 3972 519 4022 munus
534 3955 617 4021 solet
633 3955 682 4022 uir
698 3955 834 4038 integer,
853 3963 1003 4038 prompto
1019 3957 1163 4040 ingenio,
1182 3961 1306 4024 maturo
1330 3947 1412 4021 iudi-

323 4054 388 4132 cio,
406 4056 505 4130 multa
526 4054 605 4122 iuris
621 4055 790 4137 utriusque
802 4056 966 4136 sententia
982 4073 990 4122 ι
1009 4055 1130 4126 tamdiu
1144 4071 1222 4126 lero
1244 4073 1284 4124 eo
1296 4054 1414 4141 ‚fungi-

324 4160 394 4230 tur,
425 4150 581 4236 quamdiu
605 4151 666 4234 ipsi
700 4164 755 4219 aut
783 4153 973 4220 Academiae
1002 4155 1119 4220 visum.
1146 4176 1160 4216 r
1191 4155 1409 4232 luctaturos,

324 4252 716 4328 Ambmludmaarlemlr,
733 4252 784 4319 ed.
802 4253 1007 4330 alteruter.
1022 4253 1118 4331 stet,
1136 4255 1254 4336 psl:
1284 4291 1287 4298 -
1315 4254 1330 4270 '¹
1370 4291 1385 4302 .,
