3236 4944
791 466 973 540 -its-

336 649 483 734 siugulis,
515 653 638 734 coeptis
675 663 706 718 et
736 672 797 720 non
828 656 963 738 coepitis,
997 657 1199 738 presentibus
1228 665 1260 724 ei
1290 658 1416 736 suturis,

337 762 490 832 perpetua
507 759 650 833 potestas
665 763 695 817 ot
708 752 891 834 jurisdictio
908 755 1069 829 attributa,
1089 765 1121 820 ut
1138 771 1176 820 eo
1193 758 1302 838 vigore
1318 775 1419 840 eaque

337 849 486 918 firmitate
507 861 640 932 possent
662 853 692 914 iu
718 853 885 932 premissis
908 854 1058 918 omnibus
1083 864 1114 918 et
1137 855 1272 936 singuiis
1295 859 1419 937 coeptis

337 962 368 1017 et
398 968 461 1016 non
491 951 626 1030 coeptis,
660 951 863 1031 presentibus
893 961 922 1018 ei
954 953 1083 1029 tuturis,
1116 963 1146 1018 et
1177 971 1234 1033 pro
1269 957 1419 1035 predictis

337 1050 513 1134 procedere
536 1067 574 1114 ac
596 1051 622 1114 si
648 1050 786 1130 predicta
808 1052 913 1116 omnia
930 1062 960 1116 et
976 1051 1101 1134 singula
1118 1069 1225 1117 coram
1243 1055 1289 1118 eis
1306 1069 1418 1137 coepta

337 1153 453 1227 locent,
467 1159 498 1217 ei
511 1149 692 1232 jurisdictio
705 1167 815 1215 eorum
828 1161 860 1216 et
872 1151 1043 1217 cuiuslibet
1057 1151 1198 1232 ipsorum
1217 1155 1246 1217 in
1265 1155 1419 1234 predictis

337 1250 485 1316 omnibus
515 1261 546 1314 et
578 1251 725 1330 singuiis,
758 1267 814 1330 per
850 1249 1032 1314 citationem
1071 1253 1119 1316 vei
1159 1253 1286 1317 modum
1322 1255 1417 1319 alium

337 1357 521 1432 perpetuata
540 1349 678 1429 legitime
693 1351 880 1424 exstitisset,
897 1360 989 1428 prout
1006 1351 1036 1412 in
1050 1351 1144 1414 dictis
1161 1351 1277 1416 litteris
1294 1354 1418 1432 plenius

335 1449 527 1516 continetur.
555 1449 659 1524 Quare
685 1466 742 1530 pro
767 1459 855 1528 parte
877 1449 986 1514 dilecti
1011 1450 1066 1512 iiiii
1093 1450 1209 1514 nobilis
1232 1451 1291 1516 viri
1313 1451 1418 1518 Caroli

336 1549 434 1614 Ducis
452 1549 631 1623 Brabautie,
650 1548 680 1612 in
700 1549 792 1614 cuius
809 1549 974 1630 temporali
991 1549 1134 1614 dominio
1150 1549 1270 1614 dictum
1287 1551 1417 1631 opidum

336 1648 496 1725 consistit,
515 1665 639 1714 necnon
658 1647 817 1722 Rectoris,
835 1649 1014 1722 doctorum,
1034 1647 1272 1729 magistrorum,
1290 1651 1416 1715 scbola-

336 1747 418 1813 rium
441 1755 472 1813 ei
496 1763 706 1828 personarum
730 1748 913 1812 huiusmodi
935 1747 1027 1812 uobis
1044 1747 1101 1812 luit
1118 1747 1281 1813 humiliter
1295 1749 1418 1830 suppli-

334 1857 453 1922 catum,
484 1855 517 1912 ut
547 1847 657 1911 litteris
688 1847 826 1920 liartini,
860 1846 1101 1926 predecessoris
1139 1847 1321 1912 huiusmodi
1360 1865 1417 1929 pro

334 1963 444 2013 aarum
460 1945 668 2011 subsistentia
685 1945 818 2034 iirmiori
839 1945 936 2010 robur
960 1947 1139 2032 apostolice
1162 1947 1416 2013 continuationis

334 2045 461 2112 adicere
476 2045 515 2110 de
531 2045 725 2127 benignitate
742 2045 918 2126 apostolica
936 2045 1153 2126 dignaremur.

521 2203 679 2258 Concession
700 2221 735 2258 ou
755 2209 840 2258 octa-oi
858 2209 891 2257 cie
910 2209 938 2258 la
957 2211 1057 2269 fovear
1075 2209 1232 2262 deonandos.

375 2343 441 2410 Nos
463 2344 581 2426 itaque,
606 2343 789 2407 buiusmodi
813 2341 1102 2422 supplicationibus
1118 2341 1273 2416 inclinati,
1292 2358 1414 2407 necnon

333 2443 457 2509 litteras
475 2443 633 2523 predictas
650 2451 735 2505 ratas
759 2441 914 2505 babentes
937 2449 1033 2521 atquc
1054 2449 1171 2522 gratas,
1197 2440 1267 2504 illas
1289 2449 1319 2505 et
1342 2441 1417 2508 inde

333 2549 442 2608 secuta
479 2557 679 2622 quecumque
717 2539 879 2620 perpetuis
917 2538 1031 2604 tuturis
1065 2539 1263 2619 temporibus
1292 2540 1355 2604 vim
1385 2549 1416 2605 et

331 2639 473 2721 vigorem
491 2639 641 2702 babuisse
657 2649 688 2703 et
705 2638 823 2702 babere
839 2653 876 2702 ac
891 2637 1013 2702 viribus
1030 2637 1208 2702 subsistere
1225 2637 1415 2720 plenamque

331 2738 459 2805 roboris
477 2737 656 2801 ilrmitatem
673 2735 830 2810 obtinere,
849 2751 973 2800 necnon
991 2736 1169 2800 sententias
1184 2745 1215 2800 et
1238 2751 1413 2816 processus

331 2838 472 2920 ipsarum
496 2837 671 2901 litterarum
693 2836 804 2916 vigore
828 2837 918 2909 latas,
940 2835 1066 2898 babitus
1089 2844 1120 2899 et
1135 2834 1297 2907 decretos,
1316 2835 1411 2900 etiam

332 2937 436 3019 quoad
453 2951 567 3000 causas
583 2943 653 2999 actu
672 2934 858 3014 pendentes,
880 2933 1019 2997 ualuisse
1042 2941 1073 2998 et
1097 2927 1203 2998 ualere
1226 2934 1415 2999 auctoritate

332 3035 507 3118 apostoliea
544 3051 582 3098 ex
619 3041 704 3098 certa
739 3032 873 3097 scientia
904 3031 1109 3096 decernimus
1140 3041 1170 3096 et
1199 3030 1413 3110 declaramus,

332 3134 468 3216 illasque
485 3132 643 3214 presentis
660 3131 770 3212 scripti
788 3130 967 3212 'iatrociuio
983 3129 1230 3194 communimus.
1254 3133 1289 3194 Et
1314 3131 1414 3194 nicbi-

330 3233 470 3300 lominus
493 3232 618 3296 dilectis
641 3230 715 3294 illlis
731 3231 823 3295 beate
841 3229 935 3293 illaria
954 3229 1122 3293 Pareensis
1138 3239 1238 3305 extra,
1256 3240 1287 3294 et
1302 3239 1414 3294 sancte

331 3333 497 3400 Gertrudis
527 3331 607 3395 intra
639 3347 748 3394 muros
777 3329 865 3408 opidi
896 3327 1107 3392 Louaniensis
1145 3329 1412 3393 monasteriorum

331 3431 510 3506 abbatibus,
536 3447 573 3494 ac
595 3429 717 3494 decano
740 3429 878 3492 ecclesie
901 3427 1001 3490 sancti
1024 3427 1105 3490 i‘etui
1121 3426 1206 3507 opidi
1223 3435 1254 3490 et
1269 3427 1411 3492 diocesis

239 3575 241 3580 -
331 3531 558 3614 predictorum,
578 3545 634 3610 per
649 3528 824 3609 apostoliea
841 3527 960 3606 scripta
976 3525 1206 3590 committimus
1226 3537 1256 3590 et
1279 3527 1411 3589 manda-

331 3649 414 3708 mus,
443 3641 598 3712 quatenus
625 3628 697 3708 ipsi,
723 3627 782 3696 vel,
798 3629 862 3690 duo
888 3635 941 3689 aut
969 3641 1051 3690 uirus
1076 3642 1199 3700 eorum,
1225 3641 1281 3704 per
1303 3641 1338 3689 se
1360 3627 1410 3690 vei

329 3731 425 3795 alium
455 3747 511 3794 seu
543 3728 634 3800 alios,
666 3719 789 3791 eisdem
819 3724 959 3798 Rectori,
995 3724 1196 3799 doctoribus,
1237 3724 1409 3805 magistris,

328 3827 531 3895 scholaribus
557 3833 588 3891 et
611 3825 772 3906 personis,
797 3821 936 3888 cilicacis
960 3822 1161 3886 detensionis
1176 3822 1294 3887 auxilio
1310 3823 1409 3887 assis·

327 3930 594 4008 tentesiquosuue
608 3941 665 4005 pro
680 3924 780 4003 ipsius
790 3921 1016 3986 Uuiuersitalis
1027 3921 1154 4002 juribus
1167 3930 1197 3985 et
1211 3921 1411 3987 libertatibus

326 4026 571 4098 conseruandis,
596 4025 627 4086 in
655 4024 759 4087 locum
788 4021 943 4086 dictorum
969 4022 1127 4101 judicum,
1156 4017 1411 4086 Conseruarum

273 4195 279 4206 ,
327 4125 516 4206 deputamus
539 4135 570 4189 et
589 4122 813 4204 surrogamus)
830 4121 997 4202 premissa,
1017 4119 1067 4183 ubi
1085 4129 1116 4184 et
1133 4110 1411 4200 quandoviderint

329 4223 491 4306 expedire,
509 4222 695 4287 solemniter
718 4221 928 4302 publicantes,
954 4219 1063 4282 literas
1088 4219 1173 4298 ipsas
1195 4227 1407 4299 exequantur,
