3100 4942
628 413 812 481 —iio-

219 597 258 662 Et
273 613 333 678 ego
348 596 510 662 iohannes
530 595 681 662 iioboscir
704 596 843 663 ciericos
859 595 1100 664 Cameracensis
1122 597 1264 664 diocesis

176 697 329 778 publicus
344 696 522 777 apostolica
538 700 728 762 auctoritate
744 699 890 763 notarius
904 698 979 780 quia
999 697 1155 763 dictarum
1178 697 1264 764 titte-

175 811 286 862 rarum
303 795 553 877 apostoticarum
569 795 803 876 presentacioni
822 795 1003 878 recepcioni
1021 813 1147 862 necnon
1164 797 1263 862 coiis·

176 894 265 960 cioni
287 909 325 959 ac
347 893 523 975 prouisioni
545 903 578 960 et
598 894 816 974 possessionis
832 894 1009 960 inductioni
1026 894 1266 978 municionique

177 1011 217 1059 ac
229 993 437 1075 requisicioni
450 1001 481 1058 et
494 993 726 1058 sententiarum
740 993 956 1059 iuiminaeioni
972 1009 1095 1058 necnon
1107 993 1265 1074 presentis

179 1108 357 1174 processus
380 1091 529 1173 peticioni
552 1101 584 1156 et
599 1091 731 1156 decreto
752 1091 966 1174 omnibusque
989 1091 1060 1174 aliis
1076 1102 1106 1156 et
1129 1092 1266 1174 singuiis

157 1251 160 1256 .
178 1191 351 1273 premissis
366 1191 442 1254 dum
458 1190 506 1253 sic
523 1199 555 1254 ut
577 1191 734 1270 protertur
751 1206 807 1269 per
824 1192 979 1269 prefatum
1002 1191 1167 1256 dominum
1191 1207 1268 1272 pru·

178 1289 397 1356 thonotarium
421 1299 453 1353 et
475 1287 742 1353 archidiaconum
764 1289 907 1354 iudicem
934 1297 966 1354 et
992 1287 1202 1355 Exeoutorem
1229 1307 1268 1356 ac

164 1403 289 1453 -coram
309 1404 349 1451 eo
366 1385 478 1452 tierent
494 1396 522 1451 et
540 1396 712 1467 agerentur
726 1403 863 1452 unacum
881 1385 1018 1453 testibus
1035 1389 1266 1468 prenominatis

180 1501 319 1568 presens
349 1485 476 1549 interfui
503 1502 604 1567 caque
629 1484 756 1566 singula
783 1486 939 1567 premissa
970 1486 1018 1551 sic
1046 1486 1114 1551 fieri
1144 1487 1209 1552 vidi
1235 1495 1269 1554 et

179 1584 291 1650 audiui
317 1601 354 1648 ao
379 1583 411 1646 in
440 1595 546 1648 notam
569 1585 693 1664 sumpsi
716 1601 755 1648 ex
777 1601 838 1666 qua
862 1583 924 1649 hoc
947 1601 1081 1664 presens
1105 1585 1265 1666 pubiicum

179 1685 431 1748 instrumentum
455 1690 636 1763 presentem
666 1698 854 1764 processum
885 1683 916 1746 in
947 1701 983 1748 se
1013 1683 1182 1749 continens
1211 1701 1270 1766 per

179 1783 279 1848 atium
298 1799 349 1846 me
363 1781 492 1846 aliunde
507 1791 663 1862 occupato
685 1779 821 1847 ddeiiter
836 1783 990 1864 scriptum
1012 1782 1127 1848 exinde
1142 1781 1266 1849 confeci

180 1879 363 1962 subscripsi
387 1889 419 1944 et
434 1880 465 1943 in
483 1881 564 1944 hanc
588 1880 747 1961 publicam
764 1881 898 1945 sormam
921 1881 1041 1962 redegi,
1059 1880 1217 1963 signoque
1238 1891 1270 1946 et

182 1979 313 2044 nomine
326 1993 397 2043 meo
410 1979 516 2043 soiitis
529 1988 560 2044 et
576 1979 740 2044 consuetis
752 1995 886 2044 unacum
899 1979 1020 2044 domini
1035 1977 1268 2060 prothonotarii

180 2087 213 2145 et
227 2077 448 2143 archidiaconi
468 2078 587 2161 judicis
602 2088 633 2143 et
649 2079 832 2143 executoris
848 2078 1013 2144 memorati
1036 2077 1132 2160 sigilii
1149 2095 1271 2160 appen-

181 2177 275 2243 sione
299 2177 425 2258 signaui
446 2189 576 2258 rogatus
598 2187 629 2242 et
644 2176 818 2258 requisitus
840 2177 872 2242 in
888 2177 984 2243 iidem
1000 2188 1032 2243 et
1048 2177 1267 2242 testimonium

179 2277 326 2343 omnium
344 2288 376 2340 et
392 2277 591 2358 singulorum
610 2277 855 2356 premissorum.

556 2441 683 2512 original
710 2459 757 2497 sur
780 2441 953 2513 parcheminz
978 2457 1059 2497 sceau
1082 2439 1191 2508 coleret
1215 2457 1272 2496 aux

521 2533 651 2590 Anchises
665 2533 699 2588 de
714 2534 741 2588 ln
754 2533 819 2588 vitto
832 2533 865 2590 de
880 2531 1012 2589 Louvain.

703 2769 757 2834 xi.

184 2937 230 3000 Le
253 2936 419 2999 actamnis
442 2936 561 3016 pontisc
586 2935 710 2998 Ninnios
739 2935 760 2997 V
781 2933 924 3014 eorrfirme
945 2933 1195 3014 iincorporction
1218 2933 1273 2995 des

227 3035 396 3115 paruisses,
413 3035 488 3113 satie
504 3051 545 3095 nu
566 3033 703 3114 ctaptne
723 3033 760 3095 tie
781 3031 993 3096 Sciet-Pinna
1014 3032 1033 3093 d
1058 3031 1193 3094 Lcuvoin
1213 3048 1274 3112 par·

229 3133 500 3214 deponentem
516 3133 743 3214 predecessore,
759 3139 789 3194 et
811 3137 997 3195 notumment
1018 3130 1091 3194 ueto
1109 3131 1147 3194 tie
1161 3129 1276 3210 i'dplisc

231 3232 268 3295 de
290 3231 411 3303 Baetin,
435 3231 503 3294 bion
528 3249 586 3312 pne
607 3230 853 3295 i'incbseruation
874 3232 912 3294 de
934 3233 1083 3294 certainer
1103 3228 1274 3310 sonneiitds

230 3333 282 3394 etit
295 3348 338 3412 pu
352 3331 465 3393 rendre
479 3337 553 3394 cette
567 3332 794 3412 tricorporotion
808 3331 952 3394 irruoiide.

639 3481 731 3552 tjutn
756 3481 836 3537 1447.

344 3621 419 3677 Titre
437 3627 477 3678 dtr
495 3629 642 3678 sounecin
657 3628 766 3688 montisc
783 3628 811 3678 et
829 3639 932 3692 arenga
950 3639 988 3676 ou
1004 3625 1124 3688 prefatos.

232 3743 384 3809 Nicotaus
407 3763 565 3810 episcopus
588 3763 699 3810 senous
722 3743 878 3809 senoonutt
902 3762 949 3808 nur
971 3747 1016 3810 du
1039 3761 1210 3808 rennerunu
1226 3759 1275 3806 nat

189 3859 346 3905 arnonrnn
372 3841 379 3925 Ι
403 3843 597 3909 cunctorum
626 3843 770 3927 largitori
807 3842 1011 3908 carismatum
1049 3841 1274 3924 acceptissima

191 3939 493 4024 prothoplaustiquc
519 3942 660 4023 posteris
687 3959 726 4008 ne
753 3957 887 4022 prorsus
916 3941 1103 4023 ignorantie
1132 3939 1275 4006 tenebris

190 4037 325 4105 obducti
347 4038 575 4107 fluctuantibus
597 4042 735 4108 humane
749 4039 946 4106 conditionis
960 4039 1127 4120 erumpnis
1143 4037 1275 4120 superni

193 4138 327 4204 notione
342 4137 471 4205 luminis
487 4139 630 4206 destituti
652 4148 860 4222 permaneant
881 4138 1091 4206 saluberrima
1113 4153 1167 4203 res
1185 4137 1191 4220 Ι
1210 4135 1277 4219 agi-
