<?xml version="1.0" encoding="UTF-8"?>
<!DOCTYPE html PUBLIC "-//W3C//DTD XHTML 1.0 Transitional//EN"
    "http://www.w3.org/TR/xhtml1/DTD/xhtml1-transitional.dtd">
<html xmlns="http://www.w3.org/1999/xhtml" xml:lang="en" lang="en">
 <head>
  <title>
</title>
<meta http-equiv="Content-Type" content="text/html;charset=utf-8" />
  <meta name='ocr-system' content='tesseract 3.04.00' />
  <meta name='ocr-capabilities' content='ocr_page ocr_carea ocr_par ocr_line ocrx_word'/>
</head>
<body>
  <div class='ocr_page' id='page_1' title='image "./documentsrelati00reusgoog_0508.png"; bbox 0 0 3240 4946; ppageno 0'>
   <div class='ocr_carea' id='block_1_1' title="bbox 757 434 941 506">
    <p class='ocr_par' dir='ltr' id='par_1_1' title="bbox 757 434 941 506">
     <span class='ocr_line' id='line_1_1' title="bbox 757 434 941 506; baseline -0.011 0"><span class='ocrx_word' id='word_1_1' title='bbox 757 434 941 506; x_wconf 78' lang='grc'>-196-</span> 
     </span>
    </p>
   </div>
   <div class='ocr_carea' id='block_1_2' title="bbox 273 623 1429 3968">
    <p class='ocr_par' dir='ltr' id='par_1_2' title="bbox 273 623 1429 3968">
     <span class='ocr_line' id='line_1_2' title="bbox 306 623 1392 706; baseline 0.002 -15"><span class='ocrx_word' id='word_1_2' title='bbox 306 624 443 691; x_wconf 87' lang='lat' dir='ltr'>voulcns</span> <span class='ocrx_word' id='word_1_3' title='bbox 476 635 508 689; x_wconf 92' lang='lat' dir='ltr'>et</span> <span class='ocrx_word' id='word_1_4' title='bbox 538 632 735 704; x_wconf 87' lang='lat' dir='ltr'>permettrns</span> <span class='ocrx_word' id='word_1_5' title='bbox 765 624 909 689; x_wconf 86' lang='lat' dir='ltr'>ausdicts</span> <span class='ocrx_word' id='word_1_6' title='bbox 938 623 1118 704; x_wconf 84' lang='lat' dir='ltr'>supptiants</span> <span class='ocrx_word' id='word_1_7' title='bbox 1148 641 1222 706; x_wconf 83' lang='lat' dir='ltr'>qne,</span> <span class='ocrx_word' id='word_1_8' title='bbox 1253 643 1291 690; x_wconf 89' lang='grc'>33</span> <span class='ocrx_word' id='word_1_9' title='bbox 1329 623 1392 692; x_wconf 82' lang='grc'>1133</span> 
     </span>
     <span class='ocr_line' id='line_1_3' title="bbox 302 723 1390 804; baseline -0.002 -14"><span class='ocrx_word' id='word_1_10' title='bbox 302 725 444 790; x_wconf 88' lang='lat' dir='ltr'>desdicts</span> <span class='ocrx_word' id='word_1_11' title='bbox 469 724 549 788; x_wconf 82' lang='lat' dir='ltr'>deun</span> <span class='ocrx_word' id='word_1_12' title='bbox 576 739 653 788; x_wconf 89' lang='lat' dir='ltr'>cens</span> <span class='ocrx_word' id='word_1_13' title='bbox 680 723 810 804; x_wconf 76' lang='lat' dir='ltr'>pierres,</span> <span class='ocrx_word' id='word_1_14' title='bbox 835 725 866 787; x_wconf 91' lang='grc'>13</span> <span class='ocrx_word' id='word_1_15' title='bbox 892 723 1026 787; x_wconf 84' lang='lat' dir='ltr'>salaires</span> <span class='ocrx_word' id='word_1_16' title='bbox 1053 733 1277 789; x_wconf 83' lang='lat' dir='ltr'>ecccnstnmez</span> <span class='ocrx_word' id='word_1_17' title='bbox 1302 733 1390 789; x_wconf 90' lang='lat' dir='ltr'>estre</span> 
     </span>
     <span class='ocr_line' id='line_1_4' title="bbox 304 820 1391 902; baseline 0 -16"><span class='ocrx_word' id='word_1_18' title='bbox 304 825 393 888; x_wconf 89' lang='lat' dir='ltr'>tenez</span> <span class='ocrx_word' id='word_1_19' title='bbox 406 823 446 886; x_wconf 92' lang='lat' dir='ltr'>de</span> <span class='ocrx_word' id='word_1_20' title='bbox 458 823 576 902; x_wconf 79' lang='lat' dir='ltr'>parties</span> <span class='ocrx_word' id='word_1_21' title='bbox 593 821 790 902; x_wconf 66' lang='grc'>3133131333,</span> <span class='ocrx_word' id='word_1_22' title='bbox 805 830 833 885; x_wconf 84' lang='grc'>31</span> <span class='ocrx_word' id='word_1_23' title='bbox 853 820 1020 884; x_wconf 89' lang='lat' dir='ltr'>moderees</span> <span class='ocrx_word' id='word_1_24' title='bbox 1037 837 1093 901; x_wconf 85' lang='lat' dir='ltr'>per</span> <span class='ocrx_word' id='word_1_25' title='bbox 1109 821 1200 885; x_wconf 78' lang='grc'>33313</span> <span class='ocrx_word' id='word_1_26' title='bbox 1216 822 1256 886; x_wconf 86' lang='grc'>13</span> <span class='ocrx_word' id='word_1_27' title='bbox 1272 823 1391 886; x_wconf 88' lang='lat' dir='ltr'>ladicte</span> 
     </span>
     <span class='ocr_line' id='line_1_5' title="bbox 302 919 1386 1000; baseline -0.002 -14"><span class='ocrx_word' id='word_1_28' title='bbox 302 919 484 987; x_wconf 84' lang='lat' dir='ltr'>Vniuersitc</span> <span class='ocrx_word' id='word_1_29' title='bbox 499 931 565 985; x_wconf 86' lang='lat' dir='ltr'>tant</span> <span class='ocrx_word' id='word_1_30' title='bbox 581 937 662 1000; x_wconf 87' lang='lat' dir='ltr'>pour</span> <span class='ocrx_word' id='word_1_31' title='bbox 677 920 808 984; x_wconf 88' lang='lat' dir='ltr'>tesdicts</span> <span class='ocrx_word' id='word_1_32' title='bbox 821 919 1059 984; x_wconf 84' lang='lat' dir='ltr'>Conseruatenr</span> <span class='ocrx_word' id='word_1_33' title='bbox 1075 929 1106 984; x_wconf 91' lang='lat' dir='ltr'>et</span> <span class='ocrx_word' id='word_1_34' title='bbox 1121 937 1181 984; x_wconf 90' lang='lat' dir='ltr'>son</span> <span class='ocrx_word' id='word_1_35' title='bbox 1196 921 1386 994; x_wconf 83' lang='lat' dir='ltr'>Assessenr,</span> 
     </span>
     <span class='ocr_line' id='line_1_6' title="bbox 303 1018 1389 1102; baseline 0 -16"><span class='ocrx_word' id='word_1_36' title='bbox 303 1039 365 1102; x_wconf 79' lang='lat' dir='ltr'>qne</span> <span class='ocrx_word' id='word_1_37' title='bbox 387 1029 587 1101; x_wconf 74' lang='lat' dir='ltr'>anssy&#39;pour</span> <span class='ocrx_word' id='word_1_38' title='bbox 610 1020 657 1083; x_wconf 90' lang='lat' dir='ltr'>tes</span> <span class='ocrx_word' id='word_1_39' title='bbox 681 1019 821 1084; x_wconf 83' lang='lat' dir='ltr'>notnires</span> <span class='ocrx_word' id='word_1_40' title='bbox 844 1027 875 1082; x_wconf 91' lang='lat' dir='ltr'>et</span> <span class='ocrx_word' id='word_1_41' title='bbox 898 1019 1017 1084; x_wconf 85' lang='lat' dir='ltr'>auttres</span> <span class='ocrx_word' id='word_1_42' title='bbox 1042 1018 1183 1084; x_wconf 85' lang='lat' dir='ltr'>cfficiers</span> <span class='ocrx_word' id='word_1_43' title='bbox 1207 1021 1247 1084; x_wconf 93' lang='lat' dir='ltr'>de</span> <span class='ocrx_word' id='word_1_44' title='bbox 1271 1019 1389 1086; x_wconf 86' lang='lat' dir='ltr'>ladicte</span> 
     </span>
     <span class='ocr_line' id='line_1_7' title="bbox 302 1119 1387 1199; baseline 0.002 -15"><span class='ocrx_word' id='word_1_45' title='bbox 302 1121 494 1194; x_wconf 85' lang='lat' dir='ltr'>Vniuersite‚</span> <span class='ocrx_word' id='word_1_46' title='bbox 518 1136 554 1184; x_wconf 92' lang='lat' dir='ltr'>sc</span> <span class='ocrx_word' id='word_1_47' title='bbox 577 1127 734 1199; x_wconf 87' lang='lat' dir='ltr'>pourront</span> <span class='ocrx_word' id='word_1_48' title='bbox 756 1120 844 1183; x_wconf 87' lang='lat' dir='ltr'>tener</span> <span class='ocrx_word' id='word_1_49' title='bbox 870 1127 901 1183; x_wconf 94' lang='lat' dir='ltr'>et</span> <span class='ocrx_word' id='word_1_50' title='bbox 928 1119 1076 1182; x_wconf 89' lang='lat' dir='ltr'>moderer</span> <span class='ocrx_word' id='word_1_51' title='bbox 1104 1135 1160 1199; x_wconf 76' lang='lat' dir='ltr'>per</span> <span class='ocrx_word' id='word_1_52' title='bbox 1186 1119 1319 1184; x_wconf 86' lang='lat' dir='ltr'>lesdicts</span> <span class='ocrx_word' id='word_1_53' title='bbox 1347 1123 1387 1186; x_wconf 90' lang='lat' dir='ltr'>de</span> 
     </span>
     <span class='ocr_line' id='line_1_8' title="bbox 302 1217 1390 1300; baseline 0 -17"><span class='ocrx_word' id='word_1_54' title='bbox 302 1219 494 1284; x_wconf 85' lang='lat' dir='ltr'>aniuersite</span> <span class='ocrx_word' id='word_1_55' title='bbox 517 1228 585 1282; x_wconf 89' lang='lat' dir='ltr'>tcnt</span> <span class='ocrx_word' id='word_1_56' title='bbox 608 1217 688 1281; x_wconf 79' lang='lat' dir='ltr'>ainsi</span> <span class='ocrx_word' id='word_1_57' title='bbox 712 1235 774 1298; x_wconf 85' lang='lat' dir='ltr'>que</span> <span class='ocrx_word' id='word_1_58' title='bbox 795 1218 847 1280; x_wconf 83' lang='lat' dir='ltr'>ton</span> <span class='ocrx_word' id='word_1_59' title='bbox 865 1217 1390 1300; x_wconf 76' lang='grc'>33311333333133333333333333</span> 
     </span>
     <span class='ocr_line' id='line_1_9' title="bbox 300 1315 1389 1399; baseline 0.001 -17"><span class='ocrx_word' id='word_1_60' title='bbox 300 1319 417 1399; x_wconf 80' lang='lat' dir='ltr'>tonrcp</span> <span class='ocrx_word' id='word_1_61' title='bbox 443 1325 474 1381; x_wconf 89' lang='lat' dir='ltr'>et</span> <span class='ocrx_word' id='word_1_62' title='bbox 499 1317 689 1381; x_wconf 84' lang='lat' dir='ltr'>concession</span> <span class='ocrx_word' id='word_1_63' title='bbox 717 1317 756 1380; x_wconf 91' lang='lat' dir='ltr'>de</span> <span class='ocrx_word' id='word_1_64' title='bbox 784 1315 946 1380; x_wconf 90' lang='lat' dir='ltr'>nnsdictes</span> <span class='ocrx_word' id='word_1_65' title='bbox 973 1316 1094 1380; x_wconf 84' lang='lat' dir='ltr'>euttres</span> <span class='ocrx_word' id='word_1_66' title='bbox 1124 1317 1246 1392; x_wconf 87' lang='lat' dir='ltr'>lettres,</span> <span class='ocrx_word' id='word_1_67' title='bbox 1277 1319 1389 1382; x_wconf 88' lang='lat' dir='ltr'>icettes</span> 
     </span>
     <span class='ocr_line' id='line_1_10' title="bbox 301 1414 1389 1499; baseline 0 -18"><span class='ocrx_word' id='word_1_68' title='bbox 301 1427 399 1499; x_wconf 81' lang='lat' dir='ltr'>quant</span> <span class='ocrx_word' id='word_1_69' title='bbox 419 1433 480 1480; x_wconf 86' lang='lat' dir='ltr'>eux</span> <span class='ocrx_word' id='word_1_70' title='bbox 503 1417 625 1480; x_wconf 83' lang='lat' dir='ltr'>enltres</span> <span class='ocrx_word' id='word_1_71' title='bbox 648 1415 785 1495; x_wconf 75' lang='lat' dir='ltr'>poiens,</span> <span class='ocrx_word' id='word_1_72' title='bbox 803 1415 931 1478; x_wconf 83' lang='lat' dir='ltr'>articles</span> <span class='ocrx_word' id='word_1_73' title='bbox 954 1425 983 1480; x_wconf 88' lang='lat' dir='ltr'>et</span> <span class='ocrx_word' id='word_1_74' title='bbox 1001 1414 1237 1480; x_wconf 79' lang='lat' dir='ltr'>modificeticns</span> <span class='ocrx_word' id='word_1_75' title='bbox 1255 1416 1389 1481; x_wconf 79' lang='grc'>(133333-</span> 
     </span>
     <span class='ocr_line' id='line_1_11' title="bbox 303 1513 1388 1596; baseline 0 -16"><span class='ocrx_word' id='word_1_76' title='bbox 303 1517 397 1594; x_wconf 84' lang='lat' dir='ltr'>dicte,</span> <span class='ocrx_word' id='word_1_77' title='bbox 414 1515 607 1580; x_wconf 81' lang='lat' dir='ltr'>demenrnns</span> <span class='ocrx_word' id='word_1_78' title='bbox 623 1530 661 1578; x_wconf 93' lang='lat' dir='ltr'>en</span> <span class='ocrx_word' id='word_1_79' title='bbox 678 1513 748 1578; x_wconf 86' lang='lat' dir='ltr'>leur</span> <span class='ocrx_word' id='word_1_80' title='bbox 764 1514 852 1578; x_wconf 79' lang='lat' dir='ltr'>force</span> <span class='ocrx_word' id='word_1_81' title='bbox 872 1523 903 1578; x_wconf 88' lang='lat' dir='ltr'>et</span> <span class='ocrx_word' id='word_1_82' title='bbox 925 1513 1047 1594; x_wconf 77' lang='lat' dir='ltr'>vigenr,</span> <span class='ocrx_word' id='word_1_83' title='bbox 1071 1514 1103 1581; x_wconf 90' lang='grc'>13</span> <span class='ocrx_word' id='word_1_84' title='bbox 1125 1523 1194 1579; x_wconf 89' lang='lat' dir='ltr'>tout</span> <span class='ocrx_word' id='word_1_85' title='bbox 1215 1515 1347 1596; x_wconf 87' lang='lat' dir='ltr'>iusques</span> <span class='ocrx_word' id='word_1_86' title='bbox 1371 1533 1388 1580; x_wconf 88' lang='grc'>3</span> 
     </span>
     <span class='ocr_line' id='line_1_12' title="bbox 302 1612 1388 1694; baseline 0 -15"><span class='ocrx_word' id='word_1_87' title='bbox 302 1625 412 1679; x_wconf 89' lang='lat' dir='ltr'>nostre</span> <span class='ocrx_word' id='word_1_88' title='bbox 448 1615 556 1694; x_wconf 85' lang='lat' dir='ltr'>rappet</span> <span class='ocrx_word' id='word_1_89' title='bbox 594 1623 626 1677; x_wconf 90' lang='lat' dir='ltr'>et</span> <span class='ocrx_word' id='word_1_90' title='bbox 656 1621 723 1676; x_wconf 84' lang='lat' dir='ltr'>tant</span> <span class='ocrx_word' id='word_1_91' title='bbox 751 1612 816 1694; x_wconf 84' lang='lat' dir='ltr'>quit</span> <span class='ocrx_word' id='word_1_92' title='bbox 848 1629 930 1678; x_wconf 88' lang='lat' dir='ltr'>nous</span> <span class='ocrx_word' id='word_1_93' title='bbox 961 1613 1075 1692; x_wconf 83' lang='lat' dir='ltr'>ptaire.</span> <span class='ocrx_word' id='word_1_94' title='bbox 1106 1614 1135 1677; x_wconf 83' lang='lat' dir='ltr'>si</span> <span class='ocrx_word' id='word_1_95' title='bbox 1168 1614 1316 1679; x_wconf 87' lang='lat' dir='ltr'>donnons</span> <span class='ocrx_word' id='word_1_96' title='bbox 1347 1631 1388 1679; x_wconf 88' lang='lat' dir='ltr'>en</span> 
     </span>
     <span class='ocr_line' id='line_1_13' title="bbox 301 1711 1389 1792; baseline 0 -15"><span class='ocrx_word' id='word_1_97' title='bbox 301 1714 504 1778; x_wconf 84' lang='lat' dir='ltr'>mendement</span> <span class='ocrx_word' id='word_1_98' title='bbox 519 1729 536 1775; x_wconf 91' lang='grc'>3</span> <span class='ocrx_word' id='word_1_99' title='bbox 554 1729 612 1776; x_wconf 90' lang='lat' dir='ltr'>nos</span> <span class='ocrx_word' id='word_1_100' title='bbox 628 1712 787 1776; x_wconf 87' lang='lat' dir='ltr'>trescbier</span> <span class='ocrx_word' id='word_1_101' title='bbox 803 1721 834 1776; x_wconf 89' lang='lat' dir='ltr'>et</span> <span class='ocrx_word' id='word_1_102' title='bbox 850 1711 953 1776; x_wconf 79' lang='grc'>133313</span> <span class='ocrx_word' id='word_1_103' title='bbox 976 1711 1023 1776; x_wconf 87' lang='lat' dir='ltr'>les</span> <span class='ocrx_word' id='word_1_104' title='bbox 1047 1711 1234 1778; x_wconf 76' lang='lat' dir='ltr'>Cbencedier</span> <span class='ocrx_word' id='word_1_105' title='bbox 1257 1723 1288 1777; x_wconf 87' lang='lat' dir='ltr'>et</span> <span class='ocrx_word' id='word_1_106' title='bbox 1309 1729 1389 1792; x_wconf 81' lang='lat' dir='ltr'>gens</span> 
     </span>
     <span class='ocr_line' id='line_1_14' title="bbox 301 1809 1390 1892; baseline -0.002 -14"><span class='ocrx_word' id='word_1_107' title='bbox 301 1814 342 1878; x_wconf 92' lang='lat' dir='ltr'>de</span> <span class='ocrx_word' id='word_1_108' title='bbox 377 1820 487 1876; x_wconf 89' lang='lat' dir='ltr'>nostre</span> <span class='ocrx_word' id='word_1_109' title='bbox 525 1811 624 1892; x_wconf 83' lang='lat' dir='ltr'>grand</span> <span class='ocrx_word' id='word_1_110' title='bbox 663 1809 788 1874; x_wconf 76' lang='lat' dir='ltr'>conscit</span> <span class='ocrx_word' id='word_1_111' title='bbox 820 1809 1008 1875; x_wconf 83' lang='lat' dir='ltr'>Cbnncetier</span> <span class='ocrx_word' id='word_1_112' title='bbox 1037 1819 1069 1875; x_wconf 87' lang='lat' dir='ltr'>et</span> <span class='ocrx_word' id='word_1_113' title='bbox 1097 1827 1178 1892; x_wconf 84' lang='lat' dir='ltr'>gens</span> <span class='ocrx_word' id='word_1_114' title='bbox 1208 1812 1248 1876; x_wconf 91' lang='lat' dir='ltr'>de</span> <span class='ocrx_word' id='word_1_115' title='bbox 1279 1820 1390 1876; x_wconf 87' lang='lat' dir='ltr'>nostre</span> 
     </span>
     <span class='ocr_line' id='line_1_15' title="bbox 302 1908 1390 1989; baseline 0.002 -15"><span class='ocrx_word' id='word_1_116' title='bbox 302 1910 428 1976; x_wconf 85' lang='lat' dir='ltr'>Conseil</span> <span class='ocrx_word' id='word_1_117' title='bbox 444 1927 482 1974; x_wconf 90' lang='lat' dir='ltr'>en</span> <span class='ocrx_word' id='word_1_118' title='bbox 501 1909 650 1983; x_wconf 73' lang='lat' dir='ltr'>brabant,</span> <span class='ocrx_word' id='word_1_119' title='bbox 669 1908 837 1972; x_wconf 75' lang='lat' dir='ltr'>president</span> <span class='ocrx_word' id='word_1_120' title='bbox 852 1917 883 1972; x_wconf 92' lang='lat' dir='ltr'>et</span> <span class='ocrx_word' id='word_1_121' title='bbox 899 1925 977 1989; x_wconf 86' lang='lat' dir='ltr'>gens</span> <span class='ocrx_word' id='word_1_122' title='bbox 994 1909 1033 1973; x_wconf 89' lang='lat' dir='ltr'>dc</span> <span class='ocrx_word' id='word_1_123' title='bbox 1051 1911 1161 1974; x_wconf 81' lang='lat' dir='ltr'>nostre</span> <span class='ocrx_word' id='word_1_124' title='bbox 1176 1911 1328 1976; x_wconf 80' lang='lat' dir='ltr'>chambre</span> <span class='ocrx_word' id='word_1_125' title='bbox 1347 1910 1390 1976; x_wconf 88' lang='lat' dir='ltr'>dc</span> 
     </span>
     <span class='ocr_line' id='line_1_16' title="bbox 302 2007 1388 2091; baseline 0.001 -17"><span class='ocrx_word' id='word_1_126' title='bbox 302 2011 428 2076; x_wconf 86' lang='lat' dir='ltr'>Conseit</span> <span class='ocrx_word' id='word_1_127' title='bbox 444 2026 483 2074; x_wconf 94' lang='lat' dir='ltr'>en</span> <span class='ocrx_word' id='word_1_128' title='bbox 500 2008 665 2081; x_wconf 79' lang='lat' dir='ltr'>Flendres</span> <span class='ocrx_word' id='word_1_129' title='bbox 686 2007 790 2070; x_wconf 86' lang='lat' dir='ltr'>Grand</span> <span class='ocrx_word' id='word_1_130' title='bbox 810 2008 938 2071; x_wconf 83' lang='lat' dir='ltr'>Baitlien</span> <span class='ocrx_word' id='word_1_131' title='bbox 956 2008 996 2072; x_wconf 92' lang='lat' dir='ltr'>de</span> <span class='ocrx_word' id='word_1_132' title='bbox 1018 2009 1168 2090; x_wconf 79' lang='lat' dir='ltr'>Hnynnen</span> <span class='ocrx_word' id='word_1_133' title='bbox 1193 2017 1223 2074; x_wconf 92' lang='lat' dir='ltr'>et</span> <span class='ocrx_word' id='word_1_134' title='bbox 1244 2027 1324 2091; x_wconf 81' lang='lat' dir='ltr'>gens</span> <span class='ocrx_word' id='word_1_135' title='bbox 1347 2011 1388 2075; x_wconf 92' lang='lat' dir='ltr'>de</span> 
     </span>
     <span class='ocr_line' id='line_1_17' title="bbox 302 2106 1389 2190; baseline 0.001 -17"><span class='ocrx_word' id='word_1_136' title='bbox 302 2119 412 2174; x_wconf 88' lang='lat' dir='ltr'>nostre</span> <span class='ocrx_word' id='word_1_137' title='bbox 449 2107 576 2172; x_wconf 86' lang='lat' dir='ltr'>Conseil</span> <span class='ocrx_word' id='word_1_138' title='bbox 614 2124 631 2170; x_wconf 93' lang='grc'>3</span> <span class='ocrx_word' id='word_1_139' title='bbox 667 2106 770 2179; x_wconf 86' lang='lat' dir='ltr'>bdons.</span> <span class='ocrx_word' id='word_1_140' title='bbox 802 2107 993 2171; x_wconf 85' lang='lat' dir='ltr'>Lieutenans</span> <span class='ocrx_word' id='word_1_141' title='bbox 1030 2117 1062 2172; x_wconf 88' lang='lat' dir='ltr'>et</span> <span class='ocrx_word' id='word_1_142' title='bbox 1096 2125 1176 2190; x_wconf 82' lang='lat' dir='ltr'>gens</span> <span class='ocrx_word' id='word_1_143' title='bbox 1206 2109 1246 2174; x_wconf 90' lang='lat' dir='ltr'>de</span> <span class='ocrx_word' id='word_1_144' title='bbox 1276 2118 1389 2174; x_wconf 89' lang='lat' dir='ltr'>nostre</span> 
     </span>
     <span class='ocr_line' id='line_1_18' title="bbox 301 2205 1386 2288; baseline -0.002 -15"><span class='ocrx_word' id='word_1_145' title='bbox 301 2209 453 2273; x_wconf 82' lang='lat' dir='ltr'>chambre</span> <span class='ocrx_word' id='word_1_146' title='bbox 477 2208 517 2272; x_wconf 90' lang='lat' dir='ltr'>de</span> <span class='ocrx_word' id='word_1_147' title='bbox 539 2205 667 2271; x_wconf 88' lang='lat' dir='ltr'>Conseit</span> <span class='ocrx_word' id='word_1_148' title='bbox 691 2222 730 2271; x_wconf 91' lang='lat' dir='ltr'>en</span> <span class='ocrx_word' id='word_1_149' title='bbox 754 2205 920 2280; x_wconf 79' lang='lat' dir='ltr'>bellende,</span> <span class='ocrx_word' id='word_1_150' title='bbox 942 2205 1169 2272; x_wconf 84' lang='lat' dir='ltr'>Gonuernenrs</span> <span class='ocrx_word' id='word_1_151' title='bbox 1192 2207 1386 2288; x_wconf 77' lang='lat' dir='ltr'>detramur,</span> 
     </span>
     <span class='ocr_line' id='line_1_19' title="bbox 302 2305 1387 2386; baseline 0 -13"><span class='ocrx_word' id='word_1_152' title='bbox 302 2309 342 2374; x_wconf 91' lang='lat' dir='ltr'>de</span> <span class='ocrx_word' id='word_1_153' title='bbox 371 2308 461 2380; x_wconf 79' lang='lat' dir='ltr'>bille,</span> <span class='ocrx_word' id='word_1_154' title='bbox 486 2307 526 2370; x_wconf 90' lang='lat' dir='ltr'>de</span> <span class='ocrx_word' id='word_1_155' title='bbox 556 2307 696 2386; x_wconf 77' lang='lat' dir='ltr'>bonway</span> <span class='ocrx_word' id='word_1_156' title='bbox 726 2315 756 2370; x_wconf 92' lang='lat' dir='ltr'>et</span> <span class='ocrx_word' id='word_1_157' title='bbox 786 2305 1092 2380; x_wconf 82' lang='lat' dir='ltr'>01·cbies,Prenost</span> <span class='ocrx_word' id='word_1_158' title='bbox 1122 2317 1153 2372; x_wconf 89' lang='lat' dir='ltr'>et</span> <span class='ocrx_word' id='word_1_159' title='bbox 1181 2308 1211 2372; x_wconf 91' lang='lat' dir='ltr'>le</span> <span class='ocrx_word' id='word_1_160' title='bbox 1240 2308 1339 2373; x_wconf 79' lang='lat' dir='ltr'>conte</span> <span class='ocrx_word' id='word_1_161' title='bbox 1369 2325 1387 2373; x_wconf 88' lang='grc'>3</span> 
     </span>
     <span class='ocr_line' id='line_1_20' title="bbox 301 2405 1385 2482; baseline 0.001 -12"><span class='ocrx_word' id='word_1_162' title='bbox 301 2407 544 2480; x_wconf 81' lang='grc'>1131333133333,</span> <span class='ocrx_word' id='word_1_163' title='bbox 577 2405 760 2469; x_wconf 85' lang='lat' dir='ltr'>Escoutettc</span> <span class='ocrx_word' id='word_1_164' title='bbox 797 2405 836 2468; x_wconf 90' lang='lat' dir='ltr'>de</span> <span class='ocrx_word' id='word_1_165' title='bbox 875 2405 1019 2481; x_wconf 82' lang='lat' dir='ltr'>marines,</span> <span class='ocrx_word' id='word_1_166' title='bbox 1052 2405 1172 2471; x_wconf 84' lang='lat' dir='ltr'>Beittifs</span> <span class='ocrx_word' id='word_1_167' title='bbox 1209 2408 1249 2472; x_wconf 94' lang='lat' dir='ltr'>de</span> <span class='ocrx_word' id='word_1_168' title='bbox 1282 2407 1385 2482; x_wconf 84' lang='lat' dir='ltr'>Gend,</span> 
     </span>
     <span class='ocr_line' id='line_1_21' title="bbox 300 2503 1387 2588; baseline 0.001 -16"><span class='ocrx_word' id='word_1_169' title='bbox 300 2507 340 2572; x_wconf 92' lang='lat' dir='ltr'>de</span> <span class='ocrx_word' id='word_1_170' title='bbox 369 2507 491 2586; x_wconf 84' lang='lat' dir='ltr'>Bruges</span> <span class='ocrx_word' id='word_1_171' title='bbox 521 2513 552 2567; x_wconf 92' lang='lat' dir='ltr'>et</span> <span class='ocrx_word' id='word_1_172' title='bbox 587 2503 627 2566; x_wconf 91' lang='lat' dir='ltr'>de</span> <span class='ocrx_word' id='word_1_173' title='bbox 665 2503 777 2580; x_wconf 79' lang='lat' dir='ltr'>Franc,</span> <span class='ocrx_word' id='word_1_174' title='bbox 809 2503 996 2568; x_wconf 80' lang='lat' dir='ltr'>Escoutette</span> <span class='ocrx_word' id='word_1_175' title='bbox 1034 2505 1145 2570; x_wconf 88' lang='lat' dir='ltr'>dudict</span> <span class='ocrx_word' id='word_1_176' title='bbox 1182 2506 1314 2588; x_wconf 86' lang='lat' dir='ltr'>Bruges,</span> <span class='ocrx_word' id='word_1_177' title='bbox 1346 2508 1387 2573; x_wconf 93' lang='lat' dir='ltr'>de</span> 
     </span>
     <span class='ocr_line' id='line_1_22' title="bbox 301 2601 1385 2680; baseline 0.002 -12"><span class='ocrx_word' id='word_1_178' title='bbox 301 2604 483 2676; x_wconf 84' lang='lat' dir='ltr'>Boislednc‚</span> <span class='ocrx_word' id='word_1_179' title='bbox 508 2601 607 2666; x_wconf 82' lang='grc'>113133</span> <span class='ocrx_word' id='word_1_180' title='bbox 628 2603 668 2666; x_wconf 83' lang='grc'>(13</span> <span class='ocrx_word' id='word_1_181' title='bbox 691 2601 846 2680; x_wconf 84' lang='lat' dir='ltr'>Lonucin,</span> <span class='ocrx_word' id='word_1_182' title='bbox 870 2605 1002 2665; x_wconf 69' lang='lat' dir='ltr'>emman</span> <span class='ocrx_word' id='word_1_183' title='bbox 1025 2603 1066 2667; x_wconf 91' lang='lat' dir='ltr'>de</span> <span class='ocrx_word' id='word_1_184' title='bbox 1090 2603 1265 2680; x_wconf 85' lang='lat' dir='ltr'>Bruxelles‚</span> <span class='ocrx_word' id='word_1_185' title='bbox 1283 2603 1385 2670; x_wconf 83' lang='grc'>11333-</span> 
     </span>
     <span class='ocr_line' id='line_1_23' title="bbox 302 2699 1429 2784; baseline 0 -17"><span class='ocrx_word' id='word_1_186' title='bbox 302 2719 400 2784; x_wconf 80' lang='lat' dir='ltr'>grene</span> <span class='ocrx_word' id='word_1_187' title='bbox 416 2701 574 2774; x_wconf 83' lang='lat' dir='ltr'>ddnners,</span> <span class='ocrx_word' id='word_1_188' title='bbox 592 2709 623 2763; x_wconf 89' lang='lat' dir='ltr'>et</span> <span class='ocrx_word' id='word_1_189' title='bbox 638 2715 654 2762; x_wconf 97' lang='grc'>3</span> <span class='ocrx_word' id='word_1_190' title='bbox 672 2710 744 2763; x_wconf 92' lang='lat' dir='ltr'>tous</span> <span class='ocrx_word' id='word_1_191' title='bbox 768 2716 828 2764; x_wconf 91' lang='lat' dir='ltr'>nos</span> <span class='ocrx_word' id='word_1_192' title='bbox 850 2699 970 2766; x_wconf 83' lang='lat' dir='ltr'>eultres</span> <span class='ocrx_word' id='word_1_193' title='bbox 989 2701 1153 2780; x_wconf 85' lang='lat' dir='ltr'>justintcrs</span> <span class='ocrx_word' id='word_1_194' title='bbox 1177 2711 1208 2766; x_wconf 88' lang='lat' dir='ltr'>ct</span> <span class='ocrx_word' id='word_1_195' title='bbox 1230 2702 1382 2778; x_wconf 73' lang='grc'>31131333,</span> <span class='ocrx_word' id='word_1_196' title='bbox 1423 2707 1429 2717; x_wconf 89' lang='grc'><em>“</em></span> 
     </span>
     <span class='ocr_line' id='line_1_24' title="bbox 304 2799 1383 2882; baseline -0.001 -16"><span class='ocrx_word' id='word_1_197' title='bbox 304 2802 357 2882; x_wconf 82' lang='lat' dir='ltr'>qui</span> <span class='ocrx_word' id='word_1_198' title='bbox 378 2817 414 2865; x_wconf 92' lang='lat' dir='ltr'>se</span> <span class='ocrx_word' id='word_1_199' title='bbox 431 2800 517 2880; x_wconf 91' lang='lat' dir='ltr'>peutt</span> <span class='ocrx_word' id='word_1_200' title='bbox 532 2808 563 2863; x_wconf 91' lang='lat' dir='ltr'>et</span> <span class='ocrx_word' id='word_1_201' title='bbox 579 2815 695 2879; x_wconf 85' lang='lat' dir='ltr'>ponrrt</span> <span class='ocrx_word' id='word_1_202' title='bbox 712 2800 892 2863; x_wconf 79' lang='lat' dir='ltr'>tondberct</span> <span class='ocrx_word' id='word_1_203' title='bbox 908 2799 1069 2880; x_wconf 67' lang='lat' dir='ltr'>meander,</span> <span class='ocrx_word' id='word_1_204' title='bbox 1088 2800 1176 2864; x_wconf 85' lang='lat' dir='ltr'>leurs</span> <span class='ocrx_word' id='word_1_205' title='bbox 1192 2801 1383 2877; x_wconf 79' lang='lat' dir='ltr'>lientenens,</span> 
     </span>
     <span class='ocr_line' id='line_1_25' title="bbox 306 2896 1383 2981; baseline -0.002 -16"><span class='ocrx_word' id='word_1_206' title='bbox 306 2910 338 2965; x_wconf 87' lang='lat' dir='ltr'>et</span> <span class='ocrx_word' id='word_1_207' title='bbox 362 2917 380 2964; x_wconf 89' lang='grc'>3</span> <span class='ocrx_word' id='word_1_208' title='bbox 405 2898 548 2964; x_wconf 84' lang='lat' dir='ltr'>cbascnn</span> <span class='ocrx_word' id='word_1_209' title='bbox 574 2896 656 2961; x_wconf 86' lang='lat' dir='ltr'>deux</span> <span class='ocrx_word' id='word_1_210' title='bbox 679 2897 805 2961; x_wconf 81' lang='lat' dir='ltr'>endroit</span> <span class='ocrx_word' id='word_1_211' title='bbox 827 2913 886 2977; x_wconf 82' lang='lat' dir='ltr'>scy</span> <span class='ocrx_word' id='word_1_212' title='bbox 908 2906 939 2961; x_wconf 91' lang='lat' dir='ltr'>et</span> <span class='ocrx_word' id='word_1_213' title='bbox 961 2897 988 2961; x_wconf 92' lang='lat' dir='ltr'>si</span> <span class='ocrx_word' id='word_1_214' title='bbox 1011 2911 1136 2962; x_wconf 90' lang='lat' dir='ltr'>comme</span> <span class='ocrx_word' id='word_1_215' title='bbox 1157 2915 1174 2962; x_wconf 90' lang='grc'>3</span> <span class='ocrx_word' id='word_1_216' title='bbox 1198 2898 1250 2978; x_wconf 74' lang='grc' dir='ltr'>13)Γ</span> <span class='ocrx_word' id='word_1_217' title='bbox 1271 2915 1383 2981; x_wconf 82' lang='lat' dir='ltr'>apper-</span> 
     </span>
     <span class='ocr_line' id='line_1_26' title="bbox 306 2997 1385 3078; baseline -0.001 -14"><span class='ocrx_word' id='word_1_218' title='bbox 306 2999 441 3075; x_wconf 82' lang='lat' dir='ltr'>tiendre,</span> <span class='ocrx_word' id='word_1_219' title='bbox 459 3013 521 3078; x_wconf 87' lang='lat' dir='ltr'>que</span> <span class='ocrx_word' id='word_1_220' title='bbox 537 2997 577 3061; x_wconf 93' lang='lat' dir='ltr'>de</span> <span class='ocrx_word' id='word_1_221' title='bbox 593 3012 651 3060; x_wconf 92' lang='lat' dir='ltr'>nos</span> <span class='ocrx_word' id='word_1_222' title='bbox 673 3005 822 3076; x_wconf 81' lang='lat' dir='ltr'>presente</span> <span class='ocrx_word' id='word_1_223' title='bbox 843 3011 950 3076; x_wconf 82' lang='lat' dir='ltr'>grace,</span> <span class='ocrx_word' id='word_1_224' title='bbox 973 3005 1078 3076; x_wconf 84' lang='lat' dir='ltr'>ottrcy</span> <span class='ocrx_word' id='word_1_225' title='bbox 1101 3006 1132 3061; x_wconf 90' lang='lat' dir='ltr'>et</span> <span class='ocrx_word' id='word_1_226' title='bbox 1154 2998 1269 3061; x_wconf 84' lang='lat' dir='ltr'>accord</span> <span class='ocrx_word' id='word_1_227' title='bbox 1293 2999 1385 3064; x_wconf 89' lang='lat' dir='ltr'>etde</span> 
     </span>
     <span class='ocr_line' id='line_1_27' title="bbox 305 3094 1384 3176; baseline -0.003 -12"><span class='ocrx_word' id='word_1_228' title='bbox 305 3107 374 3164; x_wconf 89' lang='lat' dir='ltr'>tout</span> <span class='ocrx_word' id='word_1_229' title='bbox 409 3097 437 3162; x_wconf 92' lang='grc'>13</span> <span class='ocrx_word' id='word_1_230' title='bbox 467 3105 603 3160; x_wconf 87' lang='lat' dir='ltr'>eontenn</span> <span class='ocrx_word' id='word_1_231' title='bbox 634 3111 673 3159; x_wconf 93' lang='lat' dir='ltr'>en</span> <span class='ocrx_word' id='word_1_232' title='bbox 703 3094 863 3159; x_wconf 88' lang='lat' dir='ltr'>cesdictes</span> <span class='ocrx_word' id='word_1_233' title='bbox 893 3103 1058 3174; x_wconf 84' lang='lat' dir='ltr'>presentes</span> <span class='ocrx_word' id='word_1_234' title='bbox 1088 3097 1178 3159; x_wconf 87' lang='lat' dir='ltr'>seton</span> <span class='ocrx_word' id='word_1_235' title='bbox 1209 3107 1240 3161; x_wconf 87' lang='lat' dir='ltr'>et</span> <span class='ocrx_word' id='word_1_236' title='bbox 1269 3113 1325 3176; x_wconf 81' lang='lat' dir='ltr'>per</span> <span class='ocrx_word' id='word_1_237' title='bbox 1355 3099 1384 3161; x_wconf 91' lang='grc'>13</span> 
     </span>
     <span class='ocr_line' id='line_1_28' title="bbox 304 3193 1385 3276; baseline -0.001 -14"><span class='ocrx_word' id='word_1_238' title='bbox 304 3197 446 3262; x_wconf 84' lang='lat' dir='ltr'>meniere</span> <span class='ocrx_word' id='word_1_239' title='bbox 462 3211 523 3276; x_wconf 85' lang='lat' dir='ltr'>qne</span> <span class='ocrx_word' id='word_1_240' title='bbox 538 3196 602 3258; x_wconf 85' lang='lat' dir='ltr'>dict</span> <span class='ocrx_word' id='word_1_241' title='bbox 618 3203 677 3270; x_wconf 82' lang='lat' dir='ltr'>est,</span> <span class='ocrx_word' id='word_1_242' title='bbox 697 3193 736 3258; x_wconf 84' lang='lat' dir='ltr'>its</span> <span class='ocrx_word' id='word_1_243' title='bbox 753 3194 866 3270; x_wconf 81' lang='lat' dir='ltr'>secent,</span> <span class='ocrx_word' id='word_1_244' title='bbox 883 3193 1039 3259; x_wconf 83' lang='lat' dir='ltr'>senffrent</span> <span class='ocrx_word' id='word_1_245' title='bbox 1054 3197 1085 3258; x_wconf 85' lang='lat' dir='ltr'>et</span> <span class='ocrx_word' id='word_1_246' title='bbox 1101 3195 1233 3260; x_wconf 84' lang='lat' dir='ltr'>taissent</span> <span class='ocrx_word' id='word_1_247' title='bbox 1253 3197 1385 3261; x_wconf 86' lang='lat' dir='ltr'>lesdicts</span> 
     </span>
     <span class='ocr_line' id='line_1_29' title="bbox 302 3290 1383 3378; baseline -0.003 -15"><span class='ocrx_word' id='word_1_248' title='bbox 302 3290 469 3378; x_wconf 76' lang='lat' dir='ltr'>&#39;suppttans</span> <span class='ocrx_word' id='word_1_249' title='bbox 494 3293 689 3374; x_wconf 85' lang='lat' dir='ltr'>plainement</span> <span class='ocrx_word' id='word_1_250' title='bbox 714 3303 745 3357; x_wconf 86' lang='lat' dir='ltr'>et</span> <span class='ocrx_word' id='word_1_251' title='bbox 770 3293 994 3373; x_wconf 86' lang='lat' dir='ltr'>peisibtement</span> <span class='ocrx_word' id='word_1_252' title='bbox 1019 3293 1112 3374; x_wconf 85' lang='lat' dir='ltr'>iouyr</span> <span class='ocrx_word' id='word_1_253' title='bbox 1137 3305 1168 3358; x_wconf 91' lang='lat' dir='ltr'>et</span> <span class='ocrx_word' id='word_1_254' title='bbox 1193 3311 1277 3370; x_wconf 87' lang='lat' dir='ltr'>vser‚</span> <span class='ocrx_word' id='word_1_255' title='bbox 1306 3311 1383 3360; x_wconf 83' lang='lat' dir='ltr'>sens</span> 
     </span>
     <span class='ocr_line' id='line_1_30' title="bbox 302 3391 1381 3472; baseline -0.001 -12"><span class='ocrx_word' id='word_1_256' title='bbox 302 3397 371 3462; x_wconf 88' lang='lat' dir='ltr'>leur</span> <span class='ocrx_word' id='word_1_257' title='bbox 394 3395 483 3472; x_wconf 80' lang='lat' dir='ltr'>taire,</span> <span class='ocrx_word' id='word_1_258' title='bbox 503 3401 615 3457; x_wconf 87' lang='lat' dir='ltr'>mettre</span> <span class='ocrx_word' id='word_1_259' title='bbox 637 3409 677 3456; x_wconf 89' lang='lat' dir='ltr'>ou</span> <span class='ocrx_word' id='word_1_260' title='bbox 700 3393 837 3466; x_wconf 87' lang='lat' dir='ltr'>donner,</span> <span class='ocrx_word' id='word_1_261' title='bbox 856 3407 894 3456; x_wconf 90' lang='lat' dir='ltr'>ne</span> <span class='ocrx_word' id='word_1_262' title='bbox 910 3391 1041 3456; x_wconf 82' lang='lat' dir='ltr'>scuffrir</span> <span class='ocrx_word' id='word_1_263' title='bbox 1057 3401 1143 3457; x_wconf 86' lang='lat' dir='ltr'>estre</span> <span class='ocrx_word' id='word_1_264' title='bbox 1159 3393 1245 3469; x_wconf 82' lang='lat' dir='ltr'>saint,</span> <span class='ocrx_word' id='word_1_265' title='bbox 1264 3394 1323 3457; x_wconf 85' lang='lat' dir='ltr'>mis</span> <span class='ocrx_word' id='word_1_266' title='bbox 1340 3411 1381 3459; x_wconf 91' lang='lat' dir='ltr'>ou</span> 
     </span>
     <span class='ocr_line' id='line_1_31' title="bbox 302 3490 1379 3571; baseline -0.004 -11"><span class='ocrx_word' id='word_1_267' title='bbox 302 3494 409 3562; x_wconf 91' lang='lat' dir='ltr'>donne</span> <span class='ocrx_word' id='word_1_268' title='bbox 431 3493 545 3557; x_wconf 84' lang='grc'>331333</span> <span class='ocrx_word' id='word_1_269' title='bbox 568 3490 773 3556; x_wconf 88' lang='lat' dir='ltr'>destonrbier</span> <span class='ocrx_word' id='word_1_270' title='bbox 793 3509 834 3554; x_wconf 88' lang='lat' dir='ltr'>cn</span> <span class='ocrx_word' id='word_1_271' title='bbox 858 3492 1117 3571; x_wconf 84' lang='lat' dir='ltr'>empescbernent</span> <span class='ocrx_word' id='word_1_272' title='bbox 1142 3509 1180 3556; x_wconf 89' lang='lat' dir='ltr'>au</span> <span class='ocrx_word' id='word_1_273' title='bbox 1207 3493 1379 3558; x_wconf 82' lang='lat' dir='ltr'>contraire.</span> 
     </span>
     <span class='ocr_line' id='line_1_32' title="bbox 302 3589 1381 3672; baseline -0.001 -14"><span class='ocrx_word' id='word_1_274' title='bbox 302 3593 361 3658; x_wconf 84' lang='lat' dir='ltr'>Car</span> <span class='ocrx_word' id='word_1_275' title='bbox 383 3591 474 3672; x_wconf 85' lang='lat' dir='ltr'>ninsy</span> <span class='ocrx_word' id='word_1_276' title='bbox 495 3607 576 3655; x_wconf 89' lang='lat' dir='ltr'>nous</span> <span class='ocrx_word' id='word_1_277' title='bbox 599 3590 690 3669; x_wconf 82' lang='lat' dir='ltr'>plaist</span> <span class='ocrx_word' id='word_1_278' title='bbox 712 3590 733 3652; x_wconf 85' lang='lat' dir='ltr'>it</span> <span class='ocrx_word' id='word_1_279' title='bbox 749 3599 835 3655; x_wconf 87' lang='lat' dir='ltr'>estre</span> <span class='ocrx_word' id='word_1_280' title='bbox 852 3589 935 3654; x_wconf 80' lang='grc'>13131.</span> <span class='ocrx_word' id='word_1_281' title='bbox 954 3589 998 3653; x_wconf 83' lang='lat' dir='ltr'>En</span> <span class='ocrx_word' id='word_1_282' title='bbox 1016 3590 1176 3672; x_wconf 85' lang='lat' dir='ltr'>tesmning</span> <span class='ocrx_word' id='word_1_283' title='bbox 1190 3591 1230 3656; x_wconf 89' lang='lat' dir='ltr'>de</span> <span class='ocrx_word' id='word_1_284' title='bbox 1246 3607 1283 3656; x_wconf 84' lang='lat' dir='ltr'>ce</span> <span class='ocrx_word' id='word_1_285' title='bbox 1300 3607 1381 3657; x_wconf 84' lang='lat' dir='ltr'>nous</span> 
     </span>
     <span class='ocr_line' id='line_1_33' title="bbox 273 3689 1408 3769; baseline -0.005 -17"><span class='ocrx_word' id='word_1_286' title='bbox 273 3743 277 3752; x_wconf 93' lang='lat'>.</span> <span class='ocrx_word' id='word_1_287' title='bbox 300 3708 402 3757; x_wconf 83' lang='lat' dir='ltr'>anons</span> <span class='ocrx_word' id='word_1_288' title='bbox 419 3691 494 3754; x_wconf 75' lang='lat' dir='ltr'>fatet</span> <span class='ocrx_word' id='word_1_289' title='bbox 510 3698 621 3754; x_wconf 90' lang='lat' dir='ltr'>mettre</span> <span class='ocrx_word' id='word_1_290' title='bbox 638 3699 747 3753; x_wconf 87' lang='lat' dir='ltr'>nostre</span> <span class='ocrx_word' id='word_1_291' title='bbox 763 3689 829 3752; x_wconf 89' lang='lat' dir='ltr'>seel</span> <span class='ocrx_word' id='word_1_292' title='bbox 845 3705 861 3750; x_wconf 87' lang='grc'>3</span> <span class='ocrx_word' id='word_1_293' title='bbox 877 3705 931 3752; x_wconf 89' lang='lat' dir='ltr'>ces</span> <span class='ocrx_word' id='word_1_294' title='bbox 947 3699 1125 3769; x_wconf 79' lang='lat' dir='ltr'>presentes.</span> <span class='ocrx_word' id='word_1_295' title='bbox 1402 3739 1408 3746; x_wconf 76' lang='grc'>.</span> 
     </span>
     <span class='ocr_line' id='line_1_34' title="bbox 343 3786 1383 3868; baseline 0.002 -16"><span class='ocrx_word' id='word_1_296' title='bbox 343 3792 454 3854; x_wconf 86' lang='lat' dir='ltr'>bonne</span> <span class='ocrx_word' id='word_1_297' title='bbox 475 3803 514 3852; x_wconf 91' lang='lat' dir='ltr'>en</span> <span class='ocrx_word' id='word_1_298' title='bbox 538 3796 648 3851; x_wconf 88' lang='lat' dir='ltr'>nostre</span> <span class='ocrx_word' id='word_1_299' title='bbox 669 3787 745 3851; x_wconf 84' lang='lat' dir='ltr'>vitte</span> <span class='ocrx_word' id='word_1_300' title='bbox 767 3786 915 3851; x_wconf 77' lang='lat' dir='ltr'>ddnuers</span> <span class='ocrx_word' id='word_1_301' title='bbox 938 3788 968 3852; x_wconf 91' lang='grc'>13</span> <span class='ocrx_word' id='word_1_302' title='bbox 990 3787 1036 3868; x_wconf 66' lang='grc' dir='ltr'>11]·θ</span> <span class='ocrx_word' id='word_1_303' title='bbox 1057 3788 1127 3853; x_wconf 84' lang='grc'>1333</span> <span class='ocrx_word' id='word_1_304' title='bbox 1149 3789 1189 3853; x_wconf 92' lang='lat' dir='ltr'>de</span> <span class='ocrx_word' id='word_1_305' title='bbox 1209 3787 1383 3854; x_wconf 83' lang='lat' dir='ltr'>decembre</span> 
     </span>
     <span class='ocr_line' id='line_1_35' title="bbox 300 3885 955 3968; baseline -0.005 -17"><span class='ocrx_word' id='word_1_306' title='bbox 300 3889 351 3952; x_wconf 86' lang='grc'>133</span> <span class='ocrx_word' id='word_1_307' title='bbox 367 3888 407 3952; x_wconf 90' lang='lat' dir='ltr'>de</span> <span class='ocrx_word' id='word_1_308' title='bbox 422 3901 516 3968; x_wconf 80' lang='lat' dir='ltr'>grace</span> <span class='ocrx_word' id='word_1_309' title='bbox 533 3885 586 3948; x_wconf 88' lang='lat' dir='ltr'>mil</span> <span class='ocrx_word' id='word_1_310' title='bbox 602 3886 674 3966; x_wconf 84' lang='lat' dir='ltr'>cinq</span> <span class='ocrx_word' id='word_1_311' title='bbox 692 3901 769 3950; x_wconf 88' lang='lat' dir='ltr'>cens</span> <span class='ocrx_word' id='word_1_312' title='bbox 785 3894 816 3950; x_wconf 90' lang='lat' dir='ltr'>et</span> <span class='ocrx_word' id='word_1_313' title='bbox 831 3895 955 3966; x_wconf 81' lang='lat' dir='ltr'>quatre.</span> 
     </span>
    </p>
   </div>
   <div class='ocr_carea' id='block_1_3' title="bbox 300 4045 1380 4246">
    <p class='ocr_par' dir='ltr' id='par_1_3' title="bbox 300 4045 1380 4246">
     <span class='ocr_line' id='line_1_36' title="bbox 340 4045 1380 4165; baseline 0.002 -15"><span class='ocrx_word' id='word_1_314' title='bbox 340 4045 403 4150; x_wconf 76' lang='lat' dir='ltr'>Ser</span> <span class='ocrx_word' id='word_1_315' title='bbox 423 4083 450 4146; x_wconf 85' lang='lat' dir='ltr'>te</span> <span class='ocrx_word' id='word_1_316' title='bbox 468 4081 513 4165; x_wconf 79' lang='lat' dir='ltr'>pb·</span> <span class='ocrx_word' id='word_1_317' title='bbox 537 4105 547 4144; x_wconf 90' lang='lat'><em>:</em></span> <span class='ocrx_word' id='word_1_318' title='bbox 569 4081 628 4147; x_wconf 86' lang='lat' dir='ltr'>Pnr</span> <span class='ocrx_word' id='word_1_319' title='bbox 649 4083 878 4164; x_wconf 82' lang='lat' dir='ltr'>monseigneur</span> <span class='ocrx_word' id='word_1_320' title='bbox 900 4083 1082 4150; x_wconf 79' lang='lat' dir='ltr'>lbrcbiduc.</span> <span class='ocrx_word' id='word_1_321' title='bbox 1102 4085 1126 4148; x_wconf 84' lang='grc' dir='ltr'><strong>Α</strong></span> <span class='ocrx_word' id='word_1_322' title='bbox 1143 4085 1170 4149; x_wconf 89' lang='grc'>13</span> <span class='ocrx_word' id='word_1_323' title='bbox 1188 4086 1321 4151; x_wconf 78' lang='lat' dir='ltr'>relation</span> <span class='ocrx_word' id='word_1_324' title='bbox 1337 4087 1380 4152; x_wconf 91' lang='lat' dir='ltr'>du</span> 
     </span>
     <span class='ocr_line' id='line_1_37' title="bbox 300 4182 594 4246; baseline 0.003 -2"><span class='ocrx_word' id='word_1_325' title='bbox 300 4182 438 4246; x_wconf 83' lang='lat' dir='ltr'>Conseil.</span> <span class='ocrx_word' id='word_1_326' title='bbox 458 4183 594 4246; x_wconf 76' lang='lat' dir='ltr'>Pnnrscr.</span> 
     </span>
    </p>
   </div>
   <div class='ocr_carea' id='block_1_4' title="bbox 0 0 1624 4946">
    <p class='ocr_par' dir='ltr' id='par_1_4' title="bbox 0 0 1624 4946">
     <span class='ocr_line' id='line_1_38' title="bbox 0 0 1624 4946; baseline 0 1"><span class='ocrx_word' id='word_1_327' title='bbox 0 0 1624 4946; x_wconf 95' lang='lat' dir='ltr'> </span> 
     </span>
    </p>
   </div>
  </div>
 </body>
</html>
