3246 4944
742 435 929 503 -586-

290 619 367 683 dere
396 618 557 699 dignetur,
589 618 692 684 donec
720 619 797 684 dicti
828 627 1054 700 procuratores
1091 617 1303 685 commissarii
1333 617 1372 682 ad

291 717 542 781 illustrissimum
584 718 747 782 dominum
791 719 949 784 Nuncium
989 719 1201 800 apostolicum
1239 717 1374 798 ablegati

290 817 410 881 reversi
441 817 568 880 luerint.
587 818 632 881 dd
662 819 746 898 cuod
773 819 936 898 deputavit
963 818 1162 882 Universitaa
1189 816 1374 896 expertissi-

294 933 377 980 mum
409 916 573 981 dominum
601 917 754 982 Tbomam
784 918 927 994 Fleuum,
951 917 1128 983 medicinae
1153 917 1318 982 doctorem
1345 925 1376 979 et

294 1017 509 1095 professorem
535 1017 731 1096 primarium,
752 1028 782 1081 et
806 1017 1083 1082 consultissimum
1107 1017 1270 1081 dominum
1293 1016 1376 1080 Con·

291 1113 419 1179 nardum
437 1115 581 1190 Silvium,
596 1115 679 1196 iuris
696 1116 862 1198 utriusque
878 1116 1086 1181 licentiatum.

335 1334 348 1370 l
367 1311 484 1377 Eodem
504 1312 556 1378 die
570 1330 634 1394 qno
650 1331 758 1393 supra.
780 1321 851 1395 post
868 1312 1045 1388 meridiem,
1064 1319 1189 1377 servata
1205 1311 1262 1377 luit
1275 1311 1376 1391 depu-

291 1413 369 1476 tatio
394 1411 629 1477 Universitatis.
655 1413 687 1475 ln
715 1429 777 1493 pua
803 1413 977 1478 declaravit
1008 1413 1197 1493 magnillcus
1226 1411 1375 1477 dominus

294 1511 410 1576 Rector
436 1511 648 1576 clarissimum
673 1512 836 1576 dominum
861 1511 1044 1577 Cornelium
1068 1511 1200 1576 Silvium
1222 1527 1377 1575 excusare

292 1627 328 1675 se
351 1619 482 1691 propter
504 1611 752 1675 imbecillitatem
775 1611 923 1692 corporis
945 1611 995 1675 sui
1019 1627 1036 1674 a
1059 1609 1288 1676 commissione
1315 1609 1375 1674 sibl

293 1710 448 1774 hodierna
474 1710 526 1774 die
554 1727 609 1790 per
633 1711 876 1776 Universitatem
900 1712 984 1787 data,
1006 1726 1128 1790 ponens
1153 1717 1320 1790 propterea
1344 1709 1374 1772 iu

291 1809 554 1874 deliberationem
579 1811 782 1875 dominorum
806 1827 845 1872 an
871 1809 994 1891 placeat
1016 1809 1187 1874 convocari
1210 1807 1373 1873 Universi-
1412 1881 1420 1888 ¹

291 1916 386 1972 tatem
403 1911 439 1971 nd
458 1913 692 1990 surrogandum
710 1911 807 1974 aliurn
825 1911 854 1972 in
873 1910 978 1974 locum
996 1908 1070 1972 dicti
1087 1907 1209 1972 domini
1232 1905 1376 1970 doctoris

291 2008 391 2089 silvii.
411 2007 445 2072 Et
468 2011 608 2090 desuper
630 2029 668 2076 ex
694 2009 983 2074 deliberationibus
998 2008 1200 2072 dominorum
1217 2006 1376 2071 conclusit

294 2107 482 2189 magnificus
499 2110 649 2174 dominus
667 2111 782 2202 ilector
799 2111 939 2187 desuper
956 2105 1201 2172 Universitatem
1223 2122 1287 2170 non
1303 2121 1377 2169 esse

292 2207 543 2283 convocandam,
560 2210 615 2273 sed
632 2209 738 2272 dictos
754 2208 902 2272 dominos
926 2208 1094 2286 deputatos
1118 2205 1149 2268 in
1174 2205 1279 2270 locum
1302 2203 1376 2268 dicti

291 2306 410 2369 domini
447 2307 591 2372 doctoris
627 2308 713 2389 Silvij
752 2307 889 2387 aliquem
929 2321 1102 2385 corrogare
1132 2320 1241 2385 posse.
1272 2303 1376 2378 Quare

289 2404 395 2493 adbuc
417 2405 537 2470 dictum
562 2407 725 2471 dominum
749 2406 914 2470 doctorem
940 2404 1071 2469 Silvium
1100 2403 1276 2484 rogandum
1304 2419 1377 2466 esse

291 2520 347 2582 por
383 2504 532 2568 exirnium
569 2505 733 2569 dominum
769 2514 800 2568 et
831 2501 1016 2582 magistrum
1047 2509 1192 2567 nostrum
1222 2501 1375 2564 loannem

292 2602 488 2667 paludanum
504 2611 535 2667 et
550 2605 763 2667 clarissimum
781 2603 944 2666 dominum
967 2601 1141 2664 adrianum
1166 2599 1279 2673 Bacca,
1297 2615 1374 2679 qua-

294 2711 386 2765 tenus
411 2702 671 2766 commissionem
695 2700 919 2766 Universilatis
941 2699 1112 2780 suscipiat;
1141 2699 1195 2778 qui
1217 2697 1245 2761 si
1271 2699 1375 2761 adbuc

295 2817 368 2864 sese
391 2801 430 2862 ab
453 2815 489 2863 ea
513 2811 655 2872 excuset,
673 2800 836 2881 surrogari
861 2799 891 2862 in
916 2799 1021 2863 locum
1048 2799 1149 2878 ipsius
1176 2795 1375 2862 clarissimos

293 2897 441 2963 dominos
465 2897 636 2963 llerrricum
660 2899 806 2964 Zoesium
826 2907 857 2962 et
881 2897 1038 2961 Andream
1058 2895 1207 2971 belvaux,
1224 2896 1375 2959 doctores

294 3007 325 3062 cl
343 2998 555 3077 professores.

335 3217 347 3254 u
370 3195 424 3262 llic
441 3195 580 3268 veneris,
599 3195 750 3276 vigesima
769 3194 859 3258 tertia
872 3193 952 3274 junii
975 3192 1048 3256 anni
1067 3191 1157 3269 lbl'l,
1176 3191 1293 3255 indicta
1318 3192 1375 3254 ibit

292 3294 498 3375 congregatio
528 3293 764 3358 Universitatis.
789 3294 823 3356 ln
855 3309 916 3372 qua
946 3290 1065 3356 domini
1096 3289 1307 3354 commissarii
1335 3289 1374 3354 ad

292 3393 542 3458 illustrissimum
573 3392 736 3456 dominum
767 3391 924 3455 Nuncium
958 3389 1182 3470 apostolicum,
1214 3405 1273 3453 nec
1310 3405 1373 3452 non

292 3491 412 3555 domini
449 3491 662 3556 commissarii
699 3490 737 3554 ad
776 3489 986 3554 reverendum
1023 3487 1187 3552 dominum
1229 3487 1372 3550 abbatem

294 3589 524 3654 Parccnsem...
556 3589 691 3670 ablegati
731 3591 875 3653 lecerunt
904 3587 1077 3652 relationes
1107 3602 1194 3650 suas.
1227 3586 1262 3647 tlt
1292 3585 1375 3648 inter

292 3699 397 3754 cetera
415 3689 534 3752 domini
552 3687 765 3752 commissarii
782 3687 820 3750 ad
837 3685 957 3750 dictum
976 3685 1186 3750 reverendum
1211 3683 1374 3747 dominum

292 3787 436 3852 abbatem
461 3787 550 3851 missi
568 3787 744 3852 retulerunt
761 3784 944 3849 desiderare
960 3783 1107 3848 eumdem
1123 3791 1281 3863 quatenus
1298 3780 1375 3844 Uni-

292 3885 430 3950 versitas
446 3903 508 3950 non
531 3889 671 3949 mitteret
693 3882 934 3949 commissarios
957 3897 1036 3945 suos
1059 3880 1096 3944 ad
1121 3879 1375 3944 illustrissimum

292 3983 456 4048 dominum
472 3983 629 4048 Nuncium
645 3981 984 4062 apostolicumdonec
1000 3988 1031 4043 et
1045 3996 1146 4059 usque
1158 3977 1376 4058 amplissimus

292 4083 442 4147 dominns
454 4083 660 4148 consiliarius
672 4079 883 4153 craesbeeck,
894 4078 1179 4143 serenissimorum
1193 4075 1375 4156 Principum

292 4181 323 4244 in
337 4185 465 4263 negotio
474 4176 1199 4262 publicandaevisitationiscommissarius,qui
1210 4175 1375 4240 bruxellas
