3240 4946
706 469 890 533 -ttdb-

255 648 434 715 valuerunt.
469 649 597 715 Ponens
636 657 807 732 eapropter
844 649 930 732 jdem
972 650 1121 715 dominns
1162 658 1268 715 rector
1304 650 1338 732 jn

256 747 488 814 deliberatione
503 749 718 822 dominorum,
737 767 776 814 an
797 749 919 832 placeat
936 750 1039 815 eidem
1056 749 1186 814 domino
1209 767 1341 816 conser-

257 847 358 928 uatorj
383 863 525 914 annuere
547 849 769 914 alternatiuam
792 850 841 916 vel
866 867 941 923 uon,
960 859 1013 915 aut
1033 849 1108 931 quid
1126 848 1186 932 sibj
1205 867 1339 932 respon·

258 945 396 1012 dandum
423 947 495 1013 erit.
523 947 626 1029 Super
652 965 716 1029 quo
745 949 938 1014 uniuersitas
968 948 1151 1014 deliberans
1180 947 1341 1014 conclusit

257 1045 479 1111 alternatiuam
510 1063 566 1127 per
596 1047 760 1113 dominum
790 1058 1052 1114 conseruatorem
1081 1047 1209 1130 petitam
1236 1047 1339 1114 eidem
1429 1053 1433 1062 ’

258 1145 388 1210 minime
401 1145 640 1211 concedendam
665 1163 723 1212 seu
748 1148 961 1225 annuendam,
979 1148 1036 1212 sed
1059 1147 1125 1211 ruit
1149 1146 1340 1212 rniuersitns

259 1259 386 1310 manere
413 1244 448 1326 jn
478 1244 546 1310 suis
572 1244 645 1326 jure
674 1255 705 1312 et
734 1247 969 1312 consuetudine
999 1246 1150 1327 antiquis.
1174 1245 1205 1308 Sl
1236 1255 1340 1312 tamen

189 1345 191 1348 ’
255 1342 466 1424 imposterum
493 1352 627 1408 vacante
652 1343 738 1410 dieto
764 1343 864 1410 offitio
892 1345 1341 1425 nota1·iatns,jpsedominus

257 1450 470 1508 conseruator
498 1442 698 1524 uniuersitatj
731 1459 844 1524 praees
876 1444 1054 1524 porrexerit
1083 1462 1141 1525 pro
1167 1443 1275 1525 aliquo
1301 1444 1339 1506 ad

253 1540 374 1623 jdidem
389 1537 523 1607 oilitium
540 1543 676 1623 ydoneo.
691 1553 822 1623 sperant
836 1561 981 1625 pronunc
993 1543 1113 1608 domiui
1130 1545 1170 1608 de
1183 1543 1340 1608 uniuersi·

257 1648 319 1706 tate
348 1641 432 1722 quod
465 1640 613 1721 precibus
644 1641 789 1706 eiusdem
821 1642 1015 1707 uniuersitas
1045 1651 1182 1722 protunc
1208 1651 1337 1715 annuet,

257 1747 352 1821 prout
368 1739 512 1820 pristinis
530 1740 727 1821 temporibus
742 1741 775 1821 jn
792 1741 888 1805 simili
904 1759 980 1808 casu
1003 1741 1125 1817 annuit,
1140 1740 1213 1822 jure
1235 1747 1338 1806 lamen

257 1846 289 1904 et
315 1837 462 1905 libertate
488 1839 705 1904 uniuersitatis
732 1857 859 1922 semper
885 1840 985 1906 saluis
1011 1841 1113 1906 eidem
1140 1841 1339 1922 uniuersitalj

258 1937 508 2004 remanentibus.
528 1938 564 2003 Et
591 1939 629 2003 ad
659 1939 815 2019 premissa
838 1941 941 2006 eidem
965 1940 1095 2006 domino
1118 1939 1339 2021 cortsernatorj

253 2036 483 2119 insinuandum
500 2045 531 2104 ct
545 2037 629 2117 quod
647 2037 709 2118 hijs
726 2038 940 2103 mediantibus
952 2038 1025 2120 jpse
1040 2039 1191 2104 domiuus
1210 2055 1340 2104 conser-

259 2144 350 2201 uator
365 2118 487 2202 electo's
503 2152 560 2216 per
576 2136 816 2202 vnlnersitatem
828 2138 866 2202 ad
880 2136 1000 2202 dietum
1013 2136 1147 2203 etlilium
1165 2137 1340 2202 notariatus

258 2234 426 2301 admittere
451 2235 525 2300 velit
550 2235 779 2316 requirendum
801 2243 833 2301 et
859 2238 1049 2318 rogandum,
1067 2235 1226 2304 commisit
1251 2253 1339 2300 assu·

261 2335 385 2398 mendis
402 2351 459 2415 per
474 2333 638 2400 domiuum
656 2342 826 2400 rectorem.
844 2335 882 2400 lit
897 2351 973 2400 essu
991 2353 1054 2416 quo
1070 2335 1175 2400 dictus
1191 2335 1341 2410 dominus

262 2441 474 2498 conseruator
511 2432 678 2512 premissis
714 2433 928 2498 mediantibus
962 2435 1103 2499 notarios
1132 2435 1254 2500 eleetos
1284 2451 1342 2514 per

260 2531 500 2597 uniuersitatem
512 2530 680 2598 admittere
696 2549 754 2596 seu
770 2541 942 2598 contentus
958 2542 1043 2598 stare
1057 2533 1206 2606 uoluerit,
1221 2533 1248 2596 si
1265 2541 1341 2597 tunc

260 2630 422 2710 rogandus
441 2631 482 2696 sit
504 2631 542 2694 ad
568 2630 855 2712 subdelegandnm,
872 2632 920 2696 vel
944 2632 1085 2697 decanus
1110 2629 1338 2704 Bruxeliensis,

256 2743 293 2793 ac
319 2727 501 2794 ulteriorem
532 2729 780 2795 conductionem
806 2739 837 2796 et
863 2730 1071 2796 dimotionem
1099 2730 1195 2796 huius
1221 2730 1338 2814 negotii

257 2826 416 2892 commisit
431 2826 562 2892 domino
578 2829 694 2910 rectorj
714 2829 874 2910 deputatis
890 2829 1112 2896 Vniuersitatis
1134 2837 1165 2895 et
1188 2847 1244 2912 per
1265 2845 1338 2895 enm

257 2924 472 2990 assumendis.
493 2947 507 2988 s

553 3043 622 3097 Aeta
639 3045 840 3110 Untcersttutis
855 3045 890 3117 V,
906 3047 954 3102 lol.
969 3045 1050 3116 exviij
1066 3053 1095 3100 νο
1107 3051 1134 3101 at
1148 3061 1189 3103 sn.

299 3217 330 3282 8.
353 3217 494 3284 loannes
540 3219 688 3298 Vulturni,
730 3223 920 3290 scholaroha
957 3225 1116 3292 ecelesiae
1155 3224 1342 3306 collegiatae

258 3333 286 3380 s.
320 3317 417 3392 Petri,
448 3321 501 3400 oui
538 3330 570 3386 et
607 3321 749 3388 notarius
787 3321 1009 3389 Universitalis
1047 3323 1124 3398 luit;
1162 3323 1342 3403 mansitque

258 3414 411 3496 deinceps
427 3415 575 3484 lienteria
591 3429 623 3486 et
638 3419 874 3486 Universitatis.

301 3539 330 3603 9.
354 3539 495 3606 loannes
508 3543 614 3619 Culus,
628 3543 765 3609 Gisberti
780 3544 877 3620 lilius,
891 3545 1086 3628 conjunctim
1100 3545 1183 3612 idem
1199 3545 1340 3611 officium

260 3640 403 3704 exercuit
424 3657 484 3706 una
507 3659 579 3707 cum
601 3641 724 3709 Joaone
746 3645 785 3708 de
801 3643 966 3711 Winelrele
988 3655 1018 3710 et
1039 3645 1159 3712 loanne
1180 3645 1339 3710 Vullinck.

302 3765 350 3827 lli.
374 3765 515 3833 loannes
551 3769 588 3832 de
627 3771 715 3834 ltu-a
754 3770 912 3836 successit
949 3769 1065 3836 loanni
1101 3771 1141 3836 de
1179 3768 1342 3836 wlnelete

258 3861 296 3926 lll
315 3863 398 3946 iunii
421 3865 513 3928 loos.
532 3865 577 3931 be
601 3867 660 3932 hae
680 3868 836 3934 electione
853 3869 892 3933 ad
908 3869 990 3936 hano
1005 3870 1088 3936 diem
1105 3869 1166 3936 sub
1182 3877 1341 3936 recturatu

256 3961 446 4028 Theudorici
483 3964 623 4032 Tbomee
658 3967 698 4032 de
727 3967 992 4034 Amsterdammis
1022 3968 1101 4036 baec
1131 3968 1281 4052 leguntur
1310 3969 1342 4033 in

258 4064 345 4126 detis
363 4063 575 4128 Universitutt's
592 4083 602 4130 .·
927 4071 932 4082 '

304 4211 390 4278 uilia
412 4212 524 4278 martis
549 4213 672 4286 decima
696 4233 779 4280 nona
803 4215 924 4282 mensis
947 4215 1028 4298 junii
1049 4215 1169 4297 jndiota
1190 4217 1247 4283 luit
1269 4233 1342 4318 conj
