3260 4944
725 429 845 512 -att
870 471 910 494 -ι

265 623 397 706 danitae,
414 637 502 694 eolre
524 629 734 695 solemnitates
757 631 881 694 eborum
898 629 1079 705 intr·aoerit,·
1103 635 1137 692 ul
1151 631 1185 694 in
1202 622 1358 713 supplied·

266 729 399 794 tionibus
414 731 558 794 dominas
575 731 681 794 [lector
696 737 844 812 sequatur
859 729 1034 809 allicientes,
1047 731 1240 812 praepositus
1255 739 1358 795 autem

265 847 356 892 sunm
371 846 439 892 cum
463 829 543 893 clero
558 836 655 893 seruet
677 831 818 894 ordinem
832 837 1010 894 consuetam
1033 836 1105 892 ante
1119 828 1310 907 officientem·
1325 837 1361 896 ut

269 928 385 1003 llector,
411 929 439 991 si
468 927 601 992 choralis
626 929 733 1007 leterii,
763 930 795 990 in
825 925 979 1008 offertorio
1008 933 1156 1008 sequatur
1186 929 1361 993 immediate

266 1025 438 1104 officiantes,
456 1027 647 1108 praepositas
668 1044 737 1090 nero
751 1028 874 1108 primns
892 1029 931 1091 sit
946 1027 978 1089 la
994 1026 1103 1090 ordine
1118 1029 1294 1108 capitulari.
1314 1030 1359 1093 lta

266 1124 478 1190 deliberatum
502 1136 534 1191 et
549 1126 739 1192 conclusum
763 1141 848 1190 anno
863 1143 921 1188 cta.
940 1143 996 1189 mc.
1016 1143 1092 1201 xix..
1111 1125 1164 1192 die
1179 1144 1262 1192 xxm
1283 1144 1359 1209 sep·

269 1223 414 1289 tembris.
926 1214 931 1222 ’

312 1323 491 1390 »ceterum
510 1324 728 1389 Cancellarios
751 1323 846 1406 stadij
870 1324 1033 1406 generalis
1053 1325 1263 1391 lovaniensis
1286 1345 1357 1409 per·

268 1432 382 1504 petuas
405 1432 456 1487 est
472 1423 654 1502 praedictae
678 1423 837 1488 ecciesiae
860 1423 1048 1505 collegiatae
1067 1425 1102 1487 b.
1120 1422 1205 1489 Petri
1223 1441 1358 1508 praepo·

266 1522 366 1595 situm
381 1520 562 1602 cuiusmodi
576 1521 716 1603 dignitas
730 1521 849 1586 deterri
864 1521 1020 1586 hactenus
1033 1538 1096 1587 non
1113 1521 1173 1586 nisi
1189 1523 1358 1603 primariae

268 1619 445 1686 nobilitatis
470 1620 548 1685 viris
574 1621 671 1685 solet.
693 1619 957 1686 iurisdictionem
986 1621 1104 1684 nullam
1128 1630 1274 1698 caeream
1299 1623 1357 1689 sed

266 1719 456 1785 auctoritate
480 1718 655 1800 pontilicis,
682 1729 754 1799 post
776 1719 913 1786 decursa
940 1718 1121 1785 studiorum
1149 1737 1206 1800 per
1230 1730 1357 1803 tempos

268 1818 1355 1902 praescriptamspatia,suaequemquelaenitatisdonatinsignibus,

268 1927 340 2000 pota
364 1918 524 1992 licentiae,
549 1917 723 2001 magisterii
748 1919 817 1983 sire
843 1919 1045 1984 doctoratus.
1072 1919 1116 1984 lta
1142 1919 1227 1984 enim
1255 1920 1295 1985 de
1318 1938 1357 1986 co

268 2017 423 2083 blartinus
447 2019 483 2080 V.
505 2017 648 2098 pontifex
672 2017 704 2081 in
727 2017 812 2082 bolla
836 2017 1009 2083 erectionis
1026 2039 1034 2081 :
1051 2017 1177 2099 Sinpuli
1199 2036 1269 2083 vero
1291 2023 1355 2103 oui,

267 2135 360 2181 rursu
380 2117 509 2197 feliciter
530 2124 751 2191 cormummolo,
769 2119 802 2180 ia
824 2135 860 2181 ea
878 2115 1037 2197 facultate,
1054 2118 1087 2180 ia
1102 2135 1163 2200 pua
1184 2118 1358 2199 huiusmodi

265 2217 424 2282 ‘intorsere
438 2218 552 2294 studio,
566 2217 706 2282 bronium
722 2221 900 2292 manarint,
914 2217 1032 2300 sibique
1046 2219 1137 2282 etiam
1153 2237 1209 2300 pro
1225 2220 1357 2284 aliorum

266 2317 455 2381 erudimento
484 2318 612 2381 docendi
641 2317 795 2382 licentiam
825 2335 862 2381 ac
890 2318 1063 2382 doctoratus
1099 2319 1160 2382 sine
1187 2319 1357 2399 mapislerip‘

265 2416 410 2480 bonorem
437 2417 580 2498 petierint
607 2417 744 2498 elarpiri,
772 2435 827 2499 per
855 2417 991 2498 ipsorum
1020 2416 1098 2480 inibi
1127 2417 1265 2482 doctores
1294 2419 1356 2482 siue

265 2517 425 2596 mapislros
458 2517 633 2598 praeposito
667 2523 768 2598 (quem
799 2515 1032 2580 cancellarium
1067 2515 1161 2597 stodij
1192 2519 1226 2580 in
1263 2519 1354 2598 opido

265 2615 439 2696 hujusmodi
467 2633 533 2680 esee
566 2622 709 2698 perpetuo
737 2615 891 2694 volumus)
920 2618 948 2679 si
983 2615 1044 2680 illic
1068 2633 1219 2698 praesens
1247 2619 1352 2697 penit,

266 2714 406 2797 alioquin
420 2715 534 2779 decano
550 2717 648 2779 dictae
661 2715 818 2789 ecclcsiae,
841 2733 896 2795 pro
917 2721 1048 2796 tempore
1066 2713 1276 2790 celsioribus,
1292 2719 1355 2780 sior

267 2815 335 2896 aliis
358 2815 395 2878 ab
417 2816 462 2878 eis
484 2815 675 2896 deputandis,
699 2820 943 2894 praesententur,
968 2820 1001 2878 ut
1021 2813 1059 2878 ab
1081 2813 1156 2891 illis,
1179 2817 1208 2877 sl
1228 2816 1355 2878 sanatis

269 2914 486 2978 consuetudine
497 2922 526 2977 et
538 2914 646 2989 modis,
659 2931 752 2996 saper
763 2913 875 2978 talibus
887 2916 921 2976 in
931 2914 1020 2976 dietis
1034 2911 1146 2993 stadins
1160 2912 1355 2994 peneralilus

267 3016 420 3077 obseruari
434 3012 543 3090 solitis,
561 3014 601 3076 ad
615 3013 670 3076 lroc
684 3015 841 3078 extiterint
857 3013 959 3076 idonei
972 3011 1214 3096 stollicientesque
1228 3015 1361 3096 reperti,-

267 3111 419 3177 licentiam
434 3119 464 3182 et
478 3117 622 3176 bonorem
636 3113 806 3177 sortiantur
820 3119 847 3176 et
862 3113 1018 3195 reportent
1033 3113 1214 3178 antedictos.

312 3233 325 3273 i
344 3213 381 3276 tet
396 3228 469 3278 com
485 3211 524 3275 ab
539 3211 620 3292 ipsis
642 3212 708 3277 iere
724 3211 916 3277 Academiae
936 3211 1140 3288 incunabilis,
1158 3211 1200 3277 ob
1217 3227 1359 3295 praepo-¹

268 3311 403 3376 sitorum
430 3311 513 3376 iorte
538 3311 577 3374 ab
603 3309 701 3391 opido
728 3309 921 3375 Lovaniensi
948 3309 1126 3376 absentiam
1155 3310 1351 3388 continuam,

267 3409 379 3476 decani
392 3409 549 3475 ecclesiae
561 3409 750 3491 collegiatae
763 3411 795 3473 S·
810 3408 895 3474 Petri
908 3409 1095 3490 cancellari]
1111 3417 1145 3474 ot
1157 3409 1353 3476 lunationem

269 3517 300 3574 et
315 3517 517 3591 potestatem,
528 3509 570 3573 ita
582 3517 613 3574 et
626 3524 741 3574 nomen
758 3508 950 3589 titulumque
962 3507 1022 3573 sibi
1038 3506 1251 3583 vindicarent,
1266 3525 1354 3589 praa·

268 3609 382 3688 positis
398 3608 705 3682 contradicentibus,
719 3607 796 3672 binc
810 3607 1009 3672 serenissimi
1028 3606 1190 3688 principes
1201 3607 1353 3673 albertus

267 3716 297 3774 et
326 3707 462 3774 isabella
493 3708 525 3770 in
555 3708 734 3772 licitatione
762 3707 973 3774 Vnioemilatis
1002 3705 1076 3771 anni
1110 3723 1170 3771 cra.
1199 3723 1256 3771 mc.
1281 3724 1351 3772 xvir.

267 3807 345 3873 haee
361 3807 494 3888 insuper
509 3807 549 3872 de
565 3805 678 3873 eodem
695 3815 878 3872 statuerunt
895 3829 902 3869 :

310 3909 540 3989 »Praepositae
569 3906 714 3970 ecelesiae
750 3906 925 3988 rollepiatae
957 3907 994 3970 o.
1029 3907 1111 3970 Petri
1143 3905 1352 3976 lovaniensia,

264 4007 353 4070 iuata
373 4007 565 4088 priuilepium
587 4004 625 4068 ab
640 4005 815 4088 Apostolioa
838 4006 918 4072 Sede
939 4005 1000 4087 ipsi
1022 4005 1220 4086 impertitum,
1236 4020 1353 4085 semper

267 4111 296 4169 et
310 4105 395 4168 solos
412 4104 595 4184 (laticellorip'
610 4103 745 4168 obtineat
758 4105 936 4186 dipnitalem
951 4111 979 4168 el
994 4122 1115 4167 nomen.

312 4227 325 4265 i
343 4204 407 4292 ipsi
422 4221 540 4289 quoque
552 4205 738 4287 praeposito,
755 4211 900 4290 tanlquam
917 4204 1128 4269 Vniuersitatte
1145 4201 1350 4281 cancellario,
