3112 4942
614 519 777 598 ..Η-

914 641 923 674 l

144 713 368 796 multiplieiter
388 713 522 797 insignit
546 723 577 780 et
599 713 748 792 illustrat,
766 713 952 797 apostolicis
966 719 1043 780 sunt
1060 710 1238 794 privilegiis

141 822 175 878 et
195 813 317 896 graoijs
344 813 459 878 merito
484 811 690 888 coniurandi,
716 831 820 896 eoque
846 813 938 878 decet
964 803 1238 893 oportunitatibus

143 928 259 977 eorum
275 911 449 994 benignius
471 911 610 988 oonsuti,
629 929 692 994 quo
715 923 754 977 etr
778 927 890 978 aarum
914 911 1113 992 proiaotibus
1136 909 1239 975 maior

144 1007 248 1076 eemm
266 1017 374 1093 potest
389 1007 421 1074 iu
434 1005 643 1076 deluentesta
659 1007 778 1076 utititas
794 1009 976 1092 provenire.

333 1179 444 1245 mr
460 1184 508 1234 nes
525 1184 618 1246 mars
635 1187 660 1236 at
673 1185 836 1234 mut-metm
854 1183 895 1232 aaa
910 1182 1054 1246 pnsum.

182 1299 264 1366 oum
276 1300 501 1384 itaqne'trottia
515 1311 574 1382 per
590 1301 671 1368 attus
685 1307 817 1368 nouum
841 1301 982 1376 titteris,
999 1299 1084 1382 quot
1110 1299 1237 1364 inantea

141 1401 175 1464 in
186 1399 291 1481 opido
312 1399 505 1474 touaniensi
523 1399 700 1466 lentiensis
720 1397 876 1476 dioensis,
891 1395 1045 1482 generals
1057 1394 1237 1464 litterarum

141 1498 289 1565 mortium
312 1499 344 1563 in
360 1499 475 1580 quouis
497 1499 583 1564 tietta
600 1511 803 1582 preterquam
826 1500 859 1562 in
874 1499 1068 1580 ttmotapteu
1085 1498 1236 1562 multata

143 1599 250 1681 rigeat
264 1597 454 1664 darammus
466 1599 785 1680 ammentumprout
796 1599 829 1662 in
840 1596 964 1664 eisdem
981 1596 1097 1662 titteris
1107 1595 1237 1677 plenius

140 1697 342 1772 sentinetur,
355 1697 422 1762 Nus
437 1699 476 1762 uu
489 1697 631 1763 studium
647 1698 752 1780 ipsum
770 1706 902 1780 paterne
912 1697 1060 1762 nutantes
1075 1695 1234 1776 impertiri

141 1793 328 1860 dilectionis
351 1797 505 1877 auspiuia,
524 1797 757 1879 oupientesqne
776 1807 808 1863 nt
831 1797 907 1862 inibi
931 1807 990 1878 pto
1013 1804 1159 1876 tempora
1179 1793 1237 1859 ae·

138 1903 256 1978 gantas
278 1896 381 1961 nostri
403 1911 535 1962 munere
551 1895 673 1962 iauuris
691 1897 798 1962 retorti
817 1897 944 1978 plonius
959 1895 1135 1980 gratiarum
1150 1903 1238 1958 oom-

141 1993 353 2060 mntiitatibus
380 2003 535 2076 perpetuo
558 1991 769 2078 gratulentur,
794 1993 921 2061 ditantis
945 1995 1021 2076 iilijs
1046 1993 1174 2060 Rettuli
1194 2001 1238 2057 *tu

144 2091 310 2159 uniuersis
331 2103 363 2159 et
383 2093 522 2177 siugulis
543 2091 745 2172 doctoribus,
766 2095 940 2178 magistris,
957 2094 1143 2168 licentiatis,
1159 2095 1237 2156 itae*

144 2187 278 2276 salariis
308 2203 340 2258 et
369 2191 441 2276 attis
471 2192 652 2260 scolaribus
680 2193 911 2261 ecelesiasticis
941 2203 1004 2260 tam
1035 2191 1237 2258 sotularibus

146 2303 241 2374 quam
265 2292 470 2376 regularibus
493 2292 525 2356 in
548 2292 662 2359 eniam
685 2293 806 2371 studio,
831 2299 999 2375 postquam
1028 2287 1107 2356 inibi
1128 2291 1238 2372 vigere

141 2391 279 2474 ceperit,
290 2389 322 2454 in
334 2405 538 2474 quatumque
554 2391 639 2457 ttrtta
658 2399 859 2474 preterquam
877 2402 982 2457 tamen
998 2392 1029 2454 in
1043 2389 1236 2470 Titeologiott

142 2489 296 2554 laenitate
313 2489 495 2556 huiusmodi
519 2503 577 2572 pro
598 2497 745 2572 tempore
764 2489 956 2572 tegentibus,
974 2495 1028 2555 aut
1048 2490 1128 2554 atius
1150 2489 1232 2553 titte

142 2601 251 2652 rarum
280 2587 388 2654 stulto
413 2587 490 2654 inibi
513 2589 758 2670 quomodolibet
780 2590 1016 2666 insistentibus,
1040 2588 1231 2654 auctoritate

141 2687 350 2766 presentatum
372 2687 588 2769 indulgemus,
613 2690 849 2771 statuimusque
861 2695 900 2754 -et
921 2689 1022 2755 esiam
1043 2688 1232 2753 ordinamus

141 2793 303 2850 uteorum
321 2787 438 2868 singuli
457 2787 594 2865 tructus,
613 2789 758 2853 redditus
780 2795 812 2854 ot
836 2797 1011 2870 proventus
1033 2786 1176 2852 omnium
1197 2791 1234 2850 et

139 2883 346 2966 singulorum
369 2885 600 2952 benefitiorum
623 2899 756 2953 suorum
779 2885 1086 2960 ecelesiasticorum,
1110 2885 1231 2950 saonis·

142 2981 225 3047 ritem
249 2989 283 3048 at
306 2985 512 3066 rogatoriam,
530 2999 602 3050 oum
625 2999 702 3050 aura
724 2995 758 3052 et
780 2987 850 3052 sine
872 2999 962 3063 eura,
987 2999 1049 3068 que
1072 2984 1175 3050 aotam
1197 2984 1231 3048 itt

137 3081 313 3162 quibusuis
335 3083 483 3166 eeclesiis
504 3085 575 3150 sine
596 3084 678 3151 louis
699 3085 737 3150 ati
762 3097 898 3167 presens
918 3081 1076 3163 obtinent,
1094 3095 1132 3148 aa
1157 3077 1231 3147 iilos

140 3191 200 3260 pro
226 3187 373 3262 tempora
398 3183 544 3249 obtinere
568 3185 753 3266 eontigerit,
779 3183 881 3251 aniam
909 3184 937 3248 si
963 3185 1173 3248 canonicatus
1200 3187 1232 3246 st

140 3277 320 3358 prebende,
333 3279 517 3361 dignitates,
532 3293 737 3362 personatus,
750 3283 1045 3348 administrationes
1061 3281 1109 3346 tet
1127 3278 1232 3344 otiioitt

138 3375 171 3439 in
186 3377 444 3454 natitetirulibus,
462 3381 563 3445 eciam
580 3382 838 3462 mett-opotttanta
858 3397 915 3447 seu
933 3379 1113 3463 collegiatis
1125 3380 1232 3446 suole-

136 3474 211 3558 siis,
225 3484 259 3540 et
274 3475 447 3558 dignitates
462 3479 533 3560 ipse
549 3479 580 3542 in
596 3479 847 3558 natiteuratibus,
862 3479 958 3546 etiam
974 3479 1231 3561 metropolitanis

138 3583 215 3654 post
230 3573 434 3656 ponttttoales
451 3579 672 3656 maturuerat
695 3581 726 3644 in
749 3581 928 3664 aottaptatts
951 3579 1099 3662 enetesijs
1122 3580 1230 3645 nutus·

137 3673 226 3738 nodi
258 3671 454 3755 principales
482 3677 600 3743 tuerint
629 3683 661 3744 at
690 3679 730 3742 att
760 3691 796 3744 aa
826 3680 1058 3745 consueuerint
1086 3680 1141 3762 qut
1173 3689 1230 3760 per

134 3769 331 3836 eiectionem
342 3775 477 3852 assumi,
491 3787 931 3860 quocumquequocumque
942 3787 974 3858 et
985 3777 1230 3861 quatiaaumque

135 3870 314 3946 utemini,
346 3885 418 3937 eum
448 3887 485 3939 ea
515 3873 713 3958 integritate,
744 3873 915 3942 rutilianis
940 3875 1230 3944 distributionibus

134 3967 305 4033 dumtaxat
326 3973 480 4053 exeeptis,
503 3973 604 4040 libere
627 3976 951 4056 peremptoriarum,
975 3989 1048 4042 oum
1071 3977 1230 4059 qualitas

135 4067 345 4148 parutparsot
360 4069 387 4135 si
403 4071 436 4164 in
451 4073 600 4156 erotesijs
616 4075 687 4140 siue
702 4074 784 4140 tuuis
800 4077 880 4156 ipsis
896 4077 1133 4158 personnatiter
1149 4075 1229 4142 rasi·

134 4167 269 4242 tarenta
287 4173 319 4233 at
338 4165 377 4233 uti
399 4169 604 4237 retinentum
622 4169 748 4239 interim
765 4173 796 4238 tn
812 4169 1083 4240 eisdem-minime
1099 4181 1227 4241 tunson-

135 4269 200 4343 tur,
216 4279 282 4332 aaa
298 4267 336 4331 ad
350 4267 382 4332 tu
397 4281 416 4334 a
431 4281 592 4354 quoquam
609 4271 702 4339 inuiti
717 4273 843 4339 tatami
858 4274 1009 4339 ooartart.
