3246 4944
707 433 829 500 -598
855 467 893 482 -

253 615 328 681 Vale
341 615 371 678 in
387 613 534 682 Domino.
552 614 596 680 Ex
610 615 744 693 Parcbo,
760 613 984 696 lseptembris
997 615 1087 680 ldll.
1104 614 1336 698 subscriptum:

253 713 509 794 magnificentiae
531 714 663 780 Vestrae
688 712 939 780 addictissimus.
956 715 998 778 Et
1012 715 1164 795 sipototum
1183 740 1192 778 ε
1208 715 1339 779 Jornuss

254 811 354 876 abbas
370 811 551 878 barcensis.

294 928 399 995 Tenor
414 927 593 994 litterarum
610 927 744 993 suarum
761 926 992 994 celsitudinnm
1009 950 1017 991 :

296 1062 309 1101 n
329 1041 390 1108 bes
406 1041 617 1124 Arcbiducqs.
628 1041 804 1108 venerabis
819 1050 850 1108 et
867 1040 939 1106 bien
955 1057 1035 1106 ame.
1053 1042 1141 1108 licus
1157 1055 1336 1126 renvoyons

252 1149 492 1224 presentement
514 1159 531 1206 a
555 1141 649 1208 labbe
670 1140 711 1207 de
731 1141 829 1222 Pareo
851 1147 882 1206 et
896 1157 935 1205 an
952 1141 1125 1208 conseiller
1140 1143 1337 1209 ttraesbeocl

251 1241 280 1304 la
312 1249 439 1322 patente
468 1241 525 1306 des
556 1241 620 1305 loix
649 1251 680 1306 et
709 1240 939 1306 constitutions
974 1258 1031 1321 par
1066 1241 1154 1307 Nous
1192 1242 1338 1323 nagaires

253 1339 420 1405 decretees
449 1356 529 1420 pour
555 1339 585 1406 le
613 1339 686 1404 bien
714 1340 754 1404 de
777 1347 887 1405 nostre
910 1338 1090 1405 Universite
1113 1341 1152 1406 de
1175 1341 1337 1421 bouuain3

253 1437 324 1503 leur
344 1438 528 1503 ordonnant
550 1438 602 1514 de,
620 1454 697 1503 sans
721 1446 811 1504 autre
834 1437 937 1520 beloy,
954 1439 984 1502 la
1007 1439 1085 1504 taire
1108 1439 1233 1520 publier
1256 1440 1284 1503 la
1306 1450 1338 1505 et

253 1536 344 1618 ainsy
356 1536 422 1618 quil
436 1537 678 1618 appartiendra;
693 1537 771 1603 dont
787 1554 867 1603 roos
882 1553 982 1603 avons
998 1537 1071 1603 bien
1083 1539 1179 1604 roulu
1195 1538 1338 1605 aduertir

253 1643 285 1700 et
311 1635 517 1717 enobargier3
545 1652 609 1717 que
635 1635 707 1701 leur
733 1635 858 1701 donuez
884 1644 971 1702 toute
994 1635 1084 1718 lapda
1107 1645 1138 1702 et
1158 1637 1338 1703 assistenoe

253 1733 338 1817 quils
354 1751 435 1799 vous
450 1733 684 1800 demandarent
702 1749 719 1798 a
737 1733 842 1800 laffect
861 1734 901 1799 de
924 1743 1011 1800 ceste
1035 1741 1146 1800 nostre
1168 1735 1335 1801 intention.

253 1833 280 1896 Α
303 1840 369 1897 tant
391 1833 562 1898 venerable
587 1833 676 1898 cbier
700 1843 731 1898 et
754 1831 827 1898 bien
851 1849 932 1909 ame,
951 1843 1061 1899 nostre
1083 1833 1237 1915 Seigneur
1259 1850 1339 1898 rous

254 1939 305 2012 ayt
318 1947 356 1995 en
371 1946 406 1995 sa
418 1931 541 1996 saincte
552 1931 661 2012 garde.
675 1931 719 1996 be
732 1931 910 2009 bruxelles,
920 1932 1085 1997 ledernier
1097 1932 1234 2014 daougst
1246 1931 1338 1997 ldl'r.

256 2031 303 2094 lla
329 2034 369 2094 ut
386 2030 546 2112 Siprtutum
563 2038 627 2096 erut
648 2030 846 2106 :ALBERT;
870 2033 1029 2096 etiterum
1051 2032 1138 2114 lonpe
1157 2033 1240 2112 irtsrc
1260 2034 1306 2096 sic
1330 2049 1339 2096 .·
1449 2069 1454 2077 -

173 2211 177 2216 ¹
257 2130 465 2194 Vennnrcnen.

299 2333 312 2370 r
331 2311 433 2392 Super
469 2311 585 2395 quibus
614 2311 730 2378 litteris
760 2311 792 2376 in
822 2311 1026 2378 dominorum
1055 2311 1339 2379 deliberationibus

254 2410 368 2492 positis
391 2411 552 2477 conclusit
576 2410 764 2493 magnificos
787 2410 937 2477 dominus
961 2413 1078 2476 ilector
1104 2411 1280 2493 rogandum
1307 2419 1340 2476 et

255 2509 361 2590 rogari
378 2509 589 2575 reverendum
606 2509 770 2576 dominum
787 2508 932 2575 abbatem
950 2510 1152 2585 porcensem,
1164 2519 1197 2576 ut
1209 2525 1226 2574 a
1239 2509 1340 2590 publi-

257 2607 383 2674 catione
411 2607 604 2674 visitationis
633 2625 690 2689 per
720 2608 850 2674 biduum
877 2610 927 2674 rel
958 2609 1095 2674 triduum
1126 2607 1340 2690 supersedere

258 2703 418 2786 dignetur,
435 2706 539 2770 donec
561 2714 592 2770 et
617 2722 717 2787 usque
740 2706 936 2772 universitas
951 2706 989 2771 ad
1007 2723 1076 2772 aaut
1093 2705 1339 2787 publicationem

259 2802 430 2868 videndum
446 2812 477 2869 et
492 2803 684 2869 audiendum
701 2805 840 2886 legitime
860 2823 917 2886 per
938 2805 1061 2870 litteras
1084 2805 1123 2869 ad
1145 2805 1253 2869 valvas
1276 2803 1341 2869 diri

260 2901 344 2967 Petri
368 2901 542 2983 affigendas
565 2903 690 2968 evocari
714 2913 835 2984 posset,
854 2921 977 2969 necnon
1001 2904 1104 2969 eximii
1123 2912 1154 2969 et
1169 2903 1340 2968 clarissimi

258 2999 379 3066 domini
393 3000 532 3066 loannes
549 2999 743 3080 Paludauos,
759 3002 898 3068 loannes
920 3002 1153 3079 Sobincltelins,
1171 3000 1340 3066 cornelius

257 3098 383 3180 Sylvius
396 3108 426 3165 et
438 3099 576 3166 lacobus
588 3101 770 3175 Santicum,
781 3101 819 3165 ab
836 3101 1056 3166 illustrissimo
1069 3101 1198 3166 domino
1214 3099 1339 3166 Nuueio
1383 3108 1387 3120 ’

256 3198 436 3278 apostolico
453 3199 632 3264 bruxellam
649 3201 784 3274 evocati,
795 3201 916 3265 reversi
934 3199 1063 3266 luerint.
1075 3199 1220 3281 bepotati
1234 3205 1339 3264 autem

257 3298 386 3362 suntad
403 3289 620 3364 accedendum
637 3300 848 3364 reverendum
864 3299 1027 3365 dominum
1043 3298 1187 3363 abbatem
1209 3297 1342 3363 Parcen-

258 3412 326 3462 sem
347 3396 514 3479 eidemque
538 3397 712 3477 praemissa
736 3398 960 3479 exponendum
983 3397 1091 3464 eximii
1115 3405 1148 3462 et
1170 3395 1341 3461 clarissimi

258 3493 379 3561 domini
412 3495 564 3578 legidins
601 3498 642 3562 du
680 3498 755 3578 Bay,
788 3497 945 3562 ilenricus
982 3497 1123 3578 Rampen
1160 3504 1193 3561 et
1229 3496 1342 3561 Petrus

257 3591 445 3659 Gudelinus.

303 3773 455 3840 aliodem
483 3776 536 3842 dia
566 3784 689 3843 seruata
720 3777 778 3843 luit
805 3777 969 3859 deputatio
1004 3776 1226 3842 Universitatis
1261 3776 1341 3840 bora

259 3872 448 3938 duodecima
473 3873 505 3938 in
533 3875 677 3941 meridie.
695 3876 729 3940 ln
756 3892 816 3958 qua
844 3876 952 3942 retulit
978 3875 1166 3957 magnificus
1191 3874 1341 3940 dominos

259 3971 379 4036 Rector
404 3974 615 4039 reverendum
643 3975 807 4040 dominum
832 3975 977 4040 abbatem
1004 3975 1195 4040 Parcensem
1222 3989 1342 4054 nequa·

259 4086 352 4151 quarn
378 4071 513 4138 ulterius
536 4073 666 4140 differre
688 4082 719 4139 et
742 4075 977 4155 procrastinare
998 4073 1077 4139 velle
1094 4071 1341 4154 publicationem

260 4167 463 4248 visitationis,
473 4189 511 4238 ex
524 4190 588 4256 quo
600 4173 660 4254 ipsi
678 4189 695 4236 a
711 4171 929 4238 serenissimis
946 4172 1148 4256 Principibus
1164 4171 1341 4236 hodiernus
