3260 4944
794 413 978 506 -eol'ta

342 621 402 692 alla
419 611 561 691 borneis
578 623 659 690 lorte
675 641 732 706 per
749 633 967 704 promotorem
987 622 1239 708 praescribenda
1257 618 1373 698 redire,
1390 620 1430 690 ‘ab

340 725 400 801 llll,
417 725 685 806 quandocumque
701 724 832 789 domino
847 723 976 789 lleetori
994 731 1047 788 aut
1065 722 1241 804 promoturi
1259 723 1428 803 placuerit,

341 823 374 889 ln
389 824 527 906 negotiis
550 824 599 889 sui
616 821 713 889 oillcii
737 823 903 898 assistant,
921 823 1015 888 etiam
1040 823 1071 886 in
1089 821 1257 888 nocturnis
1274 821 1430 888 visitatio·

343 923 450 999 nibus,
469 922 618 1005 quamdiu
636 932 802 1004 promotor
814 921 1007 1004 judicaverit
1023 921 1085 987 boc
1101 921 1266 1003 expedire.

384 1071 415 1135 6.
439 1071 471 1135 Si
496 1069 634 1136 ministri
658 1069 689 1134 in
712 1070 818 1152 aliquo
843 1059 1094 1151 praemissorum
1118 1069 1332 1150 peccaverint,
1355 1085 1430 1150 pro·
1525 1143 1529 1150 ,

344 1179 449 1236 motor
461 1168 645 1251 hujusmodi
658 1169 817 1234 delectum
830 1169 947 1252 signet,
961 1179 993 1236 et
1005 1169 1084 1235 illud
1098 1177 1242 1251 tempore
1256 1167 1429 1233 solutionis

343 1284 456 1334 eorum
478 1267 630 1358 stipendii
646 1267 777 1338 domino
794 1268 936 1344 Rectori,
962 1269 1121 1350 receptori
1145 1285 1183 1335 ac
1206 1267 1331 1333 notario
1354 1265 1430 1331 Uni-

343 1367 506 1435 tersitatis
521 1366 706 1442 denunciet,
723 1373 755 1433 et
770 1367 921 1433 dominus
937 1367 1055 1434 ilector
1067 1367 1156 1449 juxta
1181 1367 1431 1432 declarationem

344 1465 542 1549 promotorls
556 1465 618 1545 (cui
633 1467 666 1532 in
679 1466 741 1532 boc
756 1466 904 1546 stabitur)
919 1467 1014 1532 dictis
1028 1466 1185 1532 ministris
1198 1483 1256 1548 pro
1272 1466 1432 1547 exigentia

345 1564 490 1632 delectus
502 1563 698 1646 stipendium
713 1581 826 1631 eorum
838 1564 1010 1638 diminuat;
1022 1575 1076 1630 aut
1087 1565 1115 1630 si
1129 1563 1261 1634 nimium
1274 1564 1432 1632 excedere

344 1662 560 1740 videbuntur,
599 1663 807 1730 denunciaoit
846 1671 1012 1745 promotor
1048 1663 1231 1746 hujusmodi
1269 1663 1430 1730 delectum

345 1763 476 1833 domino
497 1763 627 1830 Rectori
650 1775 681 1830 et
702 1763 864 1845 deputatis
887 1781 959 1830 oum
985 1765 1107 1846 aliquot
1129 1764 1315 1831 senioribus
1338 1779 1430 1829 assu·

349 1863 492 1938 mendis;
513 1865 568 1944 qui
591 1861 619 1928 si
643 1862 776 1944 dignum
800 1863 993 1940 invenerint,
1019 1865 1241 1930 defectuosum
1264 1865 1305 1928 ab
1326 1861 1433 1929 officio

348 1963 536 2030 destituant.

389 2111 420 2175 l.
445 2109 567 2192 Singuli
590 2127 703 2177 eorum
725 2127 784 2194 pro
807 2111 970 2194 stipendio
993 2112 1133 2194 singulis
1160 2111 1274 2178 diebus
1298 2110 1338 2176 ab
1363 2109 1438 2176 Uni-

347 2210 498 2276 versitale
521 2209 678 2290 recipiant
699 2220 853 2292 quantum
873 2229 931 2294 pro
955 2211 1078 2277 ratione
1103 2220 1283 2295 temporum
1300 2210 1436 2276 Univer-

350 2309 435 2375 sitati
451 2304 604 2376 idoneum
621 2308 795 2376 ridebitur.

392 2508 436 2572 Le
449 2505 584 2571 tribunal
605 2506 647 2571 du
662 2507 800 2570 Rectene.
821 2507 1000 2574 «Tribunal
1019 2509 1165 2576 Rectoris
1183 2509 1319 2592 primum
1340 2517 1391 2575 est
1405 2519 1437 2576 et

349 2605 563 2682 ordinarium,
592 2604 623 2668 in
650 2607 778 2686 quode
804 2607 954 2672 civilibus
983 2618 1015 2674 et
1040 2609 1261 2675 criminalibus
1288 2609 1437 2675 omnibus

353 2705 462 2771 causis
477 2704 547 2786 ipse
569 2705 748 2786 cognoscit,
766 2705 904 2788 ideoque
919 2707 1177 2796 hebdomadatim
1204 2709 1265 2786 bis,
1284 2708 1393 2773 martis
1409 2719 1442 2774 et

352 2803 481 2870 veneris
503 2803 630 2878 diebus,
655 2813 709 2869 aut
731 2821 803 2869 cum
826 2822 844 2870 a
866 2806 984 2888 studiis
1007 2808 1191 2874 vacationes
1216 2817 1301 2884 sunt,
1326 2807 1440 2883 semel,

353 2919 412 2985 pro
435 2902 586 2966 tribunali
609 2901 713 2968 sedet.
737 2903 784 2967 nd
809 2904 871 2969 boc
898 2905 1036 2971 tribunal
1061 2915 1217 2972 vocantur
1239 2907 1442 2988 citanturque

354 3003 548 3084 quicumque
577 3002 768 3068 Academiae
799 3020 915 3070 nomen
945 3007 1115 3082 dederunt,
1144 3015 1176 3080 et
1205 3005 1276 3088 ejrrs
1306 3004 1440 3088 imperio

354 3099 503 3165 subsunt.
520 3099 659 3166 Reorum
676 3101 728 3166 liic
743 3103 836 3183 sequi
853 3103 956 3168 lorum
972 3114 1101 3171 actores
1112 3105 1297 3188 quicunque
1311 3105 1441 3170 debent.

356 3199 402 3274 lta
425 3198 525 3264 voluit
548 3210 579 3264 et
602 3201 761 3266 ordinavit
783 3201 938 3268 llartinus
963 3203 1013 3279 v,
1039 3205 1194 3285 pontil'ex,
1215 3205 1355 3272 loannes
1376 3204 1442 3280 tv..

357 3295 544 3362 brabantiae
566 3297 641 3376 dux,
658 3317 695 3366 ac
718 3301 769 3382 alij
794 3304 914 3368 deinde
929 3303 1101 3385 Belgarum
1126 3305 1290 3386 principes
1312 3320 1446 3370 conces·

355 3403 469 3462 serunt
491 3406 522 3461 et
544 3410 725 3464 cesserunt.
751 3401 938 3467 Pontillciae
962 3402 1068 3467 bullae
1094 3419 1179 3468 anno
1206 3403 1286 3468 libb
1311 3415 1346 3468 u⁰
1372 3403 1445 3468 idus

358 3495 539 3561 decembris
555 3497 647 3563 datae
661 3499 758 3563 verba
771 3512 846 3565 sunt
861 3503 941 3565 liaeo
959 3519 966 3564 :
986 3523 1000 3560 u
1016 3503 1142 3567 ltursus
1158 3519 1286 3586 quoque
1301 3501 1443 3568 omnium

363 3603 426 3659 »et
455 3593 655 3675 singulorum
684 3613 854 3664 causarum
884 3611 915 3664 et
945 3601 1149 3681 negotiorum
1179 3601 1320 3684 cognitio
1349 3613 1444 3686 atque

363 3691 517 3758 »decisio
540 3694 721 3772 doctorum,
746 3699 985 3779 magistrorum,
1014 3699 1201 3780 scolarium,
1226 3701 1444 3767 membrorum

365 3815 379 3854 s
396 3801 491 3874 atque
507 3793 701 3860 servitorum
717 3797 916 3873 eorumdem,
931 3798 1000 3864 sire
1015 3799 1126 3864 clerici
1142 3799 1211 3866 sivo
1227 3799 1300 3866 laici
1316 3799 1445 3876 luerint,

366 3900 429 3956 aet
446 3892 540 3956 etiam
565 3894 605 3959 de
627 3895 872 3977 quibuscunque
894 3897 1084 3962 criminibus
1107 3909 1138 3964 et
1161 3899 1353 3965 excessibus
1374 3916 1448 3965 eor-

366 4011 380 4051 e
398 3991 499 4056 rectio
523 4001 554 4056 et
578 3995 711 4073 punitio,
731 4011 769 4058 ac
792 3997 976 4061 omnimoda
999 4015 1098 4080 super
1119 3998 1183 4064 illis
1202 3997 1384 4079 jurisdictio
1406 3999 1446 4063 ad

367 4109 383 4151 a
399 4087 569 4156 Rectorem
583 4093 679 4174 studij
697 4094 728 4156 in
744 4095 858 4160 eodem
873 4097 991 4177 oppido
994 4141 1058 4171 .....
1073 4107 1104 4162 et
1120 4113 1184 4163 non
1200 4099 1239 4162 ad
1256 4098 1371 4164 ducem
1386 4113 1445 4165 seu

368 4187 470 4272 seius
495 4207 705 4258 successores
730 4194 829 4260 duces
856 4195 1060 4272 brabantiae,
1088 4197 1321 4280 praepositum,
1349 4198 1446 4264 deca·
