3112 4942
671 507 821 570 -p..

192 683 221 748 si
245 682 312 748 illic
338 701 480 766 presens
501 687 608 764 luerit,
627 689 767 770 alioquin
795 691 918 756 decano
944 691 1030 756 dicte
1045 689 1197 762 vermeria
1223 706 1283 770 pro

192 793 339 864 tempore
360 785 586 864 existentibus,
604 787 674 852 siue
696 790 769 869 aliis
791 789 830 854 ab
854 790 902 856 eis
924 788 1129 866 deputandis,
1148 805 1281 868 presen-

192 891 312 958 tantur,
329 895 363 949 vt
384 885 504 950 abillis
527 887 555 951 si
579 887 718 952 seruatis
739 888 977 956 consuetudine
997 897 1038 952 et
1052 888 1157 954 modis
1183 903 1282 968 supet

192 981 310 1048 talibus
325 983 359 1047 ln
375 984 471 1050 dictis
496 985 613 1067 studijs
627 987 837 1068 generalibus
853 986 1020 1056 obseruari
1036 986 1141 1051 solitis
1164 987 1202 1050 atl
1219 986 1283 1052 boc

194 1081 357 1148 extiterint
369 1084 484 1164 ydonei
497 1084 759 1168 sufficientesque
772 1085 1113 1167 reperti,licenoiamet
1125 1086 1283 1160 bonorem

193 1181 377 1246 sarciantur
392 1190 424 1248 et
438 1193 604 1262 reportent
622 1185 820 1260 antedictos;
838 1195 870 1250 et
885 1185 938 1266 qui
955 1184 1084 1265 quidem
1107 1183 1281 1265 presentati

192 1280 442 1360 quamprimum
460 1282 533 1347 illos
548 1283 654 1364 adepti
679 1283 934 1365 lucriutabsque
950 1281 1155 1348 ulterioribus
1178 1282 1218 1348 ab
1233 1282 1283 1349 eis

191 1377 351 1444 habendis
365 1380 511 1447 examine
526 1392 556 1447 ct
572 1383 804 1464 approbatione
816 1383 847 1446 in
865 1381 934 1464 ipsa
947 1382 1096 1447 facultate
1107 1398 1170 1463 qua
1186 1381 1282 1460 licenf

190 1477 272 1542 clam
302 1488 335 1544 et
364 1479 518 1545 bonorem
548 1481 723 1564 attigerint,
756 1483 788 1546 in
810 1482 933 1547 eisaern
962 1482 1071 1562 legere
1101 1490 1133 1546 et
1162 1479 1281 1546 dooere

191 1577 293 1644 libere
308 1588 341 1644 el
355 1579 443 1646 licite
457 1580 575 1662 ubique
591 1581 718 1661 possint
732 1591 765 1647 ct
781 1583 919 1646 valcant.

192 1728 321 1799 Etenduc
339 1751 373 1800 de
386 1752 414 1801 ia
424 1751 585 1812 iuridiclt'on
602 1753 737 1804 rcciornie
749 1757 774 1802 et
788 1754 959 1802 nominatior
975 1753 1013 1801 tiu
1024 1753 1149 1813 premier
1161 1753 1280 1802 raulcurt

232 1867 360 1932 Rursus
376 1886 504 1950 quoqne
519 1869 662 1935 omnium
679 1882 711 1934 et
733 1870 934 1952 singulorum
952 1883 1121 1934 causarum
1136 1877 1168 1933 et
1185 1859 1282 1948 negoss

191 1965 314 2032 ciorum
353 1969 495 2049 co,niti0
531 1981 627 2050 atque
661 1969 785 2034 decisio
822 1969 1009 2042 doctorum*
1039 1967 1278 2048 magistrorum.

188 2065 376 2144 scolarium,
403 2068 621 2132 membrorum
647 2077 744 2149 atque
770 2067 966 2132 seruitotum
983 2067 1182 2138 eorumdem,
1209 2065 1281 2128 siue

187 2161 298 2229 clerici
321 2165 394 2231 siue
409 2166 489 2248 layci
513 2167 642 2243 luerint,
659 2177 691 2232 et
712 2166 813 2231 eciam
836 2167 876 2230 de
893 2165 1150 2248 quibuscumque
1172 2162 1280 2227 crimi-

193 2261 288 2328 nibus
303 2273 335 2329 et
349 2265 540 2330 excessibus
560 2266 720 2330 correctio
736 2275 768 2330 et
784 2264 907 2346 punitio
923 2278 962 2328 ac
983 2262 1167 2328 omnimoda
1183 2275 1282 2342 super

190 2361 256 2425 illis
276 2362 459 2444 iurisdictio
481 2366 526 2429 ad'
545 2366 714 2430 Rectorem
738 2365 834 2446 studij
858 2365 891 2427 in
915 2363 1027 2429 eodem
1050 2361 1159 2443 opido,
1184 2377 1279 2442 quern

189 2459 311 2524 (lictum
333 2459 539 2528 scolasticum
564 2481 620 2546 pet·
643 2463 779 2544 primurn
802 2461 1056 2544 quinquennium
1079 2475 1165 2535 esse.
1186 2468 1219 2524 et
1240 2475 1280 2522 ex

190 2568 268 2628 luna
293 2561 387 2626 annis
417 2563 553 2644 singuiis
579 2563 658 2627 inibi
688 2563 774 2627 iuxta
800 2561 1067 2626 consuetudinem
1097 2558 1279 2622 studiorum

190 2658 376 2726 huiusmodi
405 2662 481 2742 eligi
512 2663 675 2736 volumus,
699 2671 731 2726 ct
757 2677 821 2725 non
848 2661 885 2724 ati
903 2662 1088 2724 ducemseu
1111 2657 1182 2721 cius
1204 2671 1279 2720 suc-

188 2756 1278 2850 cessorcsdueesbrabancie,prepositum,decanommcolastieum

186 2857 376 2937 capitulum,
394 2859 673 2940 burgimagistros‚
697 2859 848 2924 scabinos
871 2867 902 2922 at
921 2856 1182 2922 communitatem
1207 2871 1279 2936 pre·

187 2955 284 3030 latos,
314 2967 370 3022 aut
399 2958 536 3040 aliquem
565 2976 605 3024 ex
631 2959 679 3023 cia
709 2959 900 3038 ipsorumve·
922 2955 1087 3029 officiales,
1117 2943 1278 3044 pertinere

187 3056 374 3120 omnimode
411 3057 638 3132 dinoscatttur3
670 3057 866 3138 prolatisque
901 3055 987 3128 duci,
1019 3051 1278 3127 successoribus,

190 3155 368 3235 preposito,
386 3154 520 3231 decano,
537 3155 722 3228 scolastico,
747 3154 899 3236 capitulo,
917 3151 1186 3234 burgimagistris,
1204 3165 1276 3215 sca-

188 3254 287 3332 binis,
301 3255 522 3320 communitati
543 3264 575 3320 et
590 3254 793 3334 officialibus,
807 3264 838 3319 ct
859 3253 932 3334 alijs
954 3252 1221 3334 quibuscumque,
1236 3250 1277 3313 tle

185 3353 295 3420 causis
306 3363 340 3419 et
352 3353 493 3436 negociis
506 3353 689 3418 huiusmodi
702 3353 919 3434 cognoscendi
938 3353 1008 3416 siue
1024 3351 1077 3414 illa
1089 3348 1273 3422 dirimendi,

184 3463 239 3518 aut
254 3453 398 3518 membra
412 3463 445 3520 ct
459 3454 635 3520 seruitores
651 3453 847 3527 ltulusmotli,
865 3453 912 3516 vel
929 3468 965 3516 ex
982 3452 1029 3515 eis
1048 3449 1199 3530 aliquem,
1216 3463 1274 3532 pro

187 3551 378 3616 criminibus
390 3562 422 3617 et
437 3552 625 3618 excessibus
638 3553 760 3618 eisdem
773 3560 826 3615 aut
839 3549 1079 3631 quomodolibet
1090 3543 1275 3636 corrigendi

187 3652 235 3717 uel
261 3651 426 3732 puniendi,
444 3668 501 3716 seu
529 3652 667 3733 aliquam
693 3651 725 3714 in
749 3651 798 3716 eis
820 3647 1079 3729 superioritatem
1102 3645 1151 3710 vel
1176 3643 1275 3727 juris

187 3749 363 3814 dictionem
386 3751 555 3816 exercendi
583 3749 732 3815 iacultatc
754 3759 786 3814 ct
811 3748 1001 3812 auctoritate
1027 3745 1154 3826 penitus
1177 3745 1276 3807 inler-

188 3849 303 3924 tlictis;
332 3865 395 3914 uon
421 3849 624 3914 obstantibus
650 3847 935 3913 constitutionibus
960 3853 992 3910 et
1016 3842 1274 3909 ordinationibus

186 3947 374 4030 apostolicis
390 3956 421 4013 et
435 3946 509 4030 alijs,
522 3947 694 4028 contrariis
709 3947 976 4029 quibuscumque.

189 4113 287 4169 &ausc
309 4117 472 4168 irritante:
500 4112 705 4180 impurissima
729 4117 762 4166 de
784 4116 813 4165 la
839 4113 961 4164 maurella
990 4107 1145 4163 Uniuersitd
1163 4109 1220 4158 duit
1244 4119 1273 4157 so

204 4211 277 4270 taire
289 4209 408 4258 madens
421 4208 446 4257 le
458 4211 542 4257 ternae
560 4205 642 4258 d'unc
654 4209 773 4258 annecti
793 4211 912 4269 comptor
924 4207 956 4256 de
970 4205 998 4254 iu
1011 4205 1072 4254 dcte
1084 4204 1117 4252 dc
1130 4202 1158 4252 lc
1172 4199 1251 4250 balle.

228 4345 383 4411 Volumus
405 4354 511 4410 autem
534 4344 633 4426 quod,
658 4343 719 4408 nisi
747 4343 829 4406 iulra
855 4357 973 4406 annum
996 4357 1013 4405 a
1039 4338 1112 4403 data
1139 4351 1272 4418 presen-
