<?xml version="1.0" encoding="UTF-8"?>
<!DOCTYPE html PUBLIC "-//W3C//DTD XHTML 1.0 Transitional//EN"
    "http://www.w3.org/TR/xhtml1/DTD/xhtml1-transitional.dtd">
<html xmlns="http://www.w3.org/1999/xhtml" xml:lang="en" lang="en">
 <head>
  <title>
</title>
<meta http-equiv="Content-Type" content="text/html;charset=utf-8" />
  <meta name='ocr-system' content='tesseract 3.04.00' />
  <meta name='ocr-capabilities' content='ocr_page ocr_carea ocr_par ocr_line ocrx_word'/>
</head>
<body>
  <div class='ocr_page' id='page_1' title='image "./documentsrelati00reusgoog_0384.png"; bbox 0 0 3260 4944; ppageno 0'>
   <div class='ocr_carea' id='block_1_1' title="bbox 718 376 899 462">
    <p class='ocr_par' dir='ltr' id='par_1_1' title="bbox 718 376 899 462">
     <span class='ocr_line' id='line_1_1' title="bbox 718 376 899 462; baseline -0.006 0"><span class='ocrx_word' id='word_1_1' title='bbox 718 421 759 447; x_wconf 88' lang='lat'><em>·-</em></span> <span class='ocrx_word' id='word_1_2' title='bbox 781 376 843 462; x_wconf 72' lang='lat' dir='ltr'><em>‘aaa</em></span> <span class='ocrx_word' id='word_1_3' title='bbox 867 433 899 446; x_wconf 79' lang='lat'><em>..</em></span> 
     </span>
    </p>
   </div>
   <div class='ocr_carea' id='block_1_2' title="bbox 262 571 1353 661">
    <p class='ocr_par' dir='ltr' id='par_1_2' title="bbox 262 571 1353 661">
     <span class='ocr_line' id='line_1_2' title="bbox 262 571 1353 661; baseline -0.003 -18"><span class='ocrx_word' id='word_1_4' title='bbox 262 571 290 643; x_wconf 81' lang='lat' dir='ltr'><em>si</em></span> <span class='ocrx_word' id='word_1_5' title='bbox 304 596 450 660; x_wconf 81' lang='lat' dir='ltr'><em>praesecto</em></span> <span class='ocrx_word' id='word_1_6' title='bbox 466 581 569 656; x_wconf 73' lang='lat' dir='ltr'><em>suerit,</em></span> <span class='ocrx_word' id='word_1_7' title='bbox 584 581 781 660; x_wconf 86' lang='lat' dir='ltr'><em>promerendi</em></span> <span class='ocrx_word' id='word_1_8' title='bbox 797 583 837 644; x_wconf 90' lang='lat' dir='ltr'><em>ad</em></span> <span class='ocrx_word' id='word_1_9' title='bbox 852 581 977 644; x_wconf 84' lang='lat' dir='ltr'><em>citiores</em></span> <span class='ocrx_word' id='word_1_10' title='bbox 992 579 1120 661; x_wconf 78' lang='lat' dir='ltr'><em>produc,</em></span> <span class='ocrx_word' id='word_1_11' title='bbox 1137 577 1224 642; x_wconf 80' lang='lat' dir='ltr'><em>inacta</em></span> <span class='ocrx_word' id='word_1_12' title='bbox 1239 578 1353 640; x_wconf 81' lang='lat' dir='ltr'><em>taoreni</em></span> 
     </span>
    </p>
   </div>
   <div class='ocr_carea' id='block_1_3' title="bbox 241 676 1375 4238">
    <p class='ocr_par' dir='ltr' id='par_1_3' title="bbox 263 676 1352 959">
     <span class='ocr_line' id='line_1_3' title="bbox 265 676 1352 761; baseline -0.006 -19"><span class='ocrx_word' id='word_1_13' title='bbox 265 681 326 742; x_wconf 91' lang='lat' dir='ltr'><em>t&#39;aut</em></span> <span class='ocrx_word' id='word_1_14' title='bbox 345 684 510 760; x_wconf 83' lang='lat' dir='ltr'><em>receptum,</em></span> <span class='ocrx_word' id='word_1_15' title='bbox 533 695 552 740; x_wconf 92' lang='lat' dir='ltr'><em>a</em></span> <span class='ocrx_word' id='word_1_16' title='bbox 570 676 728 757; x_wconf 71' lang='lat' dir='ltr'><em>facultate,</em></span> <span class='ocrx_word' id='word_1_17' title='bbox 755 681 785 742; x_wconf 91' lang='lat' dir='ltr'><em>iu</em></span> <span class='ocrx_word' id='word_1_18' title='bbox 801 699 862 761; x_wconf 83' lang='lat' dir='ltr'><em>qua</em></span> <span class='ocrx_word' id='word_1_19' title='bbox 878 681 910 758; x_wconf 80' lang='lat' dir='ltr'><em>tit</em></span> <span class='ocrx_word' id='word_1_20' title='bbox 927 679 1087 761; x_wconf 83' lang='lat' dir='ltr'><em>promotio.</em></span> <span class='ocrx_word' id='word_1_21' title='bbox 1106 682 1352 759; x_wconf 83' lang='lat' dir='ltr'><em>praesententur,</em></span> 
     </span>
     <span class='ocr_line' id='line_1_4' title="bbox 264 777 1352 858; baseline -0.004 -18"><span class='ocrx_word' id='word_1_22' title='bbox 264 784 292 840; x_wconf 88' lang='lat' dir='ltr'><em>ei</em></span> <span class='ocrx_word' id='word_1_23' title='bbox 312 777 349 840; x_wconf 90' lang='lat' dir='ltr'><em>ab</em></span> <span class='ocrx_word' id='word_1_24' title='bbox 371 777 436 850; x_wconf 85' lang='lat' dir='ltr'><em>iiio,</em></span> <span class='ocrx_word' id='word_1_25' title='bbox 460 779 505 840; x_wconf 88' lang='lat' dir='ltr'><em>uti</em></span> <span class='ocrx_word' id='word_1_26' title='bbox 528 778 674 858; x_wconf 74' lang='lat' dir='ltr'><em>Paratisea</em></span> <span class='ocrx_word' id='word_1_27' title='bbox 696 782 752 854; x_wconf 84' lang='lat' dir='ltr'><em>ott,</em></span> <span class='ocrx_word' id='word_1_28' title='bbox 776 778 930 843; x_wconf 72' lang='lat' dir='ltr'><em>licentiam</em></span> <span class='ocrx_word' id='word_1_29' title='bbox 953 787 980 842; x_wconf 88' lang='lat' dir='ltr'><em>et</em></span> <span class='ocrx_word' id='word_1_30' title='bbox 1005 777 1148 842; x_wconf 85' lang='lat' dir='ltr'><em>beatorem</em></span> <span class='ocrx_word' id='word_1_31' title='bbox 1172 779 1352 850; x_wconf 87' lang='lat' dir='ltr'><em>sortiantur,</em></span> 
     </span>
     <span class='ocr_line' id='line_1_5' title="bbox 263 877 755 959; baseline 0 -19"><span class='ocrx_word' id='word_1_32' title='bbox 263 877 353 959; x_wconf 84' lang='lat' dir='ltr'><em>itique</em></span> <span class='ocrx_word' id='word_1_33' title='bbox 367 878 428 939; x_wconf 88' lang='lat' dir='ltr'><em>ritu</em></span> <span class='ocrx_word' id='word_1_34' title='bbox 443 882 472 939; x_wconf 91' lang='lat' dir='ltr'><em>et</em></span> <span class='ocrx_word' id='word_1_35' title='bbox 487 877 576 940; x_wconf 91' lang='lat' dir='ltr'><em>modo</em></span> <span class='ocrx_word' id='word_1_36' title='bbox 591 880 755 941; x_wconf 87' lang='lat' dir='ltr'><em>cottsuetis.</em></span> 
     </span>
    </p>

    <p class='ocr_par' dir='ltr' id='par_1_4' title="bbox 241 975 1375 4238">
     <span class='ocr_line' id='line_1_6' title="bbox 309 975 1353 1057; baseline 0.002 -23"><span class='ocrx_word' id='word_1_37' title='bbox 309 975 475 1039; x_wconf 69' lang='lat' dir='ltr'><em>»absente</em></span> <span class='ocrx_word' id='word_1_38' title='bbox 492 980 677 1057; x_wconf 83' lang='lat' dir='ltr'><em>praeposito,</em></span> <span class='ocrx_word' id='word_1_39' title='bbox 694 979 867 1057; x_wconf 69' lang='lat' dir='ltr'><em>praecitatae</em></span> <span class='ocrx_word' id='word_1_40' title='bbox 888 977 1034 1042; x_wconf 87' lang='lat' dir='ltr'><em>ecciesiae</em></span> <span class='ocrx_word' id='word_1_41' title='bbox 1052 979 1087 1041; x_wconf 81' lang='lat' dir='ltr'><em>i).</em></span> <span class='ocrx_word' id='word_1_42' title='bbox 1108 977 1190 1042; x_wconf 84' lang='lat' dir='ltr'><em>Petri</em></span> <span class='ocrx_word' id='word_1_43' title='bbox 1205 975 1353 1050; x_wconf 73' lang='lat' dir='ltr'><em>deceatne,</em></span> 
     </span>
     <span class='ocr_line' id='line_1_7' title="bbox 264 1074 1353 1158; baseline -0.003 -20"><span class='ocrx_word' id='word_1_44' title='bbox 264 1077 353 1138; x_wconf 82' lang='lat' dir='ltr'><em>iacto</em></span> <span class='ocrx_word' id='word_1_45' title='bbox 373 1076 480 1138; x_wconf 87' lang='lat' dir='ltr'><em>eadem</em></span> <span class='ocrx_word' id='word_1_46' title='bbox 501 1076 656 1155; x_wconf 74' lang='lat' dir='ltr'><em>ponctificio</em></span> <span class='ocrx_word' id='word_1_47' title='bbox 676 1077 838 1157; x_wconf 78' lang='lat' dir='ltr'><em>ptiuiiepio</em></span> <span class='ocrx_word' id='word_1_48' title='bbox 853 1077 999 1154; x_wconf 89' lang='lat' dir='ltr'><em>eamdem,</em></span> <span class='ocrx_word' id='word_1_49' title='bbox 1018 1095 1110 1158; x_wconf 82' lang='lat' dir='ltr'><em>onam</em></span> <span class='ocrx_word' id='word_1_50' title='bbox 1128 1074 1353 1147; x_wconf 84' lang='lat' dir='ltr'><em>Cattcettorius,</em></span> 
     </span>
     <span class='ocr_line' id='line_1_8' title="bbox 265 1173 1356 1258; baseline -0.002 -22"><span class='ocrx_word' id='word_1_51' title='bbox 265 1173 374 1238; x_wconf 85' lang='lat' dir='ltr'><em>babeat</em></span> <span class='ocrx_word' id='word_1_52' title='bbox 403 1179 593 1256; x_wconf 89' lang='lat' dir='ltr'><em>potestatem.</em></span> <span class='ocrx_word' id='word_1_53' title='bbox 624 1175 836 1240; x_wconf 84' lang='lat' dir='ltr'><em>Verumtamen</em></span> <span class='ocrx_word' id='word_1_54' title='bbox 865 1195 964 1258; x_wconf 82' lang='lat' dir='ltr'><em>neque</em></span> <span class='ocrx_word' id='word_1_55' title='bbox 992 1178 1116 1240; x_wconf 90' lang='lat' dir='ltr'><em>nominc</em></span> <span class='ocrx_word' id='word_1_56' title='bbox 1145 1191 1242 1258; x_wconf 81' lang='lat' dir='ltr'><em>neque</em></span> <span class='ocrx_word' id='word_1_57' title='bbox 1270 1174 1356 1236; x_wconf 87' lang='lat' dir='ltr'><em>tituto</em></span> 
     </span>
     <span class='ocr_line' id='line_1_9' title="bbox 269 1268 1357 1355; baseline -0.006 -17"><span class='ocrx_word' id='word_1_58' title='bbox 269 1271 451 1354; x_wconf 78' lang='lat' dir='ltr'><em>Cunceiiarij</em></span> <span class='ocrx_word' id='word_1_59' title='bbox 472 1291 617 1355; x_wconf 81' lang='lat' dir='ltr'><em>nmquam</em></span> <span class='ocrx_word' id='word_1_60' title='bbox 641 1281 756 1350; x_wconf 85' lang='lat' dir='ltr'><em>ututur,</em></span> <span class='ocrx_word' id='word_1_61' title='bbox 781 1295 836 1340; x_wconf 91' lang='lat' dir='ltr'><em>nec</em></span> <span class='ocrx_word' id='word_1_62' title='bbox 859 1279 949 1340; x_wconf 89' lang='lat' dir='ltr'><em>etiam</em></span> <span class='ocrx_word' id='word_1_63' title='bbox 971 1279 999 1340; x_wconf 87' lang='lat' dir='ltr'><em>ei</em></span> <span class='ocrx_word' id='word_1_64' title='bbox 1022 1275 1188 1346; x_wconf 80' lang='lat' dir='ltr'><em>tribuatur.</em></span> <span class='ocrx_word' id='word_1_65' title='bbox 1213 1268 1357 1338; x_wconf 77' lang='lat' dir='ltr'><em>Volumus</em></span> 
     </span>
     <span class='ocr_line' id='line_1_10' title="bbox 268 1371 1357 1458; baseline -0.004 -22"><span class='ocrx_word' id='word_1_66' title='bbox 268 1374 349 1436; x_wconf 87' lang='lat' dir='ltr'><em>enim</em></span> <span class='ocrx_word' id='word_1_67' title='bbox 365 1371 549 1452; x_wconf 80' lang='lat' dir='ltr'><em>Cattcetiora&#39;p&#39;</em></span> <span class='ocrx_word' id='word_1_68' title='bbox 563 1391 672 1438; x_wconf 90' lang='lat' dir='ltr'><em>nomen</em></span> <span class='ocrx_word' id='word_1_69' title='bbox 689 1376 729 1438; x_wconf 90' lang='lat' dir='ltr'><em>nd</em></span> <span class='ocrx_word' id='word_1_70' title='bbox 743 1379 844 1439; x_wconf 86' lang='lat' dir='ltr'><em>sotum</em></span> <span class='ocrx_word' id='word_1_71' title='bbox 857 1377 1066 1458; x_wconf 82' lang='lat' dir='ltr'><em>praepositum</em></span> <span class='ocrx_word' id='word_1_72' title='bbox 1084 1378 1251 1457; x_wconf 89' lang='lat' dir='ltr'><em>pertinere,</em></span> <span class='ocrx_word' id='word_1_73' title='bbox 1267 1379 1357 1453; x_wconf 90' lang='lat' dir='ltr'><em>prottt</em></span> 
     </span>
     <span class='ocr_line' id='line_1_11' title="bbox 266 1471 1358 1556; baseline -0.004 -20"><span class='ocrx_word' id='word_1_74' title='bbox 266 1489 403 1536; x_wconf 87' lang='lat' dir='ltr'><em>summat</em></span> <span class='ocrx_word' id='word_1_75' title='bbox 421 1472 567 1551; x_wconf 72' lang='lat' dir='ltr'><em>Pontifex</em></span> <span class='ocrx_word' id='word_1_76' title='bbox 588 1473 723 1554; x_wconf 81' lang='lat' dir='ltr'><em>idipsum</em></span> <span class='ocrx_word' id='word_1_77' title='bbox 737 1475 821 1538; x_wconf 87' lang='lat' dir='ltr'><em>aiore</em></span> <span class='ocrx_word' id='word_1_78' title='bbox 837 1476 1003 1556; x_wconf 83' lang='lat' dir='ltr'><em>disposuit.</em></span> <span class='ocrx_word' id='word_1_79' title='bbox 1021 1474 1109 1540; x_wconf 83' lang='lat' dir='ltr'><em>vnde</em></span> <span class='ocrx_word' id='word_1_80' title='bbox 1131 1474 1255 1538; x_wconf 87' lang='lat' dir='ltr'><em>decano</em></span> <span class='ocrx_word' id='word_1_81' title='bbox 1270 1471 1358 1534; x_wconf 86' lang='lat' dir='ltr'><em>circo</em></span> 
     </span>
     <span class='ocr_line' id='line_1_12' title="bbox 268 1569 1357 1652; baseline -0.003 -18"><span class='ocrx_word' id='word_1_82' title='bbox 268 1569 473 1652; x_wconf 86' lang='lat' dir='ltr'><em>collationem</em></span> <span class='ocrx_word' id='word_1_83' title='bbox 499 1570 655 1650; x_wconf 77' lang='lat' dir='ltr'><em>gtatduom</em></span> <span class='ocrx_word' id='word_1_84' title='bbox 684 1583 875 1651; x_wconf 88' lang='lat' dir='ltr'><em>potestatem</em></span> <span class='ocrx_word' id='word_1_85' title='bbox 902 1589 993 1637; x_wconf 88' lang='lat' dir='ltr'><em>suam</em></span> <span class='ocrx_word' id='word_1_86' title='bbox 1017 1572 1178 1638; x_wconf 80' lang='lat' dir='ltr'><em>exercenti</em></span> <span class='ocrx_word' id='word_1_87' title='bbox 1206 1569 1357 1634; x_wconf 86' lang='lat' dir='ltr'><em>bettodic·</em></span> 
     </span>
     <span class='ocr_line' id='line_1_13' title="bbox 269 1669 1356 1752; baseline -0.004 -18"><span class='ocrx_word' id='word_1_88' title='bbox 269 1669 453 1750; x_wconf 83' lang='lat' dir='ltr'><em>tiouemque</em></span> <span class='ocrx_word' id='word_1_89' title='bbox 486 1669 679 1751; x_wconf 84' lang='lat' dir='ltr'><em>impertienti</em></span> <span class='ocrx_word' id='word_1_90' title='bbox 710 1672 782 1736; x_wconf 87' lang='lat' dir='ltr'><em>tatis</em></span> <span class='ocrx_word' id='word_1_91' title='bbox 817 1673 1049 1752; x_wconf 80' lang='lat' dir='ltr'><em>praescribitur</em></span> <span class='ocrx_word' id='word_1_92' title='bbox 1085 1671 1221 1736; x_wconf 85' lang='lat' dir='ltr'><em>iotmuta</em></span> <span class='ocrx_word' id='word_1_93' title='bbox 1254 1693 1261 1732; x_wconf 94' lang='lat'><strong>:</strong></span> <span class='ocrx_word' id='word_1_94' title='bbox 1293 1670 1356 1732; x_wconf 84' lang='lat' dir='ltr'><em>Nos</em></span> 
     </span>
     <span class='ocr_line' id='line_1_14' title="bbox 269 1768 1356 1853; baseline -0.005 -20"><span class='ocrx_word' id='word_1_95' title='bbox 269 1769 310 1833; x_wconf 89' lang='grc' dir='ltr'><em>Ν.</em></span> <span class='ocrx_word' id='word_1_96' title='bbox 327 1769 369 1832; x_wconf 87' lang='grc' dir='ltr'><em>Ν.</em></span> <span class='ocrx_word' id='word_1_97' title='bbox 392 1768 537 1832; x_wconf 86' lang='lat' dir='ltr'><em>ecciesiae</em></span> <span class='ocrx_word' id='word_1_98' title='bbox 558 1769 735 1850; x_wconf 85' lang='lat' dir='ltr'><em>cotiepiotae</em></span> <span class='ocrx_word' id='word_1_99' title='bbox 757 1773 794 1835; x_wconf 80' lang='lat' dir='ltr'><em>tt.</em></span> <span class='ocrx_word' id='word_1_100' title='bbox 815 1774 911 1847; x_wconf 86' lang='lat' dir='ltr'><em>Petri,</em></span> <span class='ocrx_word' id='word_1_101' title='bbox 936 1791 1005 1835; x_wconf 91' lang='lat' dir='ltr'><em>cnm</em></span> <span class='ocrx_word' id='word_1_102' title='bbox 1028 1771 1194 1853; x_wconf 87' lang='lat' dir='ltr'><em>apostatica</em></span> <span class='ocrx_word' id='word_1_103' title='bbox 1216 1768 1304 1833; x_wconf 86' lang='lat' dir='ltr'><em>nobis</em></span> <span class='ocrx_word' id='word_1_104' title='bbox 1325 1770 1356 1830; x_wconf 90' lang='lat' dir='ltr'><em>in</em></span> 
     </span>
     <span class='ocr_line' id='line_1_15' title="bbox 270 1865 1361 1952; baseline -0.001 -22"><span class='ocrx_word' id='word_1_105' title='bbox 270 1867 327 1930; x_wconf 87' lang='lat' dir='ltr'><em>boc</em></span> <span class='ocrx_word' id='word_1_106' title='bbox 355 1865 437 1930; x_wconf 91' lang='lat' dir='ltr'><em>aimo</em></span> <span class='ocrx_word' id='word_1_107' title='bbox 472 1867 674 1932; x_wconf 86' lang='lat' dir='ltr'><em>Vttiuertitatc</em></span> <span class='ocrx_word' id='word_1_108' title='bbox 700 1870 878 1950; x_wconf 79' lang='lat' dir='ltr'><em>produotttti</em></span> <span class='ocrx_word' id='word_1_109' title='bbox 912 1874 977 1948; x_wconf 88' lang='lat' dir='ltr'><em>(seu</em></span> <span class='ocrx_word' id='word_1_110' title='bbox 1009 1877 1129 1952; x_wconf 82' lang='lat' dir='ltr'><em>gratius</em></span> <span class='ocrx_word' id='word_1_111' title='bbox 1158 1867 1361 1934; x_wconf 80' lang='lat' dir='ltr'><em>academicos</em></span> 
     </span>
     <span class='ocr_line' id='line_1_16' title="bbox 271 1964 1362 2050; baseline -0.002 -20"><span class='ocrx_word' id='word_1_112' title='bbox 271 1964 469 2044; x_wconf 84' lang='lat' dir='ltr'><em>conterendi)</em></span> <span class='ocrx_word' id='word_1_113' title='bbox 498 1983 641 2032; x_wconf 84' lang='lat' dir='ltr'><em>cottccseo</em></span> <span class='ocrx_word' id='word_1_114' title='bbox 668 1975 831 2050; x_wconf 86' lang='lat' dir='ltr'><em>potestate,</em></span> <span class='ocrx_word' id='word_1_115' title='bbox 862 1970 1013 2049; x_wconf 80' lang='lat' dir='ltr'><em>decanus,</em></span> <span class='ocrx_word' id='word_1_116' title='bbox 1042 1967 1098 2032; x_wconf 87' lang='lat' dir='ltr'><em>tibi</em></span> <span class='ocrx_word' id='word_1_117' title='bbox 1128 1978 1189 2033; x_wconf 88' lang='lat' dir='ltr'><em>etc.</em></span> <span class='ocrx_word' id='word_1_118' title='bbox 1222 1968 1362 2046; x_wconf 85' lang='lat' dir='ltr'><em>Vtroque</em></span> 
     </span>
     <span class='ocr_line' id='line_1_17' title="bbox 271 2064 1366 2149; baseline -0.001 -20"><span class='ocrx_word' id='word_1_119' title='bbox 271 2064 518 2142; x_wconf 70' lang='lat' dir='ltr'><em>aureamento,</em></span> <span class='ocrx_word' id='word_1_120' title='bbox 547 2074 611 2132; x_wconf 88' lang='lat' dir='ltr'><em>tam</em></span> <span class='ocrx_word' id='word_1_121' title='bbox 638 2067 762 2132; x_wconf 88' lang='lat' dir='ltr'><em>decano</em></span> <span class='ocrx_word' id='word_1_122' title='bbox 788 2085 882 2149; x_wconf 86' lang='lat' dir='ltr'><em>quam</em></span> <span class='ocrx_word' id='word_1_123' title='bbox 909 2066 1120 2140; x_wconf 85' lang='lat' dir='ltr'><em>Cattoettario‚</em></span> <span class='ocrx_word' id='word_1_124' title='bbox 1149 2067 1198 2131; x_wconf 85' lang='lat' dir='ltr'><em>vet</em></span> <span class='ocrx_word' id='word_1_125' title='bbox 1226 2065 1366 2149; x_wconf 78' lang='lat' dir='ltr'><em>legitime</em></span> 
     </span>
     <span class='ocr_line' id='line_1_18' title="bbox 272 2165 1365 2250; baseline -0.002 -22"><span class='ocrx_word' id='word_1_126' title='bbox 272 2165 427 2246; x_wconf 70' lang='lat' dir='ltr'><em>impedito</em></span> <span class='ocrx_word' id='word_1_127' title='bbox 449 2175 503 2230; x_wconf 87' lang='lat' dir='ltr'><em>aut</em></span> <span class='ocrx_word' id='word_1_128' title='bbox 528 2165 713 2232; x_wconf 82' lang='lat' dir='ltr'><em>inormitate</em></span> <span class='ocrx_word' id='word_1_129' title='bbox 743 2176 963 2250; x_wconf 82' lang='lat' dir='ltr'><em>praegravato,</em></span> <span class='ocrx_word' id='word_1_130' title='bbox 989 2175 1022 2232; x_wconf 87' lang='lat' dir='ltr'><em>ot</em></span> <span class='ocrx_word' id='word_1_131' title='bbox 1044 2166 1083 2230; x_wconf 86' lang='lat' dir='ltr'><em>ad</em></span> <span class='ocrx_word' id='word_1_132' title='bbox 1107 2165 1365 2232; x_wconf 86' lang='lat' dir='ltr'><em>benedictionem</em></span> 
     </span>
     <span class='ocr_line' id='line_1_19' title="bbox 276 2263 1366 2349; baseline -0.002 -21"><span class='ocrx_word' id='word_1_133' title='bbox 276 2265 412 2329; x_wconf 85' lang='lat' dir='ltr'><em>dandam</em></span> <span class='ocrx_word' id='word_1_134' title='bbox 430 2275 542 2330; x_wconf 89' lang='lat' dir='ltr'><em>neuter</em></span> <span class='ocrx_word' id='word_1_135' title='bbox 564 2283 753 2349; x_wconf 88' lang='lat' dir='ltr'><em>comparere</em></span> <span class='ocrx_word' id='word_1_136' title='bbox 776 2269 890 2342; x_wconf 85' lang='lat' dir='ltr'><em>valeat,</em></span> <span class='ocrx_word' id='word_1_137' title='bbox 908 2277 985 2332; x_wconf 91' lang='lat' dir='ltr'><em>tttnc</em></span> <span class='ocrx_word' id='word_1_138' title='bbox 999 2267 1038 2340; x_wconf 83' lang='lat' dir='ltr'><em>is,</em></span> <span class='ocrx_word' id='word_1_139' title='bbox 1057 2265 1110 2347; x_wconf 84' lang='lat' dir='ltr'><em>otti</em></span> <span class='ocrx_word' id='word_1_140' title='bbox 1133 2263 1366 2330; x_wconf 84' lang='lat' dir='ltr'><em>eCaocettatio</em></span> 
     </span>
     <span class='ocr_line' id='line_1_20' title="bbox 274 2363 1364 2448; baseline -0.001 -22"><span class='ocrx_word' id='word_1_141' title='bbox 274 2363 369 2448; x_wconf 84' lang='lat' dir='ltr'><em>suerit</em></span> <span class='ocrx_word' id='word_1_142' title='bbox 398 2363 581 2442; x_wconf 83' lang='lat' dir='ltr'><em>deputatus,</em></span> <span class='ocrx_word' id='word_1_143' title='bbox 612 2365 870 2432; x_wconf 87' lang='lat' dir='ltr'><em>benedictionem</em></span> <span class='ocrx_word' id='word_1_144' title='bbox 901 2365 1058 2446; x_wconf 87' lang='lat' dir='ltr'><em>impertiti</em></span> <span class='ocrx_word' id='word_1_145' title='bbox 1085 2364 1227 2446; x_wconf 87' lang='lat' dir='ltr'><em>jubetur,</em></span> <span class='ocrx_word' id='word_1_146' title='bbox 1255 2363 1305 2428; x_wconf 91' lang='lat' dir='ltr'><em>vei</em></span> <span class='ocrx_word' id='word_1_147' title='bbox 1336 2363 1364 2427; x_wconf 88' lang='lat' dir='ltr'><em>si</em></span> 
     </span>
     <span class='ocr_line' id='line_1_21' title="bbox 275 2463 1365 2547; baseline -0.001 -21"><span class='ocrx_word' id='word_1_148' title='bbox 275 2463 493 2528; x_wconf 84' lang='lat' dir='ltr'><em>Gattcottarios</em></span> <span class='ocrx_word' id='word_1_149' title='bbox 517 2464 677 2530; x_wconf 88' lang='lat' dir='ltr'><em>neminem</em></span> <span class='ocrx_word' id='word_1_150' title='bbox 701 2465 915 2547; x_wconf 84' lang='lat' dir='ltr'><em>deputaverit,</em></span> <span class='ocrx_word' id='word_1_151' title='bbox 932 2475 986 2528; x_wconf 90' lang='lat' dir='ltr'><em>aut</em></span> <span class='ocrx_word' id='word_1_152' title='bbox 1007 2464 1060 2546; x_wconf 86' lang='lat' dir='ltr'><em>qui</em></span> <span class='ocrx_word' id='word_1_153' title='bbox 1077 2465 1117 2528; x_wconf 90' lang='lat' dir='ltr'><em>ab</em></span> <span class='ocrx_word' id='word_1_154' title='bbox 1140 2481 1179 2530; x_wconf 90' lang='lat' dir='ltr'><em>eo</em></span> <span class='ocrx_word' id='word_1_155' title='bbox 1194 2463 1365 2544; x_wconf 87' lang='lat' dir='ltr'><em>deputatus</em></span> 
     </span>
     <span class='ocr_line' id='line_1_22' title="bbox 275 2559 1366 2645; baseline 0.001 -22"><span class='ocrx_word' id='word_1_156' title='bbox 275 2559 383 2637; x_wconf 90' lang='lat' dir='ltr'><em>tuerit,</em></span> <span class='ocrx_word' id='word_1_157' title='bbox 406 2559 524 2626; x_wconf 86' lang='lat' dir='ltr'><em>absens</em></span> <span class='ocrx_word' id='word_1_158' title='bbox 547 2562 600 2638; x_wconf 86' lang='lat' dir='ltr'><em>sit,</em></span> <span class='ocrx_word' id='word_1_159' title='bbox 626 2564 675 2628; x_wconf 89' lang='lat' dir='ltr'><em>vel</em></span> <span class='ocrx_word' id='word_1_160' title='bbox 699 2580 887 2645; x_wconf 88' lang='lat' dir='ltr'><em>comparare</em></span> <span class='ocrx_word' id='word_1_161' title='bbox 912 2581 974 2628; x_wconf 90' lang='lat' dir='ltr'><em>nott</em></span> <span class='ocrx_word' id='word_1_162' title='bbox 998 2563 1112 2639; x_wconf 81' lang='lat' dir='ltr'><em>vatem,</em></span> <span class='ocrx_word' id='word_1_163' title='bbox 1138 2571 1214 2628; x_wconf 89' lang='lat' dir='ltr'><em>tunc</em></span> <span class='ocrx_word' id='word_1_164' title='bbox 1237 2561 1366 2644; x_wconf 89' lang='lat' dir='ltr'><em>permit·</em></span> 
     </span>
     <span class='ocr_line' id='line_1_23' title="bbox 270 2645 1369 2745; baseline 0.001 -21"><span class='ocrx_word' id='word_1_165' title='bbox 270 2645 364 2736; x_wconf 84' lang='lat' dir='ltr'><em>titur,</em></span> <span class='ocrx_word' id='word_1_166' title='bbox 393 2669 426 2725; x_wconf 88' lang='lat' dir='ltr'><em>nt</em></span> <span class='ocrx_word' id='word_1_167' title='bbox 453 2661 594 2727; x_wconf 89' lang='lat' dir='ltr'><em>decanos</em></span> <span class='ocrx_word' id='word_1_168' title='bbox 621 2663 759 2745; x_wconf 86' lang='lat' dir='ltr'><em>aliquem</em></span> <span class='ocrx_word' id='word_1_169' title='bbox 787 2663 975 2740; x_wconf 89' lang='lat' dir='ltr'><em>substituat;</em></span> <span class='ocrx_word' id='word_1_170' title='bbox 1004 2663 1055 2728; x_wconf 92' lang='lat' dir='ltr'><em>cui</em></span> <span class='ocrx_word' id='word_1_171' title='bbox 1082 2663 1114 2728; x_wconf 92' lang='lat' dir='ltr'><em>itt</em></span> <span class='ocrx_word' id='word_1_172' title='bbox 1145 2661 1369 2728; x_wconf 85' lang='lat' dir='ltr'><em>benedictione</em></span> 
     </span>
     <span class='ocr_line' id='line_1_24' title="bbox 241 2757 1367 2843; baseline 0.003 -21"><span class='ocrx_word' id='word_1_173' title='bbox 241 2777 243 2780; x_wconf 91' lang='lat'>·</span> <span class='ocrx_word' id='word_1_174' title='bbox 276 2757 489 2840; x_wconf 86' lang='lat' dir='ltr'><em>impertienda</em></span> <span class='ocrx_word' id='word_1_175' title='bbox 514 2763 747 2841; x_wconf 86' lang='lat' dir='ltr'><em>praescribitur</em></span> <span class='ocrx_word' id='word_1_176' title='bbox 769 2763 904 2828; x_wconf 82' lang='lat' dir='ltr'><em>termula</em></span> <span class='ocrx_word' id='word_1_177' title='bbox 930 2762 1113 2843; x_wconf 83' lang='lat' dir='ltr'><em>ttujusmotit</em></span> <span class='ocrx_word' id='word_1_178' title='bbox 1138 2783 1146 2826; x_wconf 80' lang='lat' dir='ltr'><em>a</em></span> <span class='ocrx_word' id='word_1_179' title='bbox 1170 2763 1235 2826; x_wconf 84' lang='lat' dir='ltr'><em>Noc</em></span> <span class='ocrx_word' id='word_1_180' title='bbox 1254 2763 1294 2826; x_wconf 88' lang='lat' dir='ltr'><em>tt.</em></span> <span class='ocrx_word' id='word_1_181' title='bbox 1312 2761 1367 2836; x_wconf 67' lang='lat' dir='ltr'><em>N„</em></span> 
     </span>
     <span class='ocr_line' id='line_1_25' title="bbox 277 2859 1368 2944; baseline 0.001 -23"><span class='ocrx_word' id='word_1_182' title='bbox 277 2859 385 2922; x_wconf 69' lang='lat' dir='ltr'><em>monui</em></span> <span class='ocrx_word' id='word_1_183' title='bbox 413 2860 450 2922; x_wconf 83' lang='lat' dir='ltr'><em>tt.</em></span> <span class='ocrx_word' id='word_1_184' title='bbox 478 2861 563 2923; x_wconf 89' lang='lat' dir='ltr'><em>Petri</em></span> <span class='ocrx_word' id='word_1_185' title='bbox 588 2862 789 2926; x_wconf 74' lang='lat' dir='ltr'><em>bonomensis</em></span> <span class='ocrx_word' id='word_1_186' title='bbox 816 2864 849 2926; x_wconf 90' lang='lat' dir='ltr'><em>in</em></span> <span class='ocrx_word' id='word_1_187' title='bbox 878 2861 1042 2944; x_wconf 83' lang='lat' dir='ltr'><em>apostolico</em></span> <span class='ocrx_word' id='word_1_188' title='bbox 1070 2863 1169 2944; x_wconf 81' lang='lat' dir='ltr'><em>ipatius</em></span> <span class='ocrx_word' id='word_1_189' title='bbox 1192 2861 1368 2944; x_wconf 82' lang='lat' dir='ltr'><em>protinantti</em></span> 
     </span>
     <span class='ocr_line' id='line_1_26' title="bbox 277 2949 1366 3040; baseline 0.002 -20"><span class='ocrx_word' id='word_1_190' title='bbox 277 2964 428 3040; x_wconf 88' lang='lat' dir='ltr'><em>potestate</em></span> <span class='ocrx_word' id='word_1_191' title='bbox 460 2949 594 3023; x_wconf 78' lang='lat' dir='ltr'><em>vicarios</em></span> <span class='ocrx_word' id='word_1_192' title='bbox 627 2968 655 3024; x_wconf 91' lang='lat' dir='ltr'><em>et</em></span> <span class='ocrx_word' id='word_1_193' title='bbox 688 2962 933 3037; x_wconf 82' lang='lat' dir='ltr'><em>commissarius,</em></span> <span class='ocrx_word' id='word_1_194' title='bbox 963 2971 1045 3036; x_wconf 79' lang='lat' dir='ltr'><em>eto,</em></span> <span class='ocrx_word' id='word_1_195' title='bbox 1076 2961 1104 3026; x_wconf 91' lang='lat' dir='ltr'><em>si</em></span> <span class='ocrx_word' id='word_1_196' title='bbox 1141 2961 1291 3026; x_wconf 88' lang='lat' dir='ltr'><em>nimitum</em></span> <span class='ocrx_word' id='word_1_197' title='bbox 1327 2959 1366 3023; x_wconf 88' lang='lat' dir='ltr'><em>ad</em></span> 
     </span>
     <span class='ocr_line' id='line_1_27' title="bbox 282 3055 1369 3142; baseline 0.004 -21"><span class='ocrx_word' id='word_1_198' title='bbox 282 3058 410 3121; x_wconf 90' lang='lat' dir='ltr'><em>unicum</em></span> <span class='ocrx_word' id='word_1_199' title='bbox 437 3055 601 3124; x_wconf 87' lang='lat' dir='ltr'><em>dumtaxat</em></span> <span class='ocrx_word' id='word_1_200' title='bbox 627 3069 733 3126; x_wconf 86' lang='lat' dir='ltr'><em>ectum</em></span> <span class='ocrx_word' id='word_1_201' title='bbox 762 3061 858 3126; x_wconf 86' lang='lat' dir='ltr'><em>istius</em></span> <span class='ocrx_word' id='word_1_202' title='bbox 885 3061 1055 3142; x_wconf 88' lang='lat' dir='ltr'><em>potestatis</em></span> <span class='ocrx_word' id='word_1_203' title='bbox 1082 3062 1296 3134; x_wconf 82' lang='lat' dir='ltr'><em>exercendum</em></span> <span class='ocrx_word' id='word_1_204' title='bbox 1327 3059 1369 3125; x_wconf 88' lang='lat' dir='ltr'><em>sit</em></span> 
     </span>
     <span class='ocr_line' id='line_1_28' title="bbox 279 3153 1369 3240; baseline 0.003 -21"><span class='ocrx_word' id='word_1_205' title='bbox 279 3155 487 3221; x_wconf 89' lang='lat' dir='ltr'><em>constitutus.</em></span> <span class='ocrx_word' id='word_1_206' title='bbox 517 3153 598 3222; x_wconf 88' lang='lat' dir='ltr'><em>Otim</em></span> <span class='ocrx_word' id='word_1_207' title='bbox 626 3160 831 3238; x_wconf 85' lang='lat' dir='ltr'><em>ptaepositus</em></span> <span class='ocrx_word' id='word_1_208' title='bbox 859 3171 889 3224; x_wconf 92' lang='lat' dir='ltr'><em>et</em></span> <span class='ocrx_word' id='word_1_209' title='bbox 917 3160 1072 3235; x_wconf 88' lang='lat' dir='ltr'><em>decanus,</em></span> <span class='ocrx_word' id='word_1_210' title='bbox 1098 3161 1142 3225; x_wconf 90' lang='lat' dir='ltr'><em>uti</em></span> <span class='ocrx_word' id='word_1_211' title='bbox 1168 3157 1369 3240; x_wconf 72' lang='lat' dir='ltr'><em>cancellarii.</em></span> 
     </span>
     <span class='ocr_line' id='line_1_29' title="bbox 281 3253 1371 3338; baseline 0.005 -19"><span class='ocrx_word' id='word_1_212' title='bbox 281 3253 481 3320; x_wconf 88' lang='lat' dir='ltr'><em>substituere</em></span> <span class='ocrx_word' id='word_1_213' title='bbox 518 3257 637 3336; x_wconf 86' lang='lat' dir='ltr'><em>paritet</em></span> <span class='ocrx_word' id='word_1_214' title='bbox 667 3259 984 3325; x_wconf 87' lang='lat' dir='ltr'><em>vice—cancellarium</em></span> <span class='ocrx_word' id='word_1_215' title='bbox 1016 3261 1134 3338; x_wconf 87' lang='lat' dir='ltr'><em>soient,</em></span> <span class='ocrx_word' id='word_1_216' title='bbox 1165 3261 1217 3325; x_wconf 90' lang='lat' dir='ltr'><em>cui</em></span> <span class='ocrx_word' id='word_1_217' title='bbox 1253 3260 1371 3326; x_wconf 86' lang='lat' dir='ltr'><em>deinde</em></span> 
     </span>
     <span class='ocr_line' id='line_1_30' title="bbox 283 3356 1371 3434; baseline 0.006 -18"><span class='ocrx_word' id='word_1_218' title='bbox 283 3356 399 3417; x_wconf 82' lang='lat' dir='ltr'><em>bector</em></span> <span class='ocrx_word' id='word_1_219' title='bbox 425 3356 650 3434; x_wconf 85' lang='lat' dir='ltr'><em>praesentabat</em></span> <span class='ocrx_word' id='word_1_220' title='bbox 677 3359 924 3424; x_wconf 88' lang='lat' dir='ltr'><em>instrumentum</em></span> <span class='ocrx_word' id='word_1_221' title='bbox 951 3359 1125 3424; x_wconf 87' lang='lat' dir='ltr'><em>erectionis</em></span> <span class='ocrx_word' id='word_1_222' title='bbox 1147 3357 1371 3426; x_wconf 86' lang='lat' dir='ltr'><em>Vniuetsitatis</em></span> 
     </span>
     <span class='ocr_line' id='line_1_31' title="bbox 283 3451 1370 3537; baseline 0.005 -21"><span class='ocrx_word' id='word_1_223' title='bbox 283 3451 352 3516; x_wconf 85' lang='lat' dir='ltr'><em>sive</em></span> <span class='ocrx_word' id='word_1_224' title='bbox 367 3451 485 3516; x_wconf 88' lang='lat' dir='ltr'><em>bullam</em></span> <span class='ocrx_word' id='word_1_225' title='bbox 505 3451 632 3518; x_wconf 79' lang='lat' dir='ltr'><em>Martini</em></span> <span class='ocrx_word' id='word_1_226' title='bbox 648 3454 683 3519; x_wconf 90' lang='lat' dir='ltr'><em>V.</em></span> <span class='ocrx_word' id='word_1_227' title='bbox 708 3457 883 3537; x_wconf 82' lang='lat' dir='ltr'><em>potttiitcis.</em></span> <span class='ocrx_word' id='word_1_228' title='bbox 908 3457 953 3522; x_wconf 88' lang='lat' dir='ltr'><em>lta</em></span> <span class='ocrx_word' id='word_1_229' title='bbox 976 3458 1092 3522; x_wconf 88' lang='lat' dir='ltr'><em>iactum</em></span> <span class='ocrx_word' id='word_1_230' title='bbox 1113 3474 1370 3523; x_wconf 73' lang='lat' dir='ltr'><em>annectamus.</em></span> 
     </span>
     <span class='ocr_line' id='line_1_32' title="bbox 285 3550 1371 3639; baseline 0.006 -25"><span class='ocrx_word' id='word_1_231' title='bbox 285 3568 398 3624; x_wconf 65' lang='lat' dir='ltr'><em>ctum„</em></span> <span class='ocrx_word' id='word_1_232' title='bbox 416 3551 467 3617; x_wconf 86' lang='lat' dir='ltr'><em>oie</em></span> <span class='ocrx_word' id='word_1_233' title='bbox 483 3550 523 3614; x_wconf 75' lang='lat' dir='ltr'><em>ii</em></span> <span class='ocrx_word' id='word_1_234' title='bbox 538 3554 730 3630; x_wconf 87' lang='lat' dir='ltr'><em>decembris,</em></span> <span class='ocrx_word' id='word_1_235' title='bbox 748 3557 1030 3622; x_wconf 86' lang='lat' dir='ltr'><em>vice-cancettatio</em></span> <span class='ocrx_word' id='word_1_236' title='bbox 1051 3556 1225 3622; x_wconf 89' lang='lat' dir='ltr'><em>substituto</em></span> <span class='ocrx_word' id='word_1_237' title='bbox 1241 3559 1371 3639; x_wconf 82' lang='lat' dir='ltr'><em>Aeptdto</em></span> 
     </span>
     <span class='ocr_line' id='line_1_33' title="bbox 286 3649 1371 3739; baseline 0.006 -25"><span class='ocrx_word' id='word_1_238' title='bbox 286 3649 463 3738; x_wconf 82' lang='lat' dir='ltr'><em>Botitiocut,</em></span> <span class='ocrx_word' id='word_1_239' title='bbox 482 3651 515 3726; x_wconf 87' lang='lat' dir='ltr'><em>S.</em></span> <span class='ocrx_word' id='word_1_240' title='bbox 533 3652 712 3736; x_wconf 82' lang='lat' dir='ltr'><em>theologiae</em></span> <span class='ocrx_word' id='word_1_241' title='bbox 728 3657 874 3730; x_wconf 82' lang='lat' dir='ltr'><em>uectore,</em></span> <span class='ocrx_word' id='word_1_242' title='bbox 892 3671 987 3737; x_wconf 81' lang='lat' dir='ltr'><em>qoem</em></span> <span class='ocrx_word' id='word_1_243' title='bbox 1006 3657 1036 3719; x_wconf 90' lang='lat' dir='ltr'><em>in</em></span> <span class='ocrx_word' id='word_1_244' title='bbox 1054 3673 1089 3721; x_wconf 93' lang='lat' dir='ltr'><em>ea</em></span> <span class='ocrx_word' id='word_1_245' title='bbox 1103 3655 1266 3722; x_wconf 88' lang='lat' dir='ltr'><em>tuttctione</em></span> <span class='ocrx_word' id='word_1_246' title='bbox 1279 3671 1371 3739; x_wconf 88' lang='lat' dir='ltr'><em>prae-</em></span> 
     </span>
     <span class='ocr_line' id='line_1_34' title="bbox 288 3749 1375 3836; baseline 0.006 -22"><span class='ocrx_word' id='word_1_247' title='bbox 288 3749 387 3814; x_wconf 83' lang='lat' dir='ltr'><em>cessit</em></span> <span class='ocrx_word' id='word_1_248' title='bbox 412 3752 607 3816; x_wconf 87' lang='lat' dir='ltr'><em>tteimericns</em></span> <span class='ocrx_word' id='word_1_249' title='bbox 633 3755 670 3818; x_wconf 91' lang='lat' dir='ltr'><em>de</em></span> <span class='ocrx_word' id='word_1_250' title='bbox 696 3755 823 3836; x_wconf 86' lang='lat' dir='ltr'><em>Campo,</em></span> <span class='ocrx_word' id='word_1_251' title='bbox 852 3755 904 3835; x_wconf 87' lang='lat' dir='ltr'><em>qui</em></span> <span class='ocrx_word' id='word_1_252' title='bbox 933 3765 965 3819; x_wconf 90' lang='lat' dir='ltr'><em>et</em></span> <span class='ocrx_word' id='word_1_253' title='bbox 990 3755 1286 3821; x_wconf 83' lang='lat' dir='ltr'><em>vice-cancellarius</em></span> <span class='ocrx_word' id='word_1_254' title='bbox 1317 3755 1375 3820; x_wconf 91' lang='lat' dir='ltr'><em>tuit</em></span> 
     </span>
     <span class='ocr_line' id='line_1_35' title="bbox 290 3847 1375 3936; baseline 0.006 -24"><span class='ocrx_word' id='word_1_255' title='bbox 290 3847 506 3936; x_wconf 75' lang='lat' dir='ltr'><em>boloniensis.</em></span> <span class='ocrx_word' id='word_1_256' title='bbox 530 3851 725 3918; x_wconf 87' lang='lat' dir='ltr'><em>Successete</em></span> <span class='ocrx_word' id='word_1_257' title='bbox 741 3871 818 3919; x_wconf 86' lang='lat' dir='ltr'><em>vero</em></span> <span class='ocrx_word' id='word_1_258' title='bbox 840 3855 976 3919; x_wconf 85' lang='lat' dir='ltr'><em>tuauttes</em></span> <span class='ocrx_word' id='word_1_259' title='bbox 994 3855 1115 3918; x_wconf 84' lang='lat' dir='ltr'><em>Briacrt</em></span> <span class='ocrx_word' id='word_1_260' title='bbox 1139 3865 1169 3920; x_wconf 92' lang='lat' dir='ltr'><em>et</em></span> <span class='ocrx_word' id='word_1_261' title='bbox 1193 3855 1375 3922; x_wconf 85' lang='lat' dir='ltr'><em>Guitieimus</em></span> 
     </span>
     <span class='ocr_line' id='line_1_36' title="bbox 291 3949 1372 4035; baseline 0.006 -24"><span class='ocrx_word' id='word_1_262' title='bbox 291 3949 329 4011; x_wconf 89' lang='lat' dir='ltr'><em>de</em></span> <span class='ocrx_word' id='word_1_263' title='bbox 350 3949 475 4030; x_wconf 87' lang='lat' dir='ltr'><em>Vionen,</em></span> <span class='ocrx_word' id='word_1_264' title='bbox 499 3950 532 4014; x_wconf 89' lang='lat' dir='ltr'><em>S.</em></span> <span class='ocrx_word' id='word_1_265' title='bbox 558 3953 736 4034; x_wconf 80' lang='lat' dir='ltr'><em>theologiae</em></span> <span class='ocrx_word' id='word_1_266' title='bbox 761 3954 920 4035; x_wconf 87' lang='lat' dir='ltr'><em>magistri,</em></span> <span class='ocrx_word' id='word_1_267' title='bbox 952 3954 1026 4020; x_wconf 88' lang='lat' dir='ltr'><em>item</em></span> <span class='ocrx_word' id='word_1_268' title='bbox 1058 3953 1181 4020; x_wconf 89' lang='lat' dir='ltr'><em>Gobrtei</em></span> <span class='ocrx_word' id='word_1_269' title='bbox 1209 3956 1246 4018; x_wconf 87' lang='lat' dir='ltr'><em>de</em></span> <span class='ocrx_word' id='word_1_270' title='bbox 1274 3957 1372 4032; x_wconf 83' lang='lat' dir='ltr'><em>Mero,</em></span> 
     </span>
     <span class='ocr_line' id='line_1_37' title="bbox 290 4046 1375 4133; baseline 0.007 -21"><span class='ocrx_word' id='word_1_271' title='bbox 290 4046 373 4130; x_wconf 87' lang='lat' dir='ltr'><em>jnris</em></span> <span class='ocrx_word' id='word_1_272' title='bbox 390 4049 556 4130; x_wconf 85' lang='lat' dir='ltr'><em>utriusque</em></span> <span class='ocrx_word' id='word_1_273' title='bbox 571 4053 695 4126; x_wconf 83' lang='lat' dir='ltr'><em>uector,</em></span> <span class='ocrx_word' id='word_1_274' title='bbox 720 4069 737 4115; x_wconf 90' lang='lat' dir='ltr'><em>a</em></span> <span class='ocrx_word' id='word_1_275' title='bbox 761 4053 832 4118; x_wconf 90' lang='lat' dir='ltr'><em>solo</em></span> <span class='ocrx_word' id='word_1_276' title='bbox 855 4056 1038 4133; x_wconf 85' lang='lat' dir='ltr'><em>praeposito</em></span> <span class='ocrx_word' id='word_1_277' title='bbox 1061 4054 1266 4133; x_wconf 89' lang='lat' dir='ltr'><em>substitutus,</em></span> <span class='ocrx_word' id='word_1_278' title='bbox 1285 4065 1319 4121; x_wconf 92' lang='lat' dir='ltr'><em>nt</em></span> <span class='ocrx_word' id='word_1_279' title='bbox 1334 4055 1375 4120; x_wconf 88' lang='lat' dir='ltr'><em>de</em></span> 
     </span>
     <span class='ocr_line' id='line_1_38' title="bbox 292 4147 1373 4238; baseline 0.007 -28"><span class='ocrx_word' id='word_1_280' title='bbox 292 4161 333 4218; x_wconf 86' lang='lat' dir='ltr'><em>eo</em></span> <span class='ocrx_word' id='word_1_281' title='bbox 355 4147 449 4216; x_wconf 86' lang='lat' dir='ltr'><em>fldem</em></span> <span class='ocrx_word' id='word_1_282' title='bbox 474 4149 592 4214; x_wconf 87' lang='lat' dir='ltr'><em>iaciunt</em></span> <span class='ocrx_word' id='word_1_283' title='bbox 613 4151 690 4216; x_wconf 78' lang='lat' dir='ltr'><em>Acta</em></span> <span class='ocrx_word' id='word_1_284' title='bbox 713 4153 787 4216; x_wconf 87' lang='lat' dir='ltr'><em>anni</em></span> <span class='ocrx_word' id='word_1_285' title='bbox 811 4151 902 4229; x_wconf 76' lang='lat' dir='ltr'><em>iiiiii,</em></span> <span class='ocrx_word' id='word_1_286' title='bbox 926 4151 977 4218; x_wconf 86' lang='lat' dir='ltr'><em>oie</em></span> <span class='ocrx_word' id='word_1_287' title='bbox 1000 4151 1030 4215; x_wconf 86' lang='lat' dir='ltr'><em>xi</em></span> <span class='ocrx_word' id='word_1_288' title='bbox 1046 4153 1189 4234; x_wconf 62' lang='lat' dir='ltr'><em>augusto</em></span> <span class='ocrx_word' id='word_1_289' title='bbox 1212 4153 1373 4238; x_wconf 83' lang='lat' dir='ltr'><em>longoque</em></span> 
     </span>
    </p>
   </div>
   <div class='ocr_carea' id='block_1_4' title="bbox 0 0 1672 4944">
    <p class='ocr_par' dir='ltr' id='par_1_5' title="bbox 0 0 1672 4944">
     <span class='ocr_line' id='line_1_39' title="bbox 0 0 1672 4944; baseline 0 0"><span class='ocrx_word' id='word_1_290' title='bbox 0 0 1672 4944; x_wconf 95' lang='lat' dir='ltr'><em> </em></span> 
     </span>
    </p>
   </div>
  </div>
 </body>
</html>
