3260 4944
755 401 939 466 ..3ι6-

304 585 450 661 alorma,
467 599 529 666 qua
548 583 644 665 jacet,
661 591 783 648 attento
806 582 891 665 quod
910 583 1000 664 plura
1023 587 1097 646 sunt
1121 587 1238 646 statuta
1262 579 1387 660 pridem

306 685 494 758 »ordinata
512 699 574 764 que
596 683 628 746 in
652 691 770 748 tantam
790 682 991 748 deuenerunt
1013 679 1255 762 abrogationem
1275 685 1307 743 et
1321 676 1388 743 dia

306 805 320 843 ι
337 782 541 848 suetudinem
557 781 642 864 quud
661 781 750 846 nullo
763 781 859 847 modo
874 787 1057 853 seruantur.
1076 795 1200 860 ponens
1213 776 1248 858 jn
1264 775 1387 841 delibe-

306 903 320 942 ι
338 882 462 947 ratione
473 881 676 946 dominorum
692 898 731 945 an
745 879 832 962 jdem
850 880 1001 960 magister
1017 879 1206 960 Gbpnbertus
1222 885 1389 958 promotor

307 1003 321 1042 ι
338 980 467 1046 babebit
483 990 628 1061 prestare
640 980 762 1060 ididem
780 980 945 1062 antiquum
957 979 1173 1060 iuramentum
1187 976 1237 1056 vel
1254 991 1385 1040 nonum.

307 1079 442 1160 »Super
470 1096 534 1160 uuo
564 1079 756 1144 uniuersitas
786 1078 970 1144 deliberans
1006 1076 1170 1152 commisit
1199 1073 1327 1156 Rectorj
1356 1081 1389 1138 et

308 1200 321 1238 ι
340 1177 511 1259 deputatis,
530 1187 561 1243 et
583 1177 669 1260 quod
692 1177 754 1259 ipsi
778 1177 908 1243 visitent
927 1175 1143 1258 juramentum
1167 1173 1332 1254 antiquum
1357 1180 1389 1236 et

309 1299 322 1336 ι
340 1277 488 1342 ordinent
504 1277 565 1342 sub
581 1293 643 1359 qua
660 1277 761 1342 torma
777 1277 958 1342 antedictus
983 1279 1149 1355 promotor
1161 1273 1281 1355 ididem
1300 1289 1389 1354 prea-

308 1400 323 1437 ι
342 1385 409 1442 tare
425 1375 553 1441 babebit
568 1393 640 1440 eum
658 1375 813 1440 relatione
828 1385 933 1440 tamen
957 1375 996 1438 ad
1013 1373 1266 1439 uniuersitatem.
1283 1373 1389 1436 stota

308 1474 334 1538 U
338 1474 532 1562 niversitatis
547 1474 587 1538 ad
603 1475 688 1540 diem
704 1474 743 1538 30
760 1474 832 1538 maii
850 1473 943 1538 1495.

348 1604 399 1670 20.
425 1605 534 1671 Daniel
550 1609 690 1680 Martini,
708 1615 894 1688 assumptus
909 1605 1076 1687 ajanuarii
1095 1604 1185 1668 libi.

350 1703 515 1786 «insuper
529 1705 671 1770 narrauit
688 1707 723 1770 b.
741 1703 858 1771 Reotor
872 1705 1010 1787 qualiter
1025 1703 1060 1786 ju
1077 1704 1161 1768 dieta
1180 1698 1388 1782 deputatione

310 1819 380 1869 »ex
395 1803 536 1868 unanimi
560 1803 792 1870 deliberatione
815 1803 1017 1885 singulorum
1041 1803 1245 1868 dominorum
1266 1799 1389 1882 jbidem

309 1913 608 1984 anoogregatorum
651 1904 840 1968 conclusum
883 1903 985 1969 extitit
1026 1901 1190 1967 dominum
1233 1897 1389 1964 Danielem

313 2003 471 2068 alinrtini
497 2001 717 2082 recipiendum
743 2002 873 2084 esseio
902 2003 1060 2068 sinrlieum
1087 2017 1145 2066 seu
1173 2007 1391 2081 promotorem

312 2123 326 2161 ιι
343 2101 564 2167 uniuersitatis
585 2111 735 2184 munnam
750 2101 889 2167 habilem
912 2111 945 2167 et
965 2103 1126 2182 ydoneum
1153 2100 1193 2163 ad
1210 2093 1393 2163 huiusmodi

312 2199 479 2264 »offitium
505 2201 728 2276 obtinendum,
757 2217 880 2282 ponens
907 2209 1078 2282 eapropter
1105 2199 1137 2262 in
1163 2195 1396 2263 deliberatione

314 2317 327 2358 n
345 2298 548 2364 dominorum
562 2317 600 2364 an
615 2299 832 2382 placentquod
843 2298 1143 2382 prelatusdominus
1153 2296 1261 2362 Daniel
1273 2293 1394 2376 jdjdem

311 2421 329 2457 ιι
343 2395 478 2463 offitium
493 2399 647 2464 obtineat.
665 2400 844 2482 Superque
860 2399 1054 2462 uniuersitas
1074 2395 1258 2461 deliberans
1281 2407 1396 2474 aueep·

313 2521 328 2558 ιι
346 2498 573 2564 tauiteundem
593 2499 758 2563 dominum
774 2499 929 2562 Danielem
946 2497 980 2578 in
1004 2497 1162 2562 sindioum
1185 2501 1217 2560 et
1233 2500 1396 2575 promoto·

314 2617 330 2658 a
346 2613 413 2661 rem
430 2597 648 2662 uniuersitatis
663 2612 800 2677 eumque
816 2605 847 2660 vt
864 2595 958 2660 talem
974 2595 1212 2660 constituerunt
1224 2591 1259 2673 jn
1272 2588 1396 2656 meliori

314 2717 330 2754 ιι
348 2695 461 2758 lorma.
478 2718 492 2754 ι
510 2697 585 2760 llottt
601 2693 824 2760 Universitatis
839 2694 878 2758 ad
894 2694 978 2760 diem
994 2693 1163 2775 ajanuarii
1180 2691 1273 2755 libi.

355 2825 405 2890 il.
429 2825 570 2892 loannes
596 2827 723 2906 Enpnnp
745 2825 951 2892 constituitur
973 2835 1139 2906 promotor
1158 2823 1198 2887 ii
1217 2819 1399 2888 decembris

313 2924 407 3001 ttae,
424 2935 520 3007 atque
536 2941 607 3006 pust
624 2940 742 2990 annum
758 2923 898 2990 officium
914 2943 1008 2990 suurn
1027 2923 1180 3006 resignat.

358 3057 525 3138 «insuper
562 3057 704 3138 narrauit
739 3058 890 3122 dominus
926 3057 1044 3122 lleotor
1078 3056 1216 3137 qualiter
1244 3054 1399 3120 ¹lobouner

317 3179 333 3219 ι
350 3156 479 3236 liopnop
496 3165 685 3236 procurator
703 3156 864 3220 curiarum
888 3155 1092 3221 dominorum
1110 3153 1258 3220 lieetoris
1275 3159 1308 3218 et
1322 3167 1400 3217 oon·

318 3277 333 3316 ι
351 3255 530 3320 seruatoris
547 3254 741 3336 snpplicauit
755 3256 879 3320 admitti
902 3256 940 3319 ad
958 3254 1094 3320 offitium
1119 3251 1317 3334 promotorie
1332 3249 1402 3314 vni·

318 3377 333 3414 ι
352 3351 517 3418 uersitatis
530 3362 561 3418 et
572 3353 699 3436 adiungi
714 3355 868 3419 moderno
882 3354 1072 3436 promotori,
1091 3369 1215 3434 ponens
1230 3359 1404 3432 eapropter

320 3474 334 3511 ι
348 3449 383 3530 jn
399 3449 631 3516 deliberatione
645 3451 849 3518 dominorum
865 3467 905 3516 an
923 3453 1047 3534 placeat
1062 3451 1200 3516 eundem
1221 3448 1403 3513 admittere.
1517 3521 1522 3528 ‚

319 3549 456 3629 »Super
482 3567 546 3631 ouo
570 3551 763 3617 uniuersitas
788 3552 974 3617 deliberans
996 3551 1134 3616 eundem
1164 3548 1336 3615 Jobrnnem
1362 3545 1401 3610 ad

322 3671 336 3709 ι
353 3648 486 3714 offitium
504 3651 703 3731 promotorie
726 3660 903 3732 pretaotum
919 3649 1048 3714 admisit
1071 3665 1209 3729 euinque
1226 3644 1401 3728 promoturi

321 3749 510 3814 »moderno
531 3749 676 3823 adiunxit
698 3749 790 3816 saluo
809 3749 991 3830 juramento
1014 3757 1183 3814 eortsuelo.
1201 3769 1214 3808 ι
1232 3747 1311 3811 Auta
1326 3742 1405 3808 Uni·

319 3846 485 3912 versitatis
500 3849 538 3912 ad
554 3848 639 3914 diem
654 3849 694 3912 22
710 3847 892 3914 decembris
910 3847 1002 3912 1498.

364 3968 381 4002 ιι
399 3947 622 4012 brumetonam
650 3948 743 4022 alter,
765 3947 913 4012 videlieet
938 3947 1047 4010 Daniel
1062 3947 1193 4012 Martini
1215 3940 1409 4025 supplioauit

326 4043 519 4110 »dumtaxat
534 4045 716 4111 continuari
737 4045 841 4126 quoad
865 4061 979 4111 causas
1002 4044 1108 4108 adbun
1128 4041 1303 4116 indemens,
1325 4039 1410 4104 alter

323 4163 340 4204 ι
358 4159 434 4208 uero
456 4143 605 4212 videlieet
625 4143 783 4210 Joltoanea
798 4145 927 4225 liupatop
946 4142 1136 4224 simpliciter
1151 4157 1246 4206 auum
1271 4137 1409 4206 oliltium
