3246 4944
661 438 848 516 -coa-
1106 455 1123 498 κ

216 637 285 697 lum
316 630 486 697 severitate
515 632 652 698 studiosi
682 633 721 697 ab
751 633 963 700 Universitate
993 633 1234 701 deterreantur.
1267 636 1304 702 tt

216 729 374 812 siquidem
391 730 584 811 aufugerint,
603 731 831 796 abscindantur
847 740 878 797 et
893 732 1141 813 proclamentur,
1159 741 1303 816 utsupra

217 829 338 895 dictum
354 837 415 894 est.
770 847 775 856 ·

721 962 798 1026 XVI.

258 1094 290 1156 Si
320 1102 425 1160 autem
456 1093 612 1177 quispiam
644 1095 685 1158 ita
715 1094 925 1160 criminaliter
956 1095 1139 1177 deliquerit,
1165 1104 1199 1161 ut
1227 1113 1303 1162 reus

217 1196 331 1260 mortis
354 1194 542 1274 reperiatur,
560 1201 591 1258 et
614 1194 747 1258 sceleris
771 1194 923 1258 atrocitas
948 1195 1034 1257 nulla
1052 1196 1154 1275 possit
1170 1213 1303 1260 excusa·

217 1293 303 1356 tione
317 1292 457 1374 purgari,
468 1293 507 1356 ab
519 1292 733 1357 Universitate
746 1292 953 1358 abscindatur
968 1301 1000 1358 et
1016 1293 1149 1359 braobio
1164 1293 1301 1359 seculari

215 1391 408 1472 competenti
428 1407 529 1472 poena
548 1391 738 1473 plectendus
755 1391 913 1457 tradatur.

713 1539 808 1603 XVII.
927 1604 929 1609 .

262 1672 371 1744 l‘orro,
391 1681 423 1736 ut
439 1669 659 1736 lundatIonum
676 1688 733 1736 seu
750 1670 921 1738 bursarum
937 1672 969 1735 in
986 1672 1069 1736 dicta
1091 1673 1303 1738 Universitate

218 1787 234 1834 a
260 1771 322 1852 piis
345 1769 422 1835 viris
440 1769 634 1846 relictarum,
652 1786 734 1851 quae
751 1771 847 1836 nullis
864 1781 939 1836 sunt
955 1771 1101 1852 collegiis
1118 1771 1310 1846 adstrIctae,

216 1869 321 1932 debita
338 1868 492 1933 babeatur
506 1868 600 1944 ratio,
618 1868 744 1934 curabit
763 1869 891 1944 Rector,
911 1877 943 1934 ut
959 1885 1072 1934 omnes
1090 1869 1169 1935 tales
1193 1870 1305 1934 lunda·

218 1969 322 2034 tiones
338 1984 410 2032 cum
424 1967 664 2048 specificatione
678 1966 836 2032 bonorum
852 1967 1039 2032 earumdem
1053 1967 1142 2048 iuxta
1159 1968 1305 2033 ordinem
1347 2003 1352 2010 ·

218 2077 395 2147 temporum
423 2065 454 2128 ln
481 2075 570 2131 certo
597 2065 734 2146 registro
760 2066 998 2132 describantur.
1015 2066 1107 2142 Quod
1131 2067 1305 2150 registrum

215 2166 245 2228 in
262 2165 402 2231 archivis
419 2164 644 2230 Universitatis
660 2165 907 2248 diligentissime
923 2166 1129 2232 observetur.

702 2330 813 2395 XVIII.

257 2463 342 2536 Quae
372 2481 447 2528 vero
477 2463 623 2544 collegiis
653 2457 825 2527 adstrictae
859 2463 907 2528 vel
946 2452 1170 2545 incorporatae
1206 2473 1294 2540 sunt,

216 2571 364 2628 accurate
380 2563 596 2628 inscribantur
611 2563 642 2626 in
658 2563 806 2643 registris
822 2579 933 2628 corum
951 2563 1299 2644 collegiorum,quibus

216 2671 293 2726 sunt
320 2663 555 2743 incorporatae,
581 2673 611 2727 et
641 2661 680 2726 de
710 2661 846 2744 singulis
876 2663 1019 2727 omnium
1051 2662 1203 2727 reddatur
1234 2669 1299 2728 rata

216 2763 277 2826 bos
293 2761 388 2827 modo
407 2784 414 2824 :

675 2887 677 2890 ’
716 2894 798 2958 XIX.

258 3025 413 3090 Nimimm
437 3042 557 3099 earum,
577 3042 658 3108 quae
683 3043 745 3090 non
769 3026 886 3092 babent
903 3025 1082 3106 pecuIIaros
1100 3026 1297 3106 provisores

217 3126 390 3190 reddentur
420 3135 590 3206 computus
620 3125 793 3207 quotannis
823 3126 950 3190 Rectori
981 3134 1011 3190 et
1047 3125 1217 3206 deputatis,
1245 3133 1300 3189 aut

216 3225 328 3289 saltem
352 3224 511 3306 aliquibus
532 3241 548 3288 a
572 3224 708 3288 Rectoro
724 3223 762 3286 ad
780 3225 811 3286 id
828 3233 916 3290 extra
932 3224 1078 3288 ordinem
1095 3224 1299 3304 deputandis.

215 3323 391 3405 computus
422 3340 497 3388 vero
527 3323 761 3397 fundationum,
793 3340 876 3404 quae
906 3331 982 3387 sunt
1011 3323 1042 3386 in
1081 3323 1237 3403 collegiis,
1269 3331 1302 3389 et

214 3421 335 3487 babent
369 3433 477 3488 certos
514 3422 711 3503 provisores,
745 3439 834 3488 more
864 3421 928 3503 iam
959 3430 1089 3503 recepto
1118 3422 1157 3486 ab
1187 3421 1300 3487 iisdem

218 3521 398 3598 audientur,
420 3529 514 3602 atque
536 3521 584 3585 alo
607 3521 705 3586 auditi
728 3531 759 3586 et
782 3521 949 3602 approbati
973 3520 1149 3587 offerentur
1172 3519 1299 3586 Rectori

217 3629 250 3685 et
264 3620 437 3701 ‹leputatis
456 3629 487 3684 nt
502 3620 549 3685 eis
565 3629 692 3686 constet
707 3621 838 3686 eosdem
856 3629 1026 3701 computus
1049 3637 1123 3686 esso
1145 3618 1299 3685 redditos.

724 3768 792 3832 XX.

259 3901 296 3966 bt
325 3901 581 3982 quandoquidem
611 3907 676 3965 tum
707 3901 795 3974 olim,
821 3909 886 3965 tum
914 3901 1007 3967 etiam
1034 3901 1225 3966 durantibus
1251 3899 1301 3964 bis

217 4000 401 4066 novlssimis
426 4000 538 4072 turbis,
555 4001 640 4064 diota
665 3999 860 4065 Universitas
885 4018 946 4065 uua
968 4017 1039 4065 oum
1057 4001 1185 4065 civitate
1203 4000 1302 4066 multo

217 4116 291 4164 aure
310 4099 415 4164 alieno
439 4117 512 4164 sese
535 4099 767 4174 obseravitita
793 4107 826 4163 ut
848 4099 983 4180 triplicia
1006 4116 1103 4164 ortem
1127 4099 1301 4164 cerevisiae

219 4200 284 4264 sint
300 4199 461 4280 imposita,
478 4215 516 4262 ex
533 4198 649 4279 quibus
667 4215 763 4263 unum
780 4199 874 4264 etiam
892 4199 930 4264 ad
955 4199 1062 4263 vinum
1086 4215 1122 4264 se
1144 4198 1298 4274 extendit,
