3246 4944
759 430 942 508 —608-

780 642 919 706 XXVlll.

348 777 379 843 Si
405 787 510 843 autern
538 775 693 859 praedicti
721 775 866 858 graduali
894 775 925 838 in
952 791 1012 838 suo
1039 773 1207 855 quiescant
1232 773 1330 857 gradu
1362 771 1395 838 et

308 879 412 943 nullas
443 886 641 942 mercaturas
671 883 851 954 exerceant,
884 873 1009 940 etiamsi
1047 874 1284 940 commensales
1319 883 1392 938 actu

307 978 473 1046 studentes
504 977 599 1050 alant,
625 977 707 1042 inter
737 973 962 1040 Universitatis
992 982 1095 1038 tamen
1120 989 1194 1038 vera
1225 973 1392 1054 supposita

309 1077 573 1144 numerabuntur.

799 1189 913 1252 XXlX.

348 1325 460 1401 Porro,
475 1323 558 1389 sicul
571 1323 615 1386 illi
628 1321 680 1404 qui
694 1323 726 1386 in
739 1321 916 1388 ministeriu
928 1330 1003 1388 sunt
1018 1321 1254 1398 Universitatis,
1267 1321 1392 1387 etiamsi

307 1441 366 1489 nec
381 1423 528 1489 studeant
544 1440 603 1489 nec
621 1421 719 1487 ullum
744 1421 876 1504 gradum
901 1421 1050 1496 habeant,
1067 1429 1243 1488 censentur
1265 1421 1305 1486 de
1321 1437 1394 1485 cor·

308 1540 385 1604 pore
402 1522 638 1596 universitatis,
659 1521 793 1603 eiusque
816 1519 993 1602 privilegiis
1018 1521 1169 1586 fruuntur
1191 1530 1222 1586 et
1237 1520 1392 1601 gaudent,

308 1623 349 1686 ita
375 1622 444 1688 vice
470 1638 563 1687 versa
590 1619 782 1702 quicumque
809 1628 884 1684 sunl
911 1619 943 1682 in
970 1619 1154 1698 magistratu
1182 1619 1230 1684 vel
1259 1617 1392 1684 seruitio

308 1721 505 1801 permanenti
536 1719 685 1794 ciuitatis,
716 1735 811 1799 quarn
841 1717 960 1783 dudum
1000 1719 1032 1782 in
1068 1736 1107 1784 eo
1144 1728 1230 1794 suut,
1264 1717 1390 1784 etiamsi

307 1820 449 1902 graduali
466 1819 541 1896 sint,
558 1817 775 1884 censebuntur
791 1818 999 1898 imposterum
1020 1817 1060 1884 de
1081 1835 1219 1898 corpore
1239 1817 1392 1894 civitatis,

307 1929 339 1988 et
355 1919 492 1986 seculari
506 1916 722 2001 jurisdictioni
740 1916 888 1996 subjecti.

802 2065 898 2130 XXX.

351 2200 465 2264 Verum
482 2198 632 2264 licentiati
648 2198 851 2280 superiorum
868 2199 1062 2274 facultatum,
1080 2198 1133 2280 qui
1157 2199 1251 2264 modo
1267 2197 1393 2264 suntin

309 2299 415 2379 aliquo
432 2297 538 2363 stabili
554 2296 661 2363 officio
677 2297 726 2362 vel
752 2297 931 2363 ministerio
953 2297 1102 2373 civitatis,
1121 2297 1142 2361 ii
1160 2295 1394 2378 permanebunt

308 2399 346 2461 ad
363 2397 458 2462 vitam
476 2397 506 2460 in
531 2397 742 2477 possessione
766 2395 1004 2478 privilegiorum
1021 2396 1246 2462 Universitatis
1261 2403 1291 2461 et
1308 2395 1394 2459 inter

309 2514 382 2562 veru
399 2496 564 2578 supposita
581 2496 812 2562 censebuntur.
1236 2499 1242 2512 ⁶

794 2643 906 2708 xxm.

353 2776 474 2854 Tertio,
496 2776 655 2858 provenis
675 2777 853 2858 suppositis
875 2776 1076 2842 habebuntur
1096 2793 1210 2842 omnes
1226 2777 1395 2843 scholares

316 2874 463 2940 intitulati
480 2881 511 2940 et
527 2885 598 2941 actu
613 2875 781 2942 studentes
797 2875 990 2959 scholasque
1007 2877 1256 2958 frequentantes.
1284 2881 1289 2884 ’
1370 2929 1374 2936 .

793 3025 919 3089 XXXll.

356 3157 485 3234 Quarto,
517 3158 623 3223 omnia
658 3157 852 3224 monasteria
882 3157 1084 3224 Universilali
1116 3158 1331 3238 incorporata,
1365 3157 1396 3220 in

314 3257 430 3338 quibus
445 3257 530 3338 viget
545 3257 699 3348 studium.

787 3389 925 3454 XXXlll.

234 3523 237 3530 ’
355 3519 484 3595 Quinto,
502 3536 614 3585 omnes
629 3519 743 3585 viduae
758 3519 926 3586 doctorum
950 3528 981 3585 et
997 3519 1231 3586 licentiatorum
1248 3519 1395 3600 superio-

313 3634 383 3683 rum
406 3619 602 3696 facultatum,
627 3635 720 3700 quam
745 3619 863 3684 dudum
887 3620 919 3681 in
943 3636 1001 3684 sua
1030 3628 1157 3684 manent
1182 3619 1336 3684 viduitate
1363 3629 1395 3684 et

313 3717 528 3782 conditionem
555 3718 803 3800 qualitatemque
830 3734 920 3782 suam
949 3735 1012 3784 nou
1040 3719 1217 3794 immutant,
1246 3734 1305 3784 neo
1332 3717 1395 3782 nlla

303 3826 462 3882 'exercent
477 3816 681 3882 commercia.

787 3948 924 4013 xxxiv.

355 4079 462 4153 Sexto,
489 4095 602 4144 omnes
631 4079 698 4144 reri
728 4085 758 4144 el
784 4081 881 4161 jurati
910 4080 1125 4161 inpressorcs,
1153 4079 1339 4144 venditores
1365 4089 1398 4144 et

315 4189 537 4260 compactores
552 4181 707 4247 librorum
723 4183 763 4247 ab
778 4182 992 4249 Universitate
1015 4183 1147 4248 admissi
1167 4191 1197 4246 ct
1214 4183 1395 4264 approbati,

316 4278 401 4343 nulla
417 4279 573 4344 secularia
588 4279 779 4346 commercia
795 4297 852 4362 per
867 4297 902 4345 se
918 4290 1118 4348 exercentes.
