3260 4944
731 507 777 534 -’
795 483 853 550 att
877 515 919 536 ι-

264 667 333 732 eis.
349 665 494 748 benique
506 663 672 732 taxatores
689 665 848 732 ainornm.
866 668 911 734 bo
931 682 1070 750 qnorum
1088 667 1231 734 omnium
1247 666 1367 734 officiis

264 765 388 831 ridere
409 765 485 830 iicet
506 766 611 830 simae
630 765 857 831 Universitatis
879 775 1009 842 statuta,
1034 781 1073 833 eo
1099 766 1214 832 ordine
1238 762 1303 850 qub
1322 783 1363 833 ea

277 864 696 943 concredensuimnstiir.
713 863 867 941 noturus,
884 863 969 930 bnt.
982 867 1118 941 bonon.
1136 865 1189 930 ed.
1212 865 1366 986 licitam

266 961 349 1043 ti,p.
366 962 438 1026 tat.
868 978 880 991 “
1334 994 1337 1003 ·

258 1205 263 1218 ,
320 1129 365 1196 bc
379 1129 601 1192 disteteru-
624 1127 826 1194 «Dictatoris
850 1126 993 1194 officinm
1015 1137 1067 1194 est
1089 1127 1213 1210 litteras
1226 1087 1367 1193 nomine

273 1225 505 1292 vainei-sitatis
540 1226 753 1305 scriberent,
786 1226 915 1308 quotics
948 1236 980 1292 et
1008 1226 1275 1308 quandocumque
1308 1242 1366 1308 per

267 1324 317 1390 udi
334 1325 516 1400 Rectorem,
534 1326 583 1412 rei
599 1323 696 1390 etiam
712 1341 730 1390 a
747 1325 892 1406 partibus
907 1325 1030 1390 litteras
1046 1325 1241 1409 petentibus,
1258 1325 1366 1408 requi·

277 1425 362 1490 situs
375 1423 467 1490 iuerat
473 1441 632 1504 caussis,
642 1440 674 1486 nn
685 1424 885 1505 qmbusrpse
897 1423 1192 1500 tuernadvocatm
1205 1425 1364 1506 exceptam

259 1515 425 1604 jn'ratque
439 1521 470 1586 in
486 1522 696 1602 susceptione
709 1523 864 1596 muneris,
881 1523 966 1606 quod
980 1523 1111 1604 officium
1123 1524 1281 1588 dictatorie
1290 1524 1367 1604 bde-

261 1623 346 1688 Aiter
359 1621 524 1696 exercebit,
542 1629 571 1698 et
587 1622 669 1703 qnod
682 1623 783 1688 scieris
798 1622 875 1686 nibil
889 1622 1013 1698 scribet,
1030 1622 1110 1705 quod
1122 1624 1221 1704 posuit
1240 1641 1309 1688 erae
1318 1622 1367 1699 pet

273 1723 422 1785 cedere
411 1739 444 1783 tn
465 1738 506 1802 pr
508 1722 694 1802 ocpndrcrum
723 1721 938 1786 draioersr'turtr
963 1722 1009 1785 uei
1031 1721 1262 1804 prioiiepiornm
1287 1720 1365 1802 ejus.

265 1821 367 1885 ⁴Sciet
382 1835 460 1885 vero
481 1835 622 1883 annuum
643 1821 705 1884 hoc
724 1835 799 1884 esse
819 1819 973 1896 officium,
990 1828 1086 1900 atque
1106 1817 1181 1902 eligi
1197 1820 1247 1884 vei
1263 1812 1367 1884 conti·

279 1917 371 1982 nuuri
387 1917 526 1982 dictator
542 1933 599 1999 per
614 1917 760 1984 ordinem
778 1919 961 1984 iacuitatnm
978 1919 1027 1981 vir
1042 1919 1158 1982 doctus
1174 1925 1205 1982 et
1224 1911 1364 1998 jurispe-

276 2016 373 2082 ritus.
401 2015 446 2080 ita
473 2017 591 2082 habent
616 2017 738 2081 Statnta
760 2015 997 2082 Universitaris.
1031 2019 1076 2083 be
1100 2017 1214 2084 eodem
1237 2017 1310 2098 lego
1333 2015 1366 2081 in

272 2117 361 2203 actis
384 2116 423 2180 ad
447 2131 565 2180 aninum
587 2133 644 2180 cro.
662 2134 744 2179 cccc.
763 2133 839 2188 nnn,
861 2116 964 2198 pridie
986 2117 1139 2182 kalendas
1159 2115 1366 2196 septembris.
1428 2109 1429 2112 ’

264 2215 469 2300 ¹concinsum
486 2224 562 2279 tunc
578 2215 691 2292 inisse,
705 2225 736 2279 ut
748 2215 948 2279 adsumendo
961 2215 999 2279 ad
1015 2215 1195 2281 rhetoricae
1210 2215 1367 2279 tecturam

273 2313 376 2378 simui
393 2313 642 2378 demandaretur
658 2329 775 2378 munus
792 2315 860 2378 sine
875 2330 958 2378 onus
974 2313 1100 2378 scribae
1115 2329 1172 2378 seu
1186 2311 1366 2386 dictatoris,

275 2412 376 2494 idque
389 2413 492 2494 gratis
507 2423 539 2477 et
554 2413 676 2494 absque
691 2411 852 2493 stipendio
866 2428 923 2494 per
935 2413 1183 2478 Universitatem
1196 2409 1364 2484 solvendo,

265 2512 423 2592 exeeptis
453 2511 569 2576 litteris
595 2527 676 2592 quas
702 2511 860 2578 scriberet
892 2528 950 2592 pro
981 2511 1020 2576 iis
1046 2529 1129 2592 opus
1160 2510 1365 2584 habentibus,

274 2610 457 2674 secundum
473 2610 633 2676 dictamen
648 2620 682 2674 et
697 2610 863 2674 arbitrium
879 2610 983 2692 ipsius
1002 2609 1239 2676 Universitatis.
1263 2609 1368 2672 Adsu-

273 2707 321 2772 mi
336 2721 441 2772 autem
457 2709 620 2788 potestvei
634 2726 672 2774 en
689 2707 770 2789 ipsis
786 2707 1057 2784 suscitationem&
1072 2718 1161 2774 extra
1174 2707 1314 2783 eas,sive
1326 2706 1366 2771 de

271 2807 416 2872 consitio
440 2806 535 2872 inerit
558 2807 795 2883 Universitatis,
813 2809 861 2872 vei
886 2817 975 2873 extra
998 2808 1118 2888 ipsum.
1143 2807 1187 2871 lta
1211 2823 1294 2870 antino
1309 2821 1368 2870 crs.

271 2924 359 2970 occu.
377 2924 464 2969 narrt.
488 2905 618 2986 placuit.
643 2905 852 2972 Postmodum
875 2907 968 2972 aliter
991 2906 1093 2970 visum
1115 2905 1183 2978 suit,
1208 2903 1370 2984 hodieque

270 3003 417 3068 dictator
432 3022 470 3068 ex
487 3005 690 3069 iacuitatibus
703 3003 786 3086 juris
804 3003 972 3086 utriusque
987 2995 1185 3080 admittatur,
1201 3002 1371 3084 semeique

277 3103 477 3167 nominatum
498 3102 680 3168 continuari
704 3103 861 3168 etiamad
884 3104 994 3184 plnres
1019 3119 1136 3182 annos,
1162 3103 1306 3182 adeoque
1328 3100 1367 3163 ad

266 3201 385 3276 vitam,
410 3201 546 3265 antebac
569 3203 637 3267 iere
659 3201 760 3267 moris
780 3201 853 3275 init:
873 3212 904 3266 et
926 3204 1008 3266 i'orte
1031 3201 1142 3271 utilius
1161 3199 1366 3265 Academiae.

265 3299 339 3364 ‚sed
356 3309 388 3364 et
408 3314 493 3364 anno
513 3317 572 3362 cm.
591 3319 630 3363 ro.
649 3318 745 3374 narrt„
768 3300 872 3380 pridie
890 3299 1045 3364 kalendas
1067 3298 1185 3374 martii,
1208 3295 1369 3380 conclusit

274 3397 485 3479 decrevitque
502 3399 701 3462 universitas
716 3399 906 3463 dictatorem
923 3398 1102 3462 vocandum
1115 3411 1189 3461 esse
1202 3395 1241 3458 ad
1254 3410 1368 3459 ornnes

268 3496 504 3576 deputationes
530 3513 567 3561 ac
595 3497 863 3578 congregationes
892 3496 997 3560 dictae
1023 3493 1264 3570 Universitatis‚
1294 3509 1367 3557 cnm

275 3595 396 3660 satario
418 3597 455 3660 ad
477 3597 578 3661 instar
600 3597 736 3661 aiiornm
758 3597 1024 3678 deputatorumn
1046 3595 1198 3657 Vnnnnros
1215 3597 1365 3668 Annaeus,

270 3697 378 3770 Furti,
396 3696 447 3760 ed.
465 3697 577 3774 altera,
595 3696 672 3761 tor.
691 3696 784 3772 1650,
802 3713 833 3776 p.
852 3694 904 3758 te.

310 3876 350 3948 (Ι)
371 3876 423 3931 Les
445 3877 552 3932 Statum
568 3882 659 3932 almer
676 3879 866 3932 barivei-atratis
883 3877 1065 3930 bononiensia
1078 3879 1126 3929 ont
1138 3872 1183 3928 ite
1197 3869 1304 3944 publicis
1317 3887 1369 3943 per

267 3965 343 4036 atgr
356 3967 396 4020 De
410 3967 480 4022 iiam
493 3967 562 4022 dans
578 3966 701 4024 i'ddition
714 3967 781 4040 qu'ii
795 3985 813 4022 a
826 3964 932 4022 donnbe
945 3967 980 4021 de
993 3963 1089 4021 l'fflrt.
1105 3965 1212 4020 bocco
1227 3963 1261 4017 de
1278 3961 1369 4018 Mole-

272 4073 340 4120 nua‚
357 4057 391 4122 ii,
408 4075 454 4129 pp.
471 4058 605 4113 saa-930.

312 4145 352 4220 (2)
373 4149 409 4205 Le
423 4147 567 4204 redderem
579 4149 646 4202 d'nn
660 4149 808 4204 document
821 4165 857 4204 ou
870 4147 937 4202 d'un
951 4145 1019 4202 berit
1032 4147 1206 4218 queloonqne
1219 4143 1368 4215 s'uppeiaii

264 4237 486 4294 ·anciennement
504 4245 631 4304 dictator,
655 4239 746 4294 tendis
771 4255 824 4311 qne
852 4239 879 4293 le
900 4237 1005 4309 copiate
1027 4235 1130 4308 poriait
1150 4233 1367 4290 ordinainement

269 4329 302 4384 le
317 4345 381 4383 nom
394 4330 428 4385 de
447 4337 575 4396 scriptor.
592 4330 681 4402 chen
694 4333 847 4395 Arrdxier,
864 4328 966 4394 XXVi,
982 4345 999 4399 p
1025 4328 1071 4386 29.
