3194 4940
663 435 847 520 ..237-

249 618 329 702 «el
344 618 407 694 lor
420 615 537 690 senato
554 615 642 705 leges
658 614 939 698 emautlleailus
961 614 1137 695 emtum
1154 615 1290 707 resilit.

201 719 309 794 eriora
331 732 403 798 nure
424 729 485 799 pro
508 723 688 794 temporum
714 712 908 795 necessitate
930 714 1134 794 sentiuntur.
1157 714 1295 794 ceolm-

205 817 337 900 rersiapp
362 831 435 898 qua
458 813 489 876 in
510 810 667 898 judicium
689 811 988 905 adduettotur..seo
1012 813 1058 896 rei
1080 813 1187 892 oirilis
1208 814 1298 896 silli·

205 935 265 984 seo
289 912 486 987 criminalis.
509 909 657 978 Reetoris
681 911 839 990 sententio
864 909 1031 981 finiuntur.
1055 911 1135 998 Quae
1160 913 1299 992 minoris

209 1012 361 1080 momenti
378 1013 506 1096 negotia
525 1009 647 1092 passim
669 1011 913 1104 ueturropted
937 1009 1088 1086 Reoloris
1110 1021 1142 1083 el
1164 1013 1295 1090 elditle-

210 1117 330 1178 riorum
355 1109 532 1176 leademiae
555 1107 779 1192 deputatorum
807 1109 856 1188 (ti
879 1118 953 1186 suot
974 1109 1015 1184 ab
1037 1109 1135 1194 initio¹
1152 1111 1295 1196 quinque

211 1213 396 1296 facultatum
419 1207 544 1284 desani.
562 1206 679 1288 quibus
703 1209 909 1295 postmodum
926 1223 1096 1284 aneensem
1111 1208 1250 1284 diruatur
1265 1220 1300 1288 et.

207 1309 385 1378 advocatus
411 1305 542 1384 lisealim
568 1307 736 1394 [exemeri
752 1303 955 1393 rejiciuntur.
979 1315 1011 1374 ul
1035 1305 1236 1388 suojodioio
1256 1324 1298 1379 ea

213 1410 272 1492 ipsi
304 1407 524 1474 moderentur.
557 1403 676 1498 Maiora
704 1404 841 1480 senatus
863 1405 1043 1498 cognitioni
1070 1417 1298 1486 reservantur,

210 1509 239 1570 id
258 1515 307 1572 est
321 1503 457 1574 denonis¹
469 1504 612 1588 quinque
621 1493 665 1568 'ao
682 1503 856 1591 deputatis.
874 1501 992 1590 quibus
1016 1520 1247 1592 nonuunquam
1265 1516 1299 1592 el

206 1605 263 1668 alil
275 1616 363 1672 extra
376 1603 523 1675 ordinem
536 1601 664 1690 adiungi
679 1601 926 1688 solentjudieio
936 1603 1294 1684 [leniorisassumerrdi.

254 1725 268 1762 ι
284 1703 355 1770 Coit
370 1703 506 1772 seruatus
522 1701 739 1788 academicus.
752 1701 880 1782 quoties
897 1701 1037 1775 tentori.
1051 1701 1144 1782 eujus
1160 1711 1213 1774 etl
1224 1719 1298 1778 etttll

210 1820 340 1888 eogere,
364 1803 469 1866 visum
494 1800 606 1876 luerim
631 1799 728 1890 idque
748 1799 871 1881 iudicio
893 1801 1134 1881 deputatorum.
1156 1804 1184 1869 si
1210 1811 1298 1886 extra

212 1901 369 1968 ordinent.
395 1900 473 1968 Nam
496 1909 527 1966 et
548 1897 713 1974 ordinaria
737 1910 812 1976 sunt
834 1900 977 1981 comitia,
1002 1916 1074 1985 quae
1100 1901 1199 1974 oeulis
1225 1901 1299 1975 enni

209 1999 413 2086 temporibus
433 1999 633 2080 indicuntur,
647 2015 748 2082 eaque
769 1997 967 2068 celebriores
982 2009 1057 2064 snut
1073 2009 1196 2084 septem
1215 2023 1221 2062 :
1243 1999 1303 2068 let

214 2099 253 2162 ll.
278 2097 458 2167 Rectoralia
483 2108 632 2178 quatuor,
649 2113 687 2163 ao
710 2097 839 2162 duobus
861 2097 1004 2180 quidem,
1021 2098 1124 2182 pridie
1147 2097 1302 2170 intendas

214 2197 317 2262 martii
340 2205 372 2262 el
393 2196 599 2279 septembris,
619 2197 691 2265 noui
716 2195 865 2264 Reetoris
889 2196 1006 2266 alentio
1035 2197 1302 2280 inauguratioque

209 2295 404 2369 ‹erlebrrtlum
418 2330 459 2344 -
476 2294 517 2358 lll
532 2305 565 2364 el
581 2295 632 2358 ll.
646 2293 774 2360 duobus
788 2293 873 2366 eliis.
889 2294 991 2376 pridie
1006 2295 1159 2362 kalendas
1170 2295 1253 2376 junii
1269 2304 1302 2370 el

208 2395 408 2472 decembris.
420 2395 451 2468 in
465 2409 618 2475 supremo
632 2393 821 2474 magistratu
835 2410 896 2460 suo
912 2391 1030 2464 ileelor
1046 2410 1129 2465 neve
1144 2394 1303 2470 eietliooe

208 2493 433 2563 eounllrmalur.
452 2503 518 2568 aut,
536 2491 609 2561 siis
634 2493 715 2560 lorle
741 2493 822 2558 male
842 2492 972 2567 rexerit.
989 2493 1071 2566 alius
1088 2494 1302 2574 renuntiamr.

215 2629 255 2640 -
267 2593 302 2654 V.
317 2593 396 2657 Tum
410 2593 505 2657 lertio
518 2608 619 2656 nonas
632 2591 817 2655 novembris
830 2579 922 2655 saera
939 2609 997 2673 pru
1010 2591 1191 2657 toauenlae
1207 2592 1304 2658 beure-

218 2691 395 2758 laetoribus
419 2689 557 2762 solemni
584 2690 648 2759 ritu
673 2689 764 2758 fiurtt.
792 2689 828 2756 lu
850 2689 890 2766 iis
911 2689 997 2759 inter
1018 2707 1134 2772 praees
1158 2689 1303 2770 publicos

219 2789 395 2870 Martiniv
425 2789 604 2872 pontilicis,
635 2788 770 2858 loannis
797 2787 834 2852 lv
864 2788 1062 2866 eonditoris.
1093 2788 1299 2870 veneficum..

220 2905 343 2978 regum,
363 2887 541 2972 principum
558 2885 741 2952 elationum
757 2887 798 2954 de
819 2885 988 2960 Academia
1009 2887 1169 2958 henelioio
1191 2889 1304 2972 sinpo-

216 2985 277 3050 -lari
298 2985 419 3070 optime
436 2975 623 3051 meritorum
640 2985 767 3054 nomina
784 3001 801 3048 a
818 2985 987 3052 sacerdote
1003 2985 1207 3054 secriiloante
1224 2987 1304 3054 reoi-

220 3086 279 3150 lari
307 3085 434 3164 solent,
462 3093 495 3152 ut
521 3094 633 3154 saneto
664 3085 725 3166 hoe
748 3083 855 3152 officio
882 3084 1056 3154 Academia
1085 3095 1212 3172 gratum
1240 3086 1305 3153 illis

221 3183 361 3248 animum
378 3183 551 3264 quotannis
567 3183 733 3268 rependat,
750 3193 909 3258 eteorum
926 3183 1112 3254 memoriam
1134 3201 1306 3270 numquam

222 3282 305 3372 apud
329 3299 365 3348 se
387 3281 587 3350 interituram
609 3291 757 3350 testetur.
782 3281 923 3348 Parentis
945 3281 1061 3356 saeris.
1079 3282 1200 3356 Reelor
1221 3283 1307 3367 quod

223 3391 288 3448 tum
318 3398 337 3448 e
366 3397 402 3446 re
430 3381 610 3450 nordemiae
639 3397 713 3462 esse
742 3379 887 3463 videtur,
919 3380 1047 3451 senatui
1079 3370 1306 3466 proponim-

224 3479 272 3544 Vl.
294 3479 413 3547 Deinde
429 3479 585 3562 postridie
600 3483 634 3544 ll.
651 3479 785 3546 reuma
797 3478 949 3560 apostoli,
968 3480 1139 3550 ordeolum
1154 3481 1308 3561 laeuum

215 3579 372 3666 januarii,
387 3580 521 3648 sedente
543 3579 727 3648 eoademieo
749 3578 883 3656 Senatu,
897 3579 1123 3662 ingrediuntur
1146 3581 1180 3652 in
1202 3583 1307 3658 louum

223 3677 427 3748 comitiorum
450 3677 607 3756 notarius,
626 3688 804 3760 promotor,
819 3677 948 3752 accensi
970 3678 1034 3762 (qui
1051 3680 1147 3764 vulpe
1165 3680 1309 3762 bedellii,

225 3785 464 3858 procuratores,
481 3785 512 3842 el
527 3776 685 3846 eiusmodi
701 3776 755 3845 alii
773 3775 916 3854 minores
938 3777 1158 3862 magistratus,
1175 3779 1311 3862 singoli-

224 4009 355 4076 0neibu=
375 4009 543 4076 mon-rino
566 4007 737 4073 midlinn.
762 4009 868 4082 oliuu
889 4009 1180 4080 numerumn
1206 4027 1315 4084 semper

224 4099 609 4278 Wfflmm
624 4125 637 4158 ι
653 4100 808 4172 temeto
818 4099 1012 4168 mann.
1026 4101 1071 4164 ot.
1086 4102 1315 4168 nemmem
