3236 4944
770 451 955 518 -4pg..

319 653 356 704 ac
370 633 590 704 ecclesiastice
607 649 756 714 persone,
774 641 837 698 tam
854 633 1006 714 religiose
1020 651 1114 715 ouum
1134 630 1309 709 seculares,
1328 651 1403 702 nec·

320 752 383 802 non
399 734 510 810 duces,
530 733 744 807 marchiones,
761 733 910 808 comites,
935 733 1084 807 barones,
1111 733 1247 807 nobiles,
1272 735 1400 811 milites,

319 835 403 911 laici,
427 833 608 899 communia
630 831 809 907 ciuitatum,
836 833 1063 898 uniuersitates
1079 833 1261 914 opidorum,
1279 846 1404 900 nastro-

319 951 403 1010 rum,
427 933 574 998 villarum
598 939 627 996 et
652 931 787 996 aliorum
812 932 970 1008 lucorum,
988 949 1113 998 necnon
1138 933 1199 998 alie
1221 933 1402 1016 singulares

320 1049 458 1116 persone
477 1032 642 1096 ciuitatum
658 1041 689 1096 et
704 1030 883 1096 diocesium
900 1047 937 1096 ac
953 1031 1085 1096 aliarum
1105 1031 1240 1113 partium
1258 1032 1403 1098 diuersa·

319 1150 402 1209 rum,
419 1139 658 1213 occupauerant
672 1136 704 1194 et
718 1131 869 1210 occupari
886 1131 1027 1196 lecerunt
1043 1142 1159 1206 cestra,
1178 1134 1270 1196 villas
1293 1143 1323 1197 et
1342 1132 1403 1196 alia

318 1233 400 1308 looa,
428 1241 543 1304 terras,
571 1227 697 1307 domos,
727 1229 964 1309 possessiones,
990 1230 1061 1312 jura
1089 1242 1121 1296 et
1145 1229 1400 1308 jurisdictiones,

318 1349 443 1399 necnon
467 1332 601 1400 innotus,
623 1346 751 1404 census,
776 1330 921 1394 redditus
945 1342 975 1394 et
999 1339 1177 1410 prouentus
1201 1331 1348 1396 hectoris
1371 1341 1403 1396 et

294 1505 297 1514 ,
319 1429 527 1513 singularium
545 1445 755 1510 personarum
771 1429 997 1493 Uniuersitatis
1012 1428 1169 1504 eiusdem,
1187 1447 1224 1494 ac
1249 1429 1400 1496 nonnulla

318 1530 379 1594 aliu
401 1546 455 1594 res
478 1537 509 1594 et
531 1528 614 1593 bona
638 1527 766 1591 mobilia
785 1535 816 1592 et
839 1527 1019 1600 immobilia,
1038 1528 1214 1608 spiritualia
1231 1535 1262 1594 et
1277 1537 1399 1610 tempo·

319 1629 410 1708 ralia,
447 1628 485 1691 ad
523 1628 691 1692 hectorem
733 1644 770 1692 ac
810 1626 913 1707 ipsius
953 1627 1179 1692 Uniuersitutis
1219 1628 1401 1710 singulares

319 1743 476 1810 personas
495 1726 654 1807 predictas
678 1735 738 1789 tum
763 1726 885 1790 ratione
901 1726 1129 1792 beneficiorum
1146 1743 1279 1792 suorum
1296 1727 1399 1793 eccle-

319 1826 521 1893 siasticorum
558 1841 651 1907 uuam
685 1823 778 1889 etiem
816 1841 1026 1904 personarum
1064 1841 1101 1890 en
1141 1825 1220 1890 alias
1261 1826 1401 1907 legitime

319 1925 508 2008 spectantia,
540 1935 571 1990 et
607 1940 642 1988 ea
680 1923 864 1988 detinebant
901 1923 1040 1988 indebite
1077 1933 1244 2004 occupata,
1275 1942 1332 1990 sen
1363 1941 1401 1990 ea

318 2023 536 2090 detinentibus
563 2022 747 2104 prestabant
773 2022 936 2096 auxilium,
963 2023 1133 2087 consilium
1160 2023 1209 2087 vel
1238 2024 1399 2098 lauorem;

319 2123 463 2190 nonnulli
480 2123 574 2188 etiam
590 2121 755 2188 ciuitatum
773 2129 804 2186 et
820 2121 997 2186 diocesium
1019 2138 1057 2187 ae
1081 2123 1219 2202 partium
1243 2122 1400 2204 predicte·

319 2238 402 2302 rum,
416 2222 470 2305 qui
483 2239 598 2287 nomen
614 2221 738 2286 llomini
752 2221 781 2284 iu
796 2237 928 2286 vacuum
942 2223 1085 2302 recipere
1099 2239 1160 2285 nou
1174 2222 1398 2297 formidabant,

319 2321 441 2390 eisdem
466 2320 605 2394 Rectori,
623 2319 822 2392 doctoribus,
841 2321 1014 2400 magistris,
1032 2319 1235 2384 scholaribus
1250 2329 1282 2384 et
1298 2319 1399 2399 ipsius

322 2420 546 2487 llniuersitatis
580 2418 740 2498 personis,
768 2435 866 2497 super
892 2417 1019 2492 castris,
1047 2418 1142 2492 villis,
1171 2417 1263 2494 lucis,
1291 2419 1396 2494 terris,

319 2519 480 2593 domibus,
491 2516 765 2598 possessionibus,
776 2515 915 2596 juribus,
927 2515 1217 2596 iurisdictionibus,
1230 2505 1396 2592 fructibus,

317 2617 483 2692 censibus,
508 2615 696 2690 redditibus,
722 2614 932 2694 prouentibus
958 2623 987 2679 et
1014 2614 1108 2679 bonis
1135 2615 1299 2696 predictis,
1324 2631 1399 2681 nec-

318 2733 382 2782 non
404 2715 611 2796 pecuniarum
638 2711 772 2777 summis
798 2711 862 2776 illis
888 2713 982 2778 etiam
1010 2713 1192 2778 huiusmodi
1221 2715 1399 2780 rationibus

316 2813 444 2891 debitis,
463 2811 655 2892 multiplices
676 2811 839 2876 molestias
861 2829 900 2878 ec
922 2812 1055 2876 iniurias
1077 2813 1257 2878 inferebant
1281 2816 1400 2895 pariter

316 2919 348 2979 et
370 2911 530 2993 jacturas;
556 2925 677 2991 eosque
700 2909 839 2974 diuersis
863 2910 1043 2975 verbalibus
1067 2917 1099 2974 et
1121 2911 1262 2976 realibus
1285 2921 1398 2978 contu·

317 3009 422 3076 meliis
444 3017 540 3090 atque
562 3007 740 3089 dispendiis
759 3007 897 3084 afficere,
914 3018 945 3074 et
960 3018 1071 3074 eontra
1089 3009 1256 3091 priuilegia
1273 3027 1396 3077 necnon

315 3108 546 3175 concessiones
572 3115 603 3171 et
630 3106 749 3171 indulta
776 3123 792 3170 a
819 3106 901 3170 Sede
929 3107 1104 3187 apostolica
1131 3108 1340 3174 llniuersitati
1366 3121 1398 3176 et

315 3205 418 3290 ipsius
435 3205 582 3288 personis
598 3206 718 3270 eisdem
740 3205 888 3270 attributa
912 3214 1031 3270 temere
1053 3215 1083 3270 et
1106 3207 1146 3272 de
1169 3208 1251 3274 lacto
1274 3210 1395 3285 venire,

314 3306 432 3388 illaque
455 3305 578 3369 modica
601 3304 744 3384 ipsorum
766 3305 952 3368 auctoribus
968 3304 1120 3370 dilatione
1136 3315 1278 3383 ostensa,
1296 3324 1396 3389 quan-

314 3416 380 3470 tum
394 3403 426 3468 iu
439 3403 519 3485 ipsis
531 3403 699 3478 existebat,
710 3403 883 3484 intringere
897 3419 958 3466 non
972 3406 1227 3480 verebantur;ac
1238 3423 1295 3486 pro
1308 3414 1397 3484 parte

313 3503 474 3584 quondam
505 3502 653 3584 Philippi,
682 3501 775 3566 ducis
811 3501 990 3576 brabantie,
1022 3518 1145 3567 necnon
1178 3505 1395 3584 predictorum

314 3600 661 3675 hectorisdoctorum,
674 3599 910 3681 magistrorum,
921 3600 1114 3665 scholarium
1129 3611 1159 3665 et
1172 3620 1395 3684 personarum,

314 3701 416 3768 eidem
434 3700 657 3783 predecessori
677 3700 839 3765 humiliter
862 3699 1055 3780 supplicato,
1075 3709 1107 3764 ut
1130 3700 1268 3780 lleotori,
1287 3702 1396 3768 docto·

312 3799 415 3874 ribus,
439 3799 613 3880 magistris,
630 3799 832 3863 scholaribus
854 3807 884 3863 et
907 3799 990 3862 dicte
1006 3799 1231 3864 Uniuersilatis
1248 3802 1395 3882 personis

311 3898 476 3980 predictis,
507 3914 605 3976 snper
641 3898 691 3960 his
727 3908 885 3978 oportune
923 3897 1094 3977 prouidere
1131 3909 1271 3974 curaret,
1310 3900 1394 3964 idem

311 3998 480 4073 blartinus,
495 3998 717 4078 predecessor,
732 3997 828 4060 cerlis
839 3995 1000 4078 judicibus
1014 3998 1084 4061 siue
1096 3999 1393 4074 conseruatoribus,

312 4114 422 4163 eorum
447 4097 585 4177 propriis
610 4096 794 4160 norninibus
819 4113 881 4160 non
899 4096 1075 4175 expressis,
1093 4097 1162 4161 suis
1179 4097 1292 4164 litteris
1307 4099 1395 4164 dedit

313 4194 344 4259 in
362 4195 531 4286 mendatis,
547 4195 630 4276 uuod
648 4193 720 4275 ipsi,
739 4195 787 4258 vol
804 4195 868 4257 duo
884 4203 939 4258 aut
958 4211 1041 4258 unus
1064 4211 1187 4272 eorum,
1206 4213 1262 4276 per
1285 4214 1320 4261 se
1343 4198 1391 4261 vel
