3246 4944
789 435 968 509 -580-

331 629 481 712 garnison
506 649 525 711 y
547 637 663 705 estant,
680 639 711 694 et
734 627 928 694 semblables
944 644 1098 700 excuses;
1117 626 1143 691 si
1160 633 1210 692 est
1225 625 1247 689 il
1263 623 1415 692 toutefois

329 746 391 809 que
407 729 560 793 luraisou
578 746 616 794 ue
634 736 755 808 permet
776 743 838 808 que
860 727 937 791 ledit
959 735 1190 799 remorsurum,
1208 731 1302 806 ayant
1324 725 1414 806 suiuy

329 827 437 892 lordre
452 837 484 892 et
505 827 783 892 conrmandement
798 822 838 892 de
853 825 917 890 Son
935 825 1054 901 Altero,
1072 824 1177 890 auroit
1193 825 1268 890 laiet
1283 823 1415 890 lesdiets

329 927 469 991 travaulr
485 935 514 990 ei
529 927 681 1006 despens,
701 941 838 990 mesmes
853 941 951 1006 arecq
969 925 1017 990 les
1040 924 1205 988 moindres
1228 923 1319 999 siaiu,
1336 939 1414 988 sans

328 1042 367 1088 en
385 1035 470 1090 estre
486 1040 709 1105 recompenso,
723 1023 848 1105 supplie
865 1039 920 1104 par
937 1032 1003 1086 tant
1019 1039 1080 1104 que
1096 1023 1210 1087 Vostrc
1227 1022 1415 1087 Excellenee

328 1135 360 1188 et
381 1123 586 1204 seigneuries
610 1131 724 1204 sopent
740 1122 863 1188 servies
878 1122 1041 1188 ordonner
1057 1121 1224 1203 aquelque
1240 1137 1415 1202 recepueur

328 1223 368 1288 de
390 1223 477 1287 leurs
500 1223 624 1286 Altezes
647 1239 685 1286 au
709 1220 834 1285 district
856 1222 896 1285 de
921 1221 1075 1294 Louuain‚
1094 1237 1135 1285 ou
1158 1220 1301 1294 allieurs,
1319 1235 1415 1301 payer

327 1321 434 1386 audiet
450 1321 610 1402 suppliant
627 1319 785 1384 sesdictes
801 1319 964 1384 vacations
980 1319 1021 1384 de
1036 1318 1154 1400 mxxvi.
1168 1319 1262 1400 lours
1278 1319 1414 1398 susdits,

328 1420 468 1500 lesquels
499 1420 519 1481 il
549 1417 671 1483 affirmo
700 1419 791 1482 avoir
820 1418 978 1499 employa.
1009 1417 1099 1500 Quoy
1130 1417 1244 1482 laisanl
1280 1426 1343 1483 etc.
1374 1451 1416 1464 —

326 1517 480 1600 Apostillc
501 1520 561 1597 suit
584 1519 738 1598 adscripto
761 1517 833 1580 bueo
859 1540 866 1580 :
891 1516 1126 1582 Gneexblbeert
1148 1516 1202 1580 het
1221 1515 1337 1581 dobbel
1353 1533 1413 1580 van

327 1617 404 1682 dese
420 1626 570 1697 requeste
587 1631 604 1678 a
621 1615 742 1680 llonsr.
759 1616 994 1681 crocnendael.

369 1788 383 1825 r
402 1765 440 1831 Et
455 1783 490 1830 ex
506 1764 710 1830 dominorum
728 1764 1013 1830 deliberationibus
1029 1765 1188 1830 conclusit
1210 1763 1414 1847 [magnificus

327 1863 477 1930 dominus
494 1863 622 1942 lleotor]
641 1861 698 1928 toti
715 1862 919 1928 Universitati
938 1862 1194 1944 proponendum.
1241 1907 1244 1912 ,

371 2061 459 2126 oble
496 2059 619 2126 decima
656 2059 776 2124 mensis
813 2059 923 2139 aprilis
954 2058 1042 2142 [anni
1077 2057 1179 2142 1609],
1208 2059 1325 2125 indicta
1356 2060 1416 2125 luit

326 2159 532 2241 congregatio
569 2157 831 2222 Universitatis...
864 2157 897 2220 ln
936 2176 996 2238 qna
1034 2157 1224 2238 magnificus
1262 2158 1413 2223 dominus

328 2259 446 2324 Rector
468 2257 554 2338 legit,
573 2257 606 2320 in
629 2257 894 2322 deliberationem
919 2255 1026 2336 posuit
1043 2257 1165 2322 litteras
1181 2256 1262 2322 Suae
1277 2257 1414 2323 Celsilu·

325 2358 410 2422 dinis
423 2357 453 2420 in
470 2358 612 2437 proxima
629 2355 834 2436 deputatione
850 2355 998 2432 insertas,
1009 2363 1039 2418 et
1054 2372 1092 2420 ex
1110 2357 1249 2420 unanimi
1265 2356 1409 2422 omnium

326 2456 509 2520 facultatum
532 2454 817 2521 deliberationibus
839 2453 998 2518 conclusit
1018 2453 1260 2520 rescribendum
1276 2471 1410 2520 excusa·

326 2556 444 2619 tionem
462 2553 670 2634 proponendo
686 2571 758 2617 oum
776 2553 965 2635 allegatione
986 2553 1183 2634 paupertatis
1199 2563 1230 2620 et
1247 2554 1412 2620 tenuitatis

327 2653 422 2734 liujus
438 2651 673 2728 Universitatis¹
693 2652 787 2734 idque
803 2668 897 2732 quarn
919 2653 1063 2717 modeste
1086 2651 1154 2716 lieri
1173 2662 1278 2734 potest
1295 2663 1326 2718 et
1341 2653 1413 2718 siue

330 2751 527 2825 ofsensione3
544 2751 639 2832 idque
655 2751 809 2816 committi
827 2751 954 2816 Rectorl
971 2759 1001 2816 et
1017 2751 1188 2832 deputatis.

377 2947 432 3012 llie
463 2947 585 3025 martis,
612 2947 734 3012 decima
763 2958 874 3030 quarta
906 2948 1025 3012 mensis
1055 2949 1164 3031 aprilis
1193 2949 1277 3028 [anni
1308 2948 1412 3027 locst.

332 3055 457 3112 serrata
494 3047 552 3111 luit
580 3045 744 3128 deputatio
772 3046 1035 3111 Universitatis...
1068 3047 1102 3110 ln
1133 3064 1193 3128 qua
1223 3047 1413 3130 magnificus

331 3145 481 3210 dominus
504 3145 621 3210 Rector
643 3146 749 3226 posuit
772 3145 803 3208 in
828 3143 1103 3221 deliberationem,
1121 3145 1270 3228 quidnam
1294 3146 1413 3211 reseri-

331 3244 469 3310 bendum
506 3244 548 3309 sit
575 3244 613 3308 ad
644 3244 766 3309 litteras
803 3245 884 3309 Suae
918 3243 1122 3308 celsitudinis
1160 3245 1342 3326 nuperrime
1378 3245 1412 3307 in

331 3343 542 3408 Universitate
554 3343 653 3408 lectas
666 3361 723 3424 pro
740 3342 842 3426 ipsius
859 3343 1083 3408 Universitatis
1096 3345 1313 3419 excusatione,
1325 3353 1355 3409 el
1371 3359 1412 3408 an

332 3459 371 3507 ne
388 3443 506 3507 bonum
522 3459 650 3523 quoque
672 3442 753 3506 leret
775 3441 917 3506 scribere
939 3440 977 3505 ad
1001 3442 1163 3506 dominum
1187 3442 1412 3507 craesbelium

331 3541 454 3622 aliquas
484 3541 607 3606 litteras
636 3541 867 3605 excusatorias.
896 3539 931 3602 Et
961 3557 1000 3604 rx
1025 3541 1227 3607 dominorum
1254 3542 1413 3622 delibera-

331 3639 471 3704 tionibus
499 3638 659 3704 conclusit
687 3638 892 3703 scribendum
923 3639 1015 3704 etiam
1051 3655 1125 3704 esse
1160 3641 1199 3704 ad
1237 3641 1411 3721 praelatum

330 3738 567 3812 craesbeklnm
599 3747 630 3803 et
665 3738 815 3818 quoniam
846 3738 977 3817 scriptio
1014 3738 1198 3820 hujusmodi
1231 3740 1411 3804 litterarum

330 3835 425 3899 nimis
449 3835 600 3914 [difficilis
627 3841 717 3915 eratl,
746 3847 899 3918 rogarunt
924 3836 1044 3900 domini
1071 3837 1224 3918 deputati,
1252 3847 1412 3918 quolenus

331 3933 676 4014 magnificusdorninus
689 3936 806 4000 Rector
818 3937 882 4016 [qui
896 3945 971 4000 tunc
984 3945 1051 4000 erat
1065 3935 1224 4001 Gerardus
1237 3935 1413 4016 Corselius]

329 4030 401 4094 illas
418 4033 588 4114 concipere
604 4033 801 4116 dignaretur.

375 4201 388 4239 u
408 4181 464 4245 llic
479 4179 638 4256 sabbathi,
653 4181 804 4264 vigesima
821 4182 929 4264 quinta
946 4185 1066 4250 mensis
1082 4183 1192 4266 aprilis
1207 4185 1291 4264 [anui
1309 4183 1411 4262 lubet,

332 4278 450 4345 indicta
476 4279 534 4345 luit
559 4281 765 4362 congregatio
792 4280 1052 4348 Universitatis...
1073 4283 1107 4347 ln
1133 4299 1194 4364 qua
1220 4285 1412 4368 magnificus
