3240 4946
677 475 717 492 -
738 441 860 508 565-

278 665 361 730 Ordo
381 665 608 746 suppositorum
624 667 834 730 urtiucrsitutia
848 666 943 744 studii
959 665 1159 729 ,bancornensis
1175 667 1205 728 fn
1223 672 1318 728 mote-

233 767 283 826 riu
304 772 565 827 sacramentorum
591 770 620 825 et
646 765 834 841 lactoratium
861 773 919 827 etc.
938 769 964 826 et
991 779 1028 826 eo
1053 781 1110 844 poe
1135 765 1217 826 circo
1242 763 1320 827 butte

235 862 394 927 materiam
410 869 555 942 concepta
569 869 653 924 sunt.

279 985 312 1047 ln
350 984 462 1066 primis
500 999 614 1050 omnes
651 993 682 1050 et
718 985 835 1067 singnlj
867 985 907 1051 dc
938 1001 1074 1064 corpore
1103 983 1321 1050 uniuersitatis

238 1084 411 1148 existentes
428 1098 504 1147 suas
523 1083 746 1147 confessiones
770 1084 886 1148 facient
909 1093 940 1148 et
965 1099 1021 1147 sua
1044 1083 1321 1147 sacramentaliaa

237 1181 358 1247 curatis
382 1180 450 1245 suis
473 1180 533 1245 sub
556 1181 673 1261 ouibus
697 1191 872 1259 morantur,
891 1183 939 1246 vel
964 1183 1003 1246 ab
1027 1181 1090 1244 illis
1109 1199 1126 1244 a
1148 1181 1266 1263 quibus
1281 1182 1321 1248 de

235 1281 307 1363 jule
323 1281 444 1362 scriptu
461 1279 605 1361 racipere
622 1289 768 1361 possunt,
787 1281 953 1363 recipient.

282 1407 326 1468 fle
334 1407 435 1486 primo
447 1406 554 1468 ordine
564 1407 644 1468 cirea
656 1407 820 1486 funeratio.
837 1405 940 1470 Primo
956 1405 1065 1487 prelatj
1080 1406 1131 1486 qui
1147 1406 1323 1486 precedunt

238 1503 390 1569 docteres
415 1521 473 1569 seu
502 1504 605 1569 locum
634 1506 828 1585 prelatorum
854 1505 885 1568 in
917 1503 1016 1570 scolis
1048 1503 1265 1570 uniuersitatis
1292 1513 1324 1573 et

241 1603 349 1667 missis
365 1611 562 1686 occupantes
578 1621 641 1668 non
659 1604 786 1668 soluant
803 1604 882 1668 vltra
899 1623 917 1667 x
935 1614 1054 1684 petrns.

282 1701 412 1767 Nobiles
443 1701 646 1782 superiorum
681 1703 864 1768 facultatum
895 1713 926 1768 et
956 1713 1073 1767 statum
1106 1703 1259 1767 nobilium
1289 1721 1326 1768 ac

242 1801 401 1882 propriam
443 1801 562 1866 donum
604 1810 750 1867 tenentes
787 1803 938 1868 ductores
978 1819 1039 1866 non
1081 1803 1209 1868 soleant
1245 1802 1325 1867 vltra

243 1899 434 1981 vilipetros.

286 1999 434 2082 canonic]
466 1999 566 2081 sanctj
597 2001 679 2082 Petri
711 2001 840 2066 soluent
869 2001 1046 2067 secundum
1079 2000 1164 2065 fiune
1198 2001 1327 2068 modum

245 2099 422 2179 predictum
439 2099 487 2164 vel
505 2101 681 2164 secundum
698 2101 967 2167 consuetudinem
984 2117 1043 2165 sue
1059 2099 1209 2166 ecclesie.

288 2223 490 2288 desecando
520 2226 638 2288 ordino.
655 2224 786 2290 Nobiles
815 2225 1018 2306 superiorum
1049 2225 1233 2290 facultatum
1265 2241 1328 2290 non

245 2322 405 2404 propriam
432 2323 561 2388 domum
589 2331 735 2388 tenentes
762 2324 817 2388 sed
847 2341 943 2388 vnum
970 2324 1018 2388 vel
1047 2324 1129 2388 duos
1156 2322 1326 2388 familiares

245 2428 403 2496 tenentes,
421 2431 568 2502 regentes
595 2423 626 2485 in
653 2422 787 2496 artibus,
806 2422 956 2503 licentiati
980 2434 1011 2486 et
1035 2421 1204 2502 baccularij
1229 2439 1326 2501 supc-

247 2519 366 2584 riurum
405 2521 587 2586 facultatum
627 2522 787 2602 propriam
825 2522 956 2586 domum
995 2529 1139 2586 tenentes
1172 2520 1221 2586 rel
1251 2537 1327 2586 suas

247 2635 405 2698 expensas
436 2619 613 2685 honorifice
645 2637 701 2701 pro
732 2620 794 2702 xxij
825 2621 874 2685 vel
906 2619 978 2700 xxiij
1009 2619 1139 2684 coronis
1174 2627 1331 2695 ementes,

251 2717 364 2798 notari]
381 2717 500 2798 domini
519 2720 759 2784 conseruatoris
777 2736 839 2784 nun
857 2719 983 2784 solnant
1000 2717 1080 2782 vltra
1097 2716 1125 2798 vj
1144 2726 1263 2798 petros.

292 2842 335 2904 tte
357 2843 448 2904 torcio
470 2843 590 2906 ordine.
607 2841 739 2906 Nobiles
763 2842 928 2907 studentes
952 2841 984 2904 in
1008 2840 1131 2904 artibus
1148 2840 1334 2920 magistrum

249 2940 297 3002 uel
325 2939 475 3004 famulum
505 2948 661 3015 tenentes,
684 2941 826 3022 magistri
854 2941 969 3006 artium
1000 2949 1144 3004 ementes
1175 2955 1334 3018 explensas

251 3040 404 3116 integras,
415 3037 566 3119 licentiat]
581 3039 782 3119 superiorum
797 3039 982 3103 facultatum
998 3037 1149 3102 facientes
1162 3053 1333 3118 expensas,

249 3135 300 3216 alij
329 3135 509 3218 beneficiat]
538 3139 587 3201 vel
614 3138 742 3202 aliunde
769 3138 887 3202 diuites
915 3138 1078 3217 usquead
1107 3135 1334 3216 quinquaginta

249 3251 404 3300 renenses
421 3237 595 3313 annuatim,
615 3245 852 3316 procuratores,
871 3245 1088 3318 promotores,
1107 3235 1250 3298 notarius
1266 3235 1334 3296 vtti-

251 3333 413 3399 uersitatis
430 3351 492 3399 non
510 3335 637 3398 soluant
653 3335 732 3398 vltra
750 3335 794 3416 iiij
813 3343 933 3414 petrns.

294 3459 336 3522 tic
365 3465 473 3540 quarto
502 3460 620 3522 ordine.
645 3457 819 3539 Baecularij
852 3457 1055 3540 superiorum
1088 3456 1272 3520 facultatum
1303 3454 1333 3518 in

251 3555 437 3638 pedagogijs
460 3558 510 3623 vel
534 3557 680 3639 collegiis
702 3567 939 3622 commorantes
964 3566 994 3620 ct
1017 3556 1067 3637 allj
1090 3565 1177 3620 extra
1193 3571 1333 3619 commu-

253 3665 372 3733 ranteS,
387 3657 540 3723 facientes
553 3657 701 3738 proprias
714 3673 884 3738 expensas,
897 3655 1039 3736 magistri
1051 3655 1165 3718 artium
1180 3652 1333 3717 facientes

252 3756 398 3836 proprias
414 3771 573 3835 expensas
589 3764 620 3821 et
639 3755 786 3820 uiuentes
809 3755 849 3819 de
871 3754 938 3819 suis
962 3753 1151 3840 redditibus,
1169 3751 1337 3816 studentes

251 3852 283 3915 in
310 3853 432 3918 artibus
459 3865 603 3919 ementes
630 3869 786 3934 expensas
811 3853 963 3933 integras,
981 3851 1109 3931 bedellj,
1128 3849 1247 3930 librarij
1273 3865 1335 3913 non

251 3950 381 4017 soluant
396 3953 476 4016 vltra
495 3952 513 4034 ij
532 3962 653 4034 petros.

295 4075 338 4136 tto
351 4077 458 4155 quinto
469 4077 585 4140 ordine.
600 4075 772 4141 studentes
788 4075 818 4139 in
836 4091 1036 4157 quacumque
1052 4074 1199 4139 facultate
1217 4071 1338 4137 medias

254 4191 415 4254 expensas
431 4178 479 4241 val
496 4175 625 4241 circiter
641 4177 818 4253 soluentes,
838 4176 1005 4240 studentes
1020 4175 1053 4238 in
1069 4175 1191 4239 artibus
1207 4174 1246 4237 de
1269 4172 1338 4256 suis

255 4271 435 4340 redditibus
474 4274 521 4340 vel
557 4292 689 4340 suorum
730 4284 897 4356 parentum
935 4275 1079 4340 uiuentes
1115 4281 1146 4338 et
1185 4271 1337 4338 facientes
