<?xml version="1.0" encoding="UTF-8"?>
<!DOCTYPE html PUBLIC "-//W3C//DTD XHTML 1.0 Transitional//EN"
    "http://www.w3.org/TR/xhtml1/DTD/xhtml1-transitional.dtd">
<html xmlns="http://www.w3.org/1999/xhtml" xml:lang="en" lang="en">
 <head>
  <title>
</title>
<meta http-equiv="Content-Type" content="text/html;charset=utf-8" />
  <meta name='ocr-system' content='tesseract 3.04.00' />
  <meta name='ocr-capabilities' content='ocr_page ocr_carea ocr_par ocr_line ocrx_word'/>
</head>
<body>
  <div class='ocr_page' id='page_1' title='image "./documentsrelati00reusgoog_0766.png"; bbox 0 0 3222 4944; ppageno 0'>
   <div class='ocr_carea' id='block_1_1' title="bbox 809 483 994 555">
    <p class='ocr_par' dir='ltr' id='par_1_1' title="bbox 809 483 994 555">
     <span class='ocr_line' id='line_1_1' title="bbox 809 483 994 555; baseline 0 0"><span class='ocrx_word' id='word_1_1' title='bbox 809 483 994 555; x_wconf 82' lang='lat' dir='ltr'><strong>-tat-</strong></span> 
     </span>
    </p>
   </div>
   <div class='ocr_carea' id='block_1_2' title="bbox 352 671 1455 1446">
    <p class='ocr_par' dir='ltr' id='par_1_2' title="bbox 352 671 1455 1446">
     <span class='ocr_line' id='line_1_2' title="bbox 400 671 1455 754; baseline 0.004 -18"><span class='ocrx_word' id='word_1_2' title='bbox 400 673 458 738; x_wconf 82' lang='lat' dir='ltr'><strong>Les</strong></span> <span class='ocrx_word' id='word_1_3' title='bbox 474 673 617 754; x_wconf 88' lang='lat' dir='ltr'><strong>citoyens</strong></span> <span class='ocrx_word' id='word_1_4' title='bbox 635 673 777 736; x_wconf 79' lang='lat' dir='ltr'><strong>Vnutdier</strong></span> <span class='ocrx_word' id='word_1_5' title='bbox 792 681 822 737; x_wconf 93' lang='lat' dir='ltr'><strong>et</strong></span> <span class='ocrx_word' id='word_1_6' title='bbox 840 675 882 736; x_wconf 82' lang='lat' dir='ltr'><strong>De</strong></span> <span class='ocrx_word' id='word_1_7' title='bbox 898 674 944 736; x_wconf 89' lang='lat' dir='ltr'><strong>La</strong></span> <span class='ocrx_word' id='word_1_8' title='bbox 959 671 1070 746; x_wconf 79' lang='lat' dir='ltr'><strong>Scato,</strong></span> <span class='ocrx_word' id='word_1_9' title='bbox 1085 672 1138 754; x_wconf 81' lang='lat' dir='ltr'><strong>qui</strong></span> <span class='ocrx_word' id='word_1_10' title='bbox 1154 689 1235 738; x_wconf 89' lang='lat' dir='ltr'><strong>vous</strong></span> <span class='ocrx_word' id='word_1_11' title='bbox 1252 681 1455 740; x_wconf 74' lang='lat' dir='ltr'><strong>remeatront</strong></span> 
     </span>
     <span class='ocr_line' id='line_1_3' title="bbox 356 770 1454 855; baseline 0 -19"><span class='ocrx_word' id='word_1_12' title='bbox 356 775 384 836; x_wconf 90' lang='lat' dir='ltr'><strong>ia</strong></span> <span class='ocrx_word' id='word_1_13' title='bbox 404 772 553 854; x_wconf 86' lang='lat' dir='ltr'><strong>presente</strong></span> <span class='ocrx_word' id='word_1_14' title='bbox 575 773 614 836; x_wconf 93' lang='lat' dir='ltr'><strong>de</strong></span> <span class='ocrx_word' id='word_1_15' title='bbox 631 780 681 835; x_wconf 89' lang='lat' dir='ltr'><strong>cet</strong></span> <span class='ocrx_word' id='word_1_16' title='bbox 697 770 812 846; x_wconf 83' lang='lat' dir='ltr'><strong>arcete,</strong></span> <span class='ocrx_word' id='word_1_17' title='bbox 831 782 904 836; x_wconf 89' lang='lat' dir='ltr'><strong>sont</strong></span> <span class='ocrx_word' id='word_1_18' title='bbox 927 770 1063 852; x_wconf 83' lang='lat' dir='ltr'><strong>charges</strong></span> <span class='ocrx_word' id='word_1_19' title='bbox 1089 787 1145 852; x_wconf 84' lang='lat' dir='ltr'><strong>oar</strong></span> <span class='ocrx_word' id='word_1_20' title='bbox 1161 789 1242 836; x_wconf 90' lang='lat' dir='ltr'><strong>nous</strong></span> <span class='ocrx_word' id='word_1_21' title='bbox 1266 773 1306 837; x_wconf 91' lang='lat' dir='ltr'><strong>dc</strong></span> <span class='ocrx_word' id='word_1_22' title='bbox 1322 773 1454 855; x_wconf 80' lang='lat' dir='ltr'><strong>diriger</strong></span> 
     </span>
     <span class='ocr_line' id='line_1_4' title="bbox 355 870 1451 952; baseline 0.003 -18"><span class='ocrx_word' id='word_1_23' title='bbox 355 871 403 936; x_wconf 88' lang='lat' dir='ltr'><strong>ies</strong></span> <span class='ocrx_word' id='word_1_24' title='bbox 419 871 604 952; x_wconf 78' lang='lat' dir='ltr'><strong>onerations</strong></span> <span class='ocrx_word' id='word_1_25' title='bbox 620 870 770 934; x_wconf 78' lang='lat' dir='ltr'><strong>relatives</strong></span> <span class='ocrx_word' id='word_1_26' title='bbox 786 870 803 934; x_wconf 76' lang='lat' dir='ltr'><strong>d</strong></span> <span class='ocrx_word' id='word_1_27' title='bbox 819 881 903 935; x_wconf 91' lang='lat' dir='ltr'><strong>cette</strong></span> <span class='ocrx_word' id='word_1_28' title='bbox 926 871 1118 950; x_wconf 76' lang='lat' dir='ltr'><strong>importante</strong></span> <span class='ocrx_word' id='word_1_29' title='bbox 1136 887 1263 937; x_wconf 84' lang='lat' dir='ltr'><strong>mesore</strong></span> <span class='ocrx_word' id='word_1_30' title='bbox 1286 881 1317 936; x_wconf 87' lang='lat' dir='ltr'><strong>et</strong></span> <span class='ocrx_word' id='word_1_31' title='bbox 1334 883 1451 937; x_wconf 87' lang='lat' dir='ltr'><strong>tontes</strong></span> 
     </span>
     <span class='ocr_line' id='line_1_5' title="bbox 354 970 1449 1052; baseline 0.001 -17"><span class='ocrx_word' id='word_1_32' title='bbox 354 971 452 1036; x_wconf 86' lang='lat' dir='ltr'><strong>celles</strong></span> <span class='ocrx_word' id='word_1_33' title='bbox 478 971 532 1050; x_wconf 83' lang='lat' dir='ltr'><strong>oni</strong></span> <span class='ocrx_word' id='word_1_34' title='bbox 559 970 688 1033; x_wconf 89' lang='lat' dir='ltr'><strong>doivent</strong></span> <span class='ocrx_word' id='word_1_35' title='bbox 714 985 847 1034; x_wconf 87' lang='lat' dir='ltr'><strong>asscrer</strong></span> <span class='ocrx_word' id='word_1_36' title='bbox 870 970 898 1031; x_wconf 88' lang='lat' dir='ltr'><strong>ia</strong></span> <span class='ocrx_word' id='word_1_37' title='bbox 924 971 1149 1033; x_wconf 90' lang='lat' dir='ltr'><strong>conservaticn</strong></span> <span class='ocrx_word' id='word_1_38' title='bbox 1174 971 1232 1034; x_wconf 90' lang='lat' dir='ltr'><strong>des</strong></span> <span class='ocrx_word' id='word_1_39' title='bbox 1258 971 1449 1052; x_wconf 82' lang='lat' dir='ltr'><strong>proprietes</strong></span> 
     </span>
     <span class='ocr_line' id='line_1_6' title="bbox 356 1068 1451 1136; baseline 0.004 -4"><span class='ocrx_word' id='word_1_40' title='bbox 356 1070 552 1134; x_wconf 85' lang='lat' dir='ltr'><strong>mobiliaires</strong></span> <span class='ocrx_word' id='word_1_41' title='bbox 575 1077 604 1132; x_wconf 92' lang='lat' dir='ltr'><strong>et</strong></span> <span class='ocrx_word' id='word_1_42' title='bbox 621 1068 862 1132; x_wconf 88' lang='lat' dir='ltr'><strong>immobiliaires</strong></span> <span class='ocrx_word' id='word_1_43' title='bbox 883 1069 922 1132; x_wconf 94' lang='lat' dir='ltr'><strong>de</strong></span> <span class='ocrx_word' id='word_1_44' title='bbox 937 1078 986 1132; x_wconf 91' lang='lat' dir='ltr'><strong>cet</strong></span> <span class='ocrx_word' id='word_1_45' title='bbox 1005 1068 1257 1134; x_wconf 75' lang='lat' dir='ltr'><strong>etainssevnent.</strong></span> <span class='ocrx_word' id='word_1_46' title='bbox 1277 1069 1386 1134; x_wconf 87' lang='lat' dir='ltr'><strong>Pieins</strong></span> <span class='ocrx_word' id='word_1_47' title='bbox 1401 1072 1451 1136; x_wconf 87' lang='lat' dir='ltr'><strong>de</strong></span> 
     </span>
     <span class='ocr_line' id='line_1_7' title="bbox 353 1167 1448 1248; baseline 0.002 -15"><span class='ocrx_word' id='word_1_48' title='bbox 353 1169 519 1233; x_wconf 75' lang='lat' dir='ltr'><strong>constance</strong></span> <span class='ocrx_word' id='word_1_49' title='bbox 535 1169 614 1230; x_wconf 86' lang='lat' dir='ltr'><strong>dans</strong></span> <span class='ocrx_word' id='word_1_50' title='bbox 631 1175 721 1232; x_wconf 89' lang='lat' dir='ltr'><strong>vctre</strong></span> <span class='ocrx_word' id='word_1_51' title='bbox 740 1168 937 1247; x_wconf 81' lang='lat' dir='ltr'><strong>patriotisne</strong></span> <span class='ocrx_word' id='word_1_52' title='bbox 958 1175 988 1231; x_wconf 87' lang='lat' dir='ltr'><strong>et</strong></span> <span class='ocrx_word' id='word_1_53' title='bbox 1005 1176 1095 1233; x_wconf 90' lang='lat' dir='ltr'><strong>votre</strong></span> <span class='ocrx_word' id='word_1_54' title='bbox 1111 1167 1335 1248; x_wconf 76' lang='lat' dir='ltr'><strong>denotantem,</strong></span> <span class='ocrx_word' id='word_1_55' title='bbox 1355 1187 1448 1235; x_wconf 88' lang='lat' dir='ltr'><strong>nous</strong></span> 
     </span>
     <span class='ocr_line' id='line_1_8' title="bbox 352 1264 1449 1347; baseline 0.003 -17"><span class='ocrx_word' id='word_1_56' title='bbox 352 1265 509 1346; x_wconf 77' lang='lat' dir='ltr'><strong>esperone</strong></span> <span class='ocrx_word' id='word_1_57' title='bbox 533 1283 593 1346; x_wconf 85' lang='lat' dir='ltr'><strong>que</strong></span> <span class='ocrx_word' id='word_1_58' title='bbox 616 1282 696 1330; x_wconf 84' lang='lat' dir='ltr'><strong>vous</strong></span> <span class='ocrx_word' id='word_1_59' title='bbox 720 1282 916 1330; x_wconf 90' lang='lat' dir='ltr'><strong>concocrrez</strong></span> <span class='ocrx_word' id='word_1_60' title='bbox 939 1264 978 1330; x_wconf 91' lang='lat' dir='ltr'><strong>de</strong></span> <span class='ocrx_word' id='word_1_61' title='bbox 1003 1275 1071 1330; x_wconf 87' lang='lat' dir='ltr'><strong>tout</strong></span> <span class='ocrx_word' id='word_1_62' title='bbox 1093 1275 1183 1330; x_wconf 89' lang='lat' dir='ltr'><strong>vctre</strong></span> <span class='ocrx_word' id='word_1_63' title='bbox 1210 1269 1346 1347; x_wconf 77' lang='lat' dir='ltr'><strong>convoir</strong></span> <span class='ocrx_word' id='word_1_64' title='bbox 1368 1269 1387 1330; x_wconf 77' lang='lat' dir='ltr'><strong>a</strong></span> <span class='ocrx_word' id='word_1_65' title='bbox 1413 1269 1449 1333; x_wconf 85' lang='lat' dir='ltr'><strong>ia</strong></span> 
     </span>
     <span class='ocr_line' id='line_1_9' title="bbox 353 1364 1164 1446; baseline 0 -18"><span class='ocrx_word' id='word_1_66' title='bbox 353 1375 499 1446; x_wconf 83' lang='lat' dir='ltr'><strong>prompte</strong></span> <span class='ocrx_word' id='word_1_67' title='bbox 514 1374 544 1428; x_wconf 88' lang='lat' dir='ltr'><strong>et</strong></span> <span class='ocrx_word' id='word_1_68' title='bbox 560 1364 683 1430; x_wconf 84' lang='lat' dir='ltr'><strong>entiere</strong></span> <span class='ocrx_word' id='word_1_69' title='bbox 698 1364 865 1429; x_wconf 78' lang='lat' dir='ltr'><strong>execution</strong></span> <span class='ocrx_word' id='word_1_70' title='bbox 883 1365 922 1429; x_wconf 92' lang='lat' dir='ltr'><strong>dc</strong></span> <span class='ocrx_word' id='word_1_71' title='bbox 940 1373 1032 1430; x_wconf 88' lang='lat' dir='ltr'><strong>notre</strong></span> <span class='ocrx_word' id='word_1_72' title='bbox 1048 1365 1164 1430; x_wconf 88' lang='lat' dir='ltr'><strong>arrete.</strong></span> 
     </span>
    </p>
   </div>
   <div class='ocr_carea' id='block_1_3' title="bbox 476 1495 802 1560">
    <p class='ocr_par' dir='ltr' id='par_1_3' title="bbox 476 1495 802 1560">
     <span class='ocr_line' id='line_1_10' title="bbox 476 1495 802 1560; baseline -0.012 0"><span class='ocrx_word' id='word_1_73' title='bbox 476 1495 565 1560; x_wconf 85' lang='lat' dir='ltr'><strong>Salat</strong></span> <span class='ocrx_word' id='word_1_74' title='bbox 580 1505 611 1560; x_wconf 92' lang='lat' dir='ltr'><strong>et</strong></span> <span class='ocrx_word' id='word_1_75' title='bbox 627 1495 802 1560; x_wconf 80' lang='lat' dir='ltr'><strong>fraternite.</strong></span> 
     </span>
    </p>
   </div>
   <div class='ocr_carea' id='block_1_4' title="bbox 394 1643 1266 1725">
    <p class='ocr_par' dir='ltr' id='par_1_4' title="bbox 394 1643 1266 1725">
     <span class='ocr_line' id='line_1_11' title="bbox 394 1643 1266 1725; baseline -0.001 -16"><span class='ocrx_word' id='word_1_76' title='bbox 394 1648 453 1711; x_wconf 85' lang='lat' dir='ltr'><strong>Les</strong></span> <span class='ocrx_word' id='word_1_77' title='bbox 469 1645 746 1710; x_wconf 88' lang='lat' dir='ltr'><strong>administrateurs</strong></span> <span class='ocrx_word' id='word_1_78' title='bbox 762 1646 803 1708; x_wconf 92' lang='lat' dir='ltr'><strong>du</strong></span> <span class='ocrx_word' id='word_1_79' title='bbox 821 1643 1043 1724; x_wconf 83' lang='lat' dir='ltr'><strong>departentent</strong></span> <span class='ocrx_word' id='word_1_80' title='bbox 1060 1645 1099 1709; x_wconf 94' lang='lat' dir='ltr'><strong>de</strong></span> <span class='ocrx_word' id='word_1_81' title='bbox 1117 1645 1145 1708; x_wconf 88' lang='lat' dir='ltr'><strong>ia</strong></span> <span class='ocrx_word' id='word_1_82' title='bbox 1164 1645 1240 1725; x_wconf 84' lang='lat' dir='ltr'><strong>Dyie</strong></span> <span class='ocrx_word' id='word_1_83' title='bbox 1259 1667 1266 1708; x_wconf 92' lang='lat'><strong>:</strong></span> 
     </span>
    </p>
   </div>
   <div class='ocr_carea' id='block_1_5' title="bbox 514 1760 1394 1936">
    <p class='ocr_par' dir='ltr' id='par_1_5' title="bbox 514 1760 1394 1936">
     <span class='ocr_line' id='line_1_12' title="bbox 516 1760 878 1842; baseline -0.006 -18"><span class='ocrx_word' id='word_1_84' title='bbox 516 1761 557 1824; x_wconf 85' lang='lat' dir='ltr'><strong>Ln</strong></span> <span class='ocrx_word' id='word_1_85' title='bbox 573 1761 686 1837; x_wconf 80' lang='lat' dir='ltr'><strong>Hannv,</strong></span> <span class='ocrx_word' id='word_1_86' title='bbox 704 1760 878 1842; x_wconf 70' lang='lat' dir='ltr'><strong>president.</strong></span> 
     </span>
     <span class='ocr_line' id='line_1_13' title="bbox 514 1859 1394 1936; baseline 0 -12"><span class='ocrx_word' id='word_1_87' title='bbox 514 1861 664 1936; x_wconf 73' lang='lat' dir='ltr'><strong>Facetam,</strong></span> <span class='ocrx_word' id='word_1_88' title='bbox 685 1862 874 1933; x_wconf 81' lang='lat' dir='ltr'><strong>Fottnnctnv‚</strong></span> <span class='ocrx_word' id='word_1_89' title='bbox 892 1859 918 1922; x_wconf 82' lang='lat' dir='ltr'><strong>J.</strong></span> <span class='ocrx_word' id='word_1_90' title='bbox 937 1877 973 1922; x_wconf 84' lang='lat' dir='ltr'><strong>ne</strong></span> <span class='ocrx_word' id='word_1_91' title='bbox 991 1861 1111 1934; x_wconf 74' lang='lat' dir='ltr'><strong>denter,</strong></span> <span class='ocrx_word' id='word_1_92' title='bbox 1130 1859 1164 1922; x_wconf 83' lang='lat' dir='ltr'><strong>F.</strong></span> <span class='ocrx_word' id='word_1_93' title='bbox 1181 1860 1214 1921; x_wconf 83' lang='grc' dir='ltr'><strong>Ε.</strong></span> <span class='ocrx_word' id='word_1_94' title='bbox 1236 1862 1394 1924; x_wconf 76' lang='lat' dir='ltr'><strong>[inritans.</strong></span> 
     </span>
    </p>
   </div>
   <div class='ocr_carea' id='block_1_6' title="bbox 512 1959 1349 2134">
    <p class='ocr_par' dir='ltr' id='par_1_6' title="bbox 512 1959 1349 2134">
     <span class='ocr_line' id='line_1_14' title="bbox 512 1959 1349 2036; baseline 0 -14"><span class='ocrx_word' id='word_1_95' title='bbox 512 1959 688 2036; x_wconf 69' lang='lat' dir='ltr'><strong>satriano,</strong></span> <span class='ocrx_word' id='word_1_96' title='bbox 706 1959 929 2024; x_wconf 87' lang='lat' dir='ltr'><strong>commissaire</strong></span> <span class='ocrx_word' id='word_1_97' title='bbox 945 1959 985 2023; x_wconf 88' lang='lat' dir='ltr'><strong>do</strong></span> <span class='ocrx_word' id='word_1_98' title='bbox 1005 1959 1181 2024; x_wconf 86' lang='lat' dir='ltr'><strong>Divectoivc</strong></span> <span class='ocrx_word' id='word_1_99' title='bbox 1197 1960 1349 2024; x_wconf 79' lang='lat' dir='ltr'><strong>caecutis.</strong></span> 
     </span>
     <span class='ocr_line' id='line_1_15' title="bbox 515 2059 901 2134; baseline -0.003 -12"><span class='ocrx_word' id='word_1_100' title='bbox 515 2059 696 2134; x_wconf 74' lang='lat' dir='ltr'><strong>flaccescit,</strong></span> <span class='ocrx_word' id='word_1_101' title='bbox 714 2059 901 2124; x_wconf 87' lang='lat' dir='ltr'><strong>secretaire.</strong></span> 
     </span>
    </p>
   </div>
   <div class='ocr_carea' id='block_1_7' title="bbox 345 2575 1432 2859">
    <p class='ocr_par' dir='ltr' id='par_1_7' title="bbox 345 2575 1432 2859">
     <span class='ocr_line' id='line_1_16' title="bbox 387 2575 1432 2659; baseline -0.004 -15"><span class='ocrx_word' id='word_1_102' title='bbox 387 2578 435 2644; x_wconf 89' lang='lat' dir='ltr'><strong>Un</strong></span> <span class='ocrx_word' id='word_1_103' title='bbox 458 2579 614 2644; x_wconf 82' lang='lat' dir='ltr'><strong>indiculos</strong></span> <span class='ocrx_word' id='word_1_104' title='bbox 636 2577 863 2658; x_wconf 72' lang='lat' dir='ltr'><strong>chronoloqicvts</strong></span> <span class='ocrx_word' id='word_1_105' title='bbox 886 2579 1076 2641; x_wconf 81' lang='lat' dir='ltr'><strong>decretorum</strong></span> <span class='ocrx_word' id='word_1_106' title='bbox 1101 2594 1179 2659; x_wconf 82' lang='lat' dir='ltr'><strong>qtvoc</strong></span> <span class='ocrx_word' id='word_1_107' title='bbox 1200 2575 1321 2642; x_wconf 77' lang='lat' dir='ltr'><strong>soeculo</strong></span> <span class='ocrx_word' id='word_1_108' title='bbox 1341 2591 1432 2640; x_wconf 86' lang='lat' dir='ltr'><strong>xvtn⁰</strong></span> 
     </span>
     <span class='ocr_line' id='line_1_17' title="bbox 345 2677 1426 2762; baseline -0.005 -17"><span class='ocrx_word' id='word_1_109' title='bbox 345 2702 364 2745; x_wconf 87' lang='lat' dir='ltr'><strong>o</strong></span> <span class='ocrx_word' id='word_1_110' title='bbox 395 2680 490 2761; x_wconf 71' lang='lat' dir='ltr'><strong>Baloie</strong></span> <span class='ocrx_word' id='word_1_111' title='bbox 521 2679 775 2762; x_wconf 64' lang='lat' dir='ltr'><strong>cohortatoridua</strong></span> <span class='ocrx_word' id='word_1_112' title='bbox 811 2678 875 2740; x_wconf 87' lang='lat' dir='ltr'><strong>icto</strong></span> <span class='ocrx_word' id='word_1_113' title='bbox 911 2679 1036 2756; x_wconf 79' lang='lat' dir='ltr'><strong>suerunt</strong></span> <span class='ocrx_word' id='word_1_114' title='bbox 1075 2679 1155 2740; x_wconf 79' lang='lat' dir='ltr'><strong>circo</strong></span> <span class='ocrx_word' id='word_1_115' title='bbox 1194 2677 1426 2742; x_wconf 79' lang='lat' dir='ltr'><strong>Urviuerot&#39;iotem</strong></span> 
     </span>
     <span class='ocr_line' id='line_1_18' title="bbox 345 2774 1421 2859; baseline -0.01 -13"><span class='ocrx_word' id='word_1_116' title='bbox 345 2782 565 2846; x_wconf 67' lang='lat' dir='ltr'><strong>bavariensem</strong></span> <span class='ocrx_word' id='word_1_117' title='bbox 590 2797 606 2842; x_wconf 95' lang='lat' dir='ltr'><strong>a</strong></span> <span class='ocrx_word' id='word_1_118' title='bbox 630 2779 680 2843; x_wconf 84' lang='lat' dir='ltr'><strong>ete</strong></span> <span class='ocrx_word' id='word_1_119' title='bbox 704 2775 811 2859; x_wconf 83' lang='lat' dir='ltr'><strong>poblie</strong></span> <span class='ocrx_word' id='word_1_120' title='bbox 834 2775 972 2856; x_wconf 82' lang='lat' dir='ltr'><strong>na1·d1gr</strong></span> <span class='ocrx_word' id='word_1_121' title='bbox 990 2777 1033 2839; x_wconf 82' lang='lat' dir='ltr'><strong>ite</strong></span> <span class='ocrx_word' id='word_1_122' title='bbox 1050 2775 1127 2839; x_wconf 86' lang='lat' dir='ltr'><strong>Rarn</strong></span> <span class='ocrx_word' id='word_1_123' title='bbox 1145 2775 1226 2840; x_wconf 92' lang='lat' dir='ltr'><strong>dans</strong></span> <span class='ocrx_word' id='word_1_124' title='bbox 1242 2776 1269 2840; x_wconf 90' lang='lat' dir='ltr'><strong>ie</strong></span> <span class='ocrx_word' id='word_1_125' title='bbox 1285 2784 1367 2838; x_wconf 89' lang='lat' dir='ltr'><strong>tome</strong></span> <span class='ocrx_word' id='word_1_126' title='bbox 1384 2774 1421 2850; x_wconf 90' lang='lat' dir='ltr'><strong>ii,</strong></span> 
     </span>
    </p>
   </div>
   <div class='ocr_carea' id='block_1_8' title="bbox 342 2871 1428 3153">
    <p class='ocr_par' dir='ltr' id='par_1_8' title="bbox 342 2871 1428 3153">
     <span class='ocr_line' id='line_1_19' title="bbox 346 2871 1423 2960; baseline -0.008 -18"><span class='ocrx_word' id='word_1_127' title='bbox 346 2878 675 2960; x_wconf 76' lang='lat' dir='ltr'><strong>pp.1ttv3-·118t‚de</strong></span> <span class='ocrx_word' id='word_1_128' title='bbox 702 2877 862 2939; x_wconf 85' lang='lat' dir='ltr'><strong>i&#39;Histcria</strong></span> <span class='ocrx_word' id='word_1_129' title='bbox 888 2875 1126 2938; x_wconf 82' lang='lat' dir='ltr'><strong>Lcoanieociam</strong></span> <span class='ocrx_word' id='word_1_130' title='bbox 1153 2873 1192 2939; x_wconf 91' lang='lat' dir='ltr'><strong>de</strong></span> <span class='ocrx_word' id='word_1_131' title='bbox 1217 2873 1372 2939; x_wconf 75' lang='lat' dir='ltr'><strong>decianus.</strong></span> <span class='ocrx_word' id='word_1_132' title='bbox 1398 2871 1423 2933; x_wconf 91' lang='lat' dir='ltr'><strong>ii</strong></span> 
     </span>
     <span class='ocr_line' id='line_1_20' title="bbox 344 2971 1428 3044; baseline -0.007 -3"><span class='ocrx_word' id='word_1_133' title='bbox 344 2979 503 3044; x_wconf 84' lang='lat' dir='ltr'><strong>renferme</strong></span> <span class='ocrx_word' id='word_1_134' title='bbox 532 2977 727 3040; x_wconf 87' lang='lat' dir='ltr'><strong>l’indication</strong></span> <span class='ocrx_word' id='word_1_135' title='bbox 754 2975 793 3037; x_wconf 93' lang='lat' dir='ltr'><strong>de</strong></span> <span class='ocrx_word' id='word_1_136' title='bbox 820 2981 926 3038; x_wconf 88' lang='lat' dir='ltr'><strong>tontes</strong></span> <span class='ocrx_word' id='word_1_137' title='bbox 952 2975 999 3038; x_wconf 89' lang='lat' dir='ltr'><strong>ies</strong></span> <span class='ocrx_word' id='word_1_138' title='bbox 1025 2974 1250 3038; x_wconf 91' lang='lat' dir='ltr'><strong>ordonnanccs</strong></span> <span class='ocrx_word' id='word_1_139' title='bbox 1276 2971 1428 3035; x_wconf 87' lang='lat' dir='ltr'><strong>relatives</strong></span> 
     </span>
     <span class='ocr_line' id='line_1_21' title="bbox 342 3069 1427 3153; baseline -0.006 -13"><span class='ocrx_word' id='word_1_140' title='bbox 342 3076 359 3140; x_wconf 80' lang='lat' dir='ltr'><strong>e</strong></span> <span class='ocrx_word' id='word_1_141' title='bbox 404 3075 605 3141; x_wconf 88' lang='lat' dir='ltr'><strong>i&#39;Universite</strong></span> <span class='ocrx_word' id='word_1_142' title='bbox 648 3073 798 3139; x_wconf 87' lang='lat' dir='ltr'><strong>emanecs</strong></span> <span class='ocrx_word' id='word_1_143' title='bbox 838 3072 878 3136; x_wconf 91' lang='lat' dir='ltr'><strong>dn</strong></span> <span class='ocrx_word' id='word_1_144' title='bbox 920 3081 1172 3153; x_wconf 83' lang='lat' dir='ltr'><strong>gouvernement</strong></span> <span class='ocrx_word' id='word_1_145' title='bbox 1214 3070 1353 3150; x_wconf 84' lang='lat' dir='ltr'><strong>pendant</strong></span> <span class='ocrx_word' id='word_1_146' title='bbox 1395 3069 1427 3134; x_wconf 85' lang='lat' dir='ltr'><strong>ie</strong></span> 
     </span>
    </p>
   </div>
   <div class='ocr_carea' id='block_1_9' title="bbox 342 3175 551 3242">
    <p class='ocr_par' dir='ltr' id='par_1_9' title="bbox 342 3175 551 3242">
     <span class='ocr_line' id='line_1_22' title="bbox 342 3175 551 3242; baseline 0 -2"><span class='ocrx_word' id='word_1_147' title='bbox 342 3188 426 3240; x_wconf 80' lang='lat' dir='ltr'><strong>xvvn·</strong></span> <span class='ocrx_word' id='word_1_148' title='bbox 442 3175 551 3242; x_wconf 87' lang='lat' dir='ltr'><strong>siecle.</strong></span> 
     </span>
    </p>
   </div>
   <div class='ocr_carea' id='block_1_10' title="bbox 0 0 1616 4944">
    <p class='ocr_par' dir='ltr' id='par_1_10' title="bbox 0 0 1616 4944">
     <span class='ocr_line' id='line_1_23' title="bbox 0 0 1616 4944; baseline 0 9"><span class='ocrx_word' id='word_1_149' title='bbox 0 0 1616 4944; x_wconf 95' lang='lat' dir='ltr'><strong> </strong></span> 
     </span>
    </p>
   </div>
  </div>
 </body>
</html>
