3100 4942
701 405 913 483 -tbb-.

249 590 489 668 cuiuscumque
503 586 600 652 etiam
618 585 783 669 dignitatis
798 595 900 653 statim
915 587 1038 668 gradus
1055 584 1181 651 ordinis
1196 583 1246 650 uel
1262 597 1345 650 con·

255 685 384 751 dicimis
413 695 468 750 aut
497 685 728 766 preeminentie
758 686 854 751 luerit
881 685 1067 750 inhibentes
1095 700 1134 749 ec
1162 683 1194 746 in
1224 683 1343 748 uirtute

256 794 371 854 sancte
390 783 588 859 obediemim
608 793 641 849 et
663 785 724 849 sub
750 784 966 864 iulmeeriplis
986 782 1221 848 sententiarum
1245 780 1344 859 penis

255 883 433 948 districtiss
462 883 659 964 iniungendo
690 884 880 948 mandentes
907 899 948 948 ue
977 883 1111 964 poebtis
1127 879 1343 946 ³lluinersiteti

254 981 358 1062 Studij
384 982 597 1048 Lourniensis
616 990 671 1045 eut
691 981 873 1063 besalibus
894 999 954 1047 eeu
977 980 1167 1063 tegentibus
1187 976 1344 1059 predictis

250 1082 430 1164 quominus
445 1081 554 1146 omnia-
574 1091 606 1146 et
624 1081 750 1162 singula
765 1081 956 1161 supradicta
979 1097 1058 1145 suos
1080 1079 1208 1144 debitos
1228 1091 1345 1144 conse-

256 1191 396 1261 quentur
417 1177 553 1244 silemus
579 1179 843 1259 impedimentum
868 1169 999 1260 aliquod
1026 1177 1177 1258 prestetis
1200 1193 1257 1242 seu
1281 1173 1344 1256 ipsi

256 1288 412 1360 prestent.
428 1287 483 1343 aut
506 1277 755 1360 impedientibus
773 1279 958 1344 buiusmcdi
981 1277 1064 1343 detis
1080 1293 1138 1343 seu
1162 1277 1239 1342 deut
1254 1273 1345 1340 auni-

255 1377 346 1448 iium‚
364 1377 546 1452 consilium,
564 1377 614 1442 uel
631 1377 773 1442 lusorem
793 1393 850 1458 per
865 1393 923 1442 vos
938 1394 975 1442 se
992 1378 1041 1442 uei
1058 1376 1155 1440 ulium
1172 1391 1230 1440 seu
1247 1373 1343 1444 alios,

258 1476 385 1557 publice
411 1477 463 1541 uel
488 1477 627 1552 occulte,
651 1475 773 1540 directe
799 1477 850 1540 uel
878 1477 1047 1548 indirecte,
1071 1475 1189 1555 quouis
1209 1475 1254 1538 ed
1283 1471 1346 1536 boe

255 1575 385 1656 quesite
401 1574 529 1656 ingenio
545 1589 602 1639 sau
619 1575 741 1639 colore.
758 1575 846 1649 Quod
864 1574 891 1638 si
909 1575 991 1639 lorte
1008 1573 1164 1654 premisse
1189 1571 1298 1636 omnia
1315 1577 1348 1634 et

255 1673 383 1754 singula
406 1687 469 1737 non
492 1673 746 1753 adimpleueritis
768 1691 826 1738 seu
848 1672 1108 1754 adimpleuerint.
1125 1687 1162 1737 ac
1185 1669 1350 1736 mendatis

249 1781 291 1837 et
313 1771 545 1838 monitionibus
567 1773 688 1837 nostris
709 1790 785 1853 ymo
805 1773 912 1838 verius
933 1771 1122 1853 apostolicis
1143 1787 1206 1835 non
1229 1781 1345 1850 parue-

257 1870 330 1934 ritis
346 1885 403 1934 seu
421 1870 585 1949 paruerint
606 1887 678 1936 cunt
694 1870 825 1946 ellectu,
844 1887 903 1936 nos
925 1872 956 1934 in
974 1887 1033 1935 ros
1049 1887 1086 1935 ac
1102 1885 1160 1934 eos
1183 1885 1298 1933 omines
1314 1877 1348 1932 et

255 1969 403 2050 singulos
426 1969 644 2050 supradictos,
661 1981 693 2034 et
708 1970 901 2051 getremlitcr
923 1970 954 2034 in
970 1969 1227 2036 contradictores
1249 1983 1348 2047 nuos·

247 2066 335 2131 libet
359 2076 391 2131 et
417 2067 645 2141 rebellabant
671 2069 703 2132 iu
730 2069 898 2150 premissis
923 2069 1189 2148 impedimentum
1215 2065 1346 2146 aliquod

255 2174 437 2247 prestantes
463 2177 496 2230 st
516 2167 691 2247 protertur.
717 2168 783 2232 nisi·
801 2169 883 2232 inira
909 2185 966 2234 sex
984 2168 1054 2232 dies
1081 2177 1155 2249 post
1182 2175 1349 2247 presente-

254 2264 376 2330 tionem
407 2279 464 2330 seu
502 2265 753 2331 notificationem
788 2267 1000 2348 presentium,
1029 2283 1068 2331 ee
1099 2265 1345 2346 requisitionem

248 2363 369 2445 rigore
391 2365 586 2444 presentium
609 2365 656 2430 eis
673 2365 789 2440 betam
807 2381 944 2446 quorum
966 2382 1021 2431 ser
1037 2365 1161 2430 dierum
1183 2364 1267 2428 duos
1283 2379 1345 2444 pro

257 2462 374 2542 primo,
391 2462 474 2527 duos
495 2479 554 2544 pro
575 2463 733 2534 secundo.
748 2473 780 2528 et
802 2463 944 2544 reliquos
959 2463 1031 2528 dies
1046 2465 1083 2542 (li
1100 2463 1193 2528 vobis
1214 2461 1346 2541 stipsis

253 2560 407 2625 omnibus
432 2570 464 2625 er
483 2561 620 2642 singulis
646 2561 840 2642 supredictis
865 2579 924 2642 pro
946 2563 1047 2627 tercio
1072 2570 1104 2627 et
1125 2559 1345 2642 peremptorio

258 2657 397 2722 termino
426 2673 464 2724 ac
493 2658 670 2725 monitione
698 2661 853 2726 senonica
882 2661 1087 2743 assignamus
1113 2675 1130 2724 a
1156 2659 1346 2724 contradic-

248 2755 400 2822 tionibus
414 2765 447 2822 et
459 2758 696 2840 impedimentis
708 2759 836 2840 auxiliis
846 2759 994 2841 consiliis
1008 2769 1040 2824 et
1052 2759 1218 2825 fauoribus
1230 2759 1344 2824 buius-

248 2855 343 2920 ·modi
372 2857 498 2936 penitus
523 2858 708 2924 eromuino
734 2859 924 2924 destiteritis
947 2867 979 2923 et
1003 2859 1065 2940 ipsi
1091 2859 1344 2931 desideriosos

258 2971 343 3018 nunc
359 2965 453 3034 prout
468 2971 507 3020 ert
528 2963 665 3029 tuomet
687 2973 726 3020 cx
748 2966 824 3022 tune
847 2968 941 3037 prout
962 2975 1001 3022 ex
1023 2973 1121 3032 nuuc,
1137 2957 1346 3035 singulariter

252 3053 287 3114 in
310 3053 437 3133 singula
461 3053 546 3118 dicte
567 3054 723 3120 monnica
744 3055 922 3120 monitione
948 3056 1059 3136 preuia
1085 3054 1345 3120 excommunice-

257 3150 355 3214 tionis
381 3151 413 3214 in
441 3152 545 3232 ipsum
563 3169 638 3218 vero
659 3153 762 3218 mccli
790 3153 874 3218 Petri
898 3153 1040 3234 predicte
1062 3153 1244 3218 eteliarum
1265 3167 1344 3233 qua·

257 3265 467 3331 rumcumquc
500 3251 741 3333 collegiatarum
771 3263 803 3317 ct
836 3253 1101 3318 conuentualium
1130 3251 1344 3317 ecclesiarum

253 3355 395 3434 capitula
411 3365 442 3420 et
457 3355 593 3435 cmtepia
608 3356 642 3420 in
660 3357 721 3438 biis
737 3356 968 3437 delinquentia,
981 3356 1209 3439 suspensionis
1225 3373 1242 3420 a
1258 3356 1343 3420 diui-

255 3451 319 3526 nis,
336 3463 368 3518 et
386 3454 529 3534 ipsorum
542 3455 796 3536 delinquentium
812 3456 969 3520 ecclesias
984 3466 1016 3521 et
1033 3455 1228 3520 monasteria
1244 3455 1345 3520 inter-

247 3551 331 3615 -dieti
353 3553 564 3618 ecelesiastici
585 3553 764 3620 sententias
779 3555 911 3620 ierimus
928 3555 959 3618 in
977 3555 1039 3635 biis
1054 3555 1184 3636 scriptis
1200 3563 1232 3619 et
1247 3557 1343 3618 ctiam

255 3650 509 3730 promulgamus.
538 3652 635 3718 Vobis
661 3667 739 3718 vero
766 3653 956 3718 reuerendis
978 3655 1009 3717 iu
1037 3653 1161 3718 cbristo
1185 3653 1341 3734 patribus,

254 3753 287 3809 et
302 3745 442 3811 dominis
457 3749 598 3814 dominis
615 3750 784 3816 bendicusi
800 3759 833 3815 et
845 3749 1071 3817 cameracensi
1087 3751 1256 3832 Episcopis
1273 3764 1346 3831 pte·

256 3843 342 3916 lctis,
363 3845 480 3925 cuibus
501 3857 534 3912 et
554 3857 698 3914 vestrum
720 3848 855 3914 cuilibet
875 3849 917 3913 ob
940 3851 1140 3915 reuerentias
1162 3859 1344 3914 vestrarum

257 3943 870 4028 poenitentiumdignitatumdetcrimus
881 3949 913 4011 in
925 3935 985 4013 bac
1000 3950 1135 4030 pertesi
1148 3957 1261 4013 contra
1274 3963 1343 4028 pre·

293 4140 331 4212 (l)
353 4142 430 4198 Lissa
441 4146 510 4202 riuos
523 4161 558 4202 su
573 4145 628 4202 lieu
642 4146 677 4202 dc
688 4151 755 4200 dies.
