3246 4944
703 447 887 514 -ttltt-

743 683 849 748 LXIII.

290 817 422 893 Quando
438 834 515 882 vero
540 816 694 898 prolixius
716 814 813 880 fuerit
835 814 1109 895 impedimentum,
1135 813 1335 895 nejoveutus

249 917 375 999 aliquod
392 915 619 982 detrimentum
637 915 786 997 patiatur,
802 915 951 979 volumus
968 921 1000 978 ut
1015 913 1181 978 doctorem
1196 912 1335 994 aliquem

250 1017 300 1081 vel
316 1016 446 1080 doctum
463 1015 658 1080 licentIatum
675 1013 735 1079 sihi
752 1013 963 1086 substituerem
981 1012 1034 1095 qui
1051 1029 1163 1078 eornm
1178 1011 1335 1078 lectiones

250 1124 282 1180 et
298 1114 446 1180 materias
463 1123 686 1194 prosequatur,
707 1122 740 1178 ut
760 1111 935 1178 constituto
958 1120 1101 1194 tempore
1123 1120 1187 1178 tota
1207 1111 1334 1176 schola-

250 1213 329 1279 stica
351 1213 497 1278 doctrina
520 1212 602 1277 tradi
627 1213 740 1293 possit,
757 1222 789 1278 et
812 1212 844 1275 in
860 1209 1034 1291 Scripturis
1049 1211 1169 1275 sanctis
1181 1209 1334 1290 iuventus

249 1313 355 1379 debite
371 1313 545 1379 erudiatur.

739 1441 842 1506 LXIV.

291 1575 327 1640 Et
358 1584 391 1641 ut
419 1577 654 1658 disputationes
688 1574 900 1656 theologicae,
932 1589 1012 1656 quae
1041 1573 1184 1640 omilium
1210 1573 1332 1656 judicio

249 1676 385 1740 maxime
414 1687 488 1738 sunt
520 1674 723 1740 necessariae
753 1683 784 1739 et
812 1673 918 1748 unies,
947 1672 978 1735 in
1005 1672 1121 1754 quihus
1146 1681 1332 1754 argumenta

249 1773 450 1854 potissimum
480 1773 595 1838 deduci
622 1773 769 1838 volumus
798 1789 835 1836 ex
866 1771 967 1836 sacris
996 1771 1182 1852 scripturis,
1210 1771 1332 1837 sanctis

248 1869 393 1936 coriciliis
410 1871 633 1952 Patribusque,
651 1883 683 1936 et
704 1865 882 1936 rationibus
905 1869 1019 1936 exinde
1041 1869 1201 1947 deductis,
1220 1869 1331 1951 maiori

248 1988 320 2035 curn
336 1972 540 2036 solemnitate
562 1981 593 2036 et
616 1971 880 2050 disputandarum
905 1969 1107 2034 materiarum
1128 1969 1331 2035 discussione

248 2079 279 2134 et
301 2071 444 2135 examine
467 2070 553 2144 darn,
579 2070 727 2134 volumus
750 2077 965 2149 acquantum
989 2067 1058 2133 lieri
1081 2077 1197 2148 potest,
1218 2084 1331 2133 omnes

248 2169 397 2233 doctores
421 2170 460 2232 iis
483 2170 644 2242 intersint,
662 2178 692 2233 et
709 2168 896 2250 praesertim
912 2177 985 2232 octo
1001 2169 1055 2248 qui
1072 2176 1148 2232 sunt
1162 2166 1202 2232 de
1218 2167 1330 2232 stricto

248 2269 406 2333 facultatis
423 2269 620 2350 theologicae
636 2267 784 2349 collegio,
799 2283 836 2332 ac
849 2267 880 2330 iu
894 2267 1020 2348 iuribus
1037 2266 1165 2331 statutis
1178 2283 1329 2348 praesen-

248 2377 295 2432 tes
310 2368 514 2447 participant;
530 2379 561 2432 ut
574 2369 627 2449 qui
640 2367 771 2432 scholae
784 2366 1010 2432 emolumentis
1022 2367 1172 2448 gaudent,
1186 2365 1330 2446 eiusdem

246 2465 340 2528 etiam
358 2465 524 2530 utilitatem
541 2475 635 2548 atque
652 2466 857 2547 splendorem
875 2474 1095 2545 promoveant.

751 2613 840 2677 txv.

291 2745 328 2810 Et
355 2757 389 2812 ut
414 2747 486 2811 aliis
511 2765 638 2828 quoque
664 2747 852 2813 doctoribus
881 2747 919 2811 ad
950 2746 1200 2826 comparendum
1229 2746 1335 2811 calcar

251 2846 398 2916 addatur.
413 2847 638 2926 praecipimus,
653 2855 686 2910 ut
694 2845 783 2927 juxta
797 2846 953 2911 facultatis
965 2854 1081 2910 statuta
1094 2846 1124 2908 in
1138 2845 1335 2911 admissione

252 2945 290 3006 ad
314 2943 459 3008 strictum
483 2944 653 3025 collegium
677 2945 814 3026 diligens
832 2945 1018 3009 eorumdem
1035 2944 1223 3009 adhibeatur
1238 2945 1332 3020 ratio,

253 3043 354 3121 utqui
371 3042 456 3106 sicut
471 3043 617 3106 docendo
633 3043 675 3107 ita
692 3053 723 3107 et
738 3043 931 3125 disputando
953 3043 1093 3108 studium
1117 3043 1332 3124 theologicum

249 3140 418 3221 dihgeuter
448 3151 693 3222 promoverunt,
725 3141 764 3206 iis
795 3143 1030 3222 praeferantur,
1063 3143 1117 3224 qui
1148 3143 1180 3205 in
1210 3142 1270 3206 hac
1299 3159 1334 3207 re

249 3239 366 3304 luerIut
383 3240 647 3322 negligentiores.

743 3371 842 3435 lxvi.

291 3501 327 3565 Et
352 3512 385 3567 ut
409 3503 589 3586 theologiae
610 3503 747 3569 studiosi
771 3503 908 3568 debitam
926 3503 1062 3570 habeant
1078 3513 1151 3570 antu
1166 3504 1333 3570 baccalau-

250 3613 371 3665 reatum
402 3619 479 3667 suae
509 3602 720 3683 prolessIonis
750 3603 978 3685 cognitionem,
1004 3603 1175 3668 statuimus
1205 3612 1239 3668 ut
1269 3621 1331 3669 uon

249 3699 341 3765 aliter
370 3701 408 3764 ad
439 3701 576 3782 primum
613 3701 888 3768 naceataureatum
925 3703 1141 3778 admittantur,
1173 3719 1267 3783 quam
1304 3702 1332 3766 si

250 3797 366 3863 luerint
402 3799 516 3865 artium
551 3802 706 3882 magistri,
733 3813 787 3866 aut
817 3801 970 3882 religiosi,
999 3811 1031 3866 et
1060 3801 1121 3865 nisi
1151 3809 1264 3882 quarto
1293 3801 1332 3866 ad

250 3896 354 3961 minus
383 3917 399 3960 a
431 3901 633 3979 promotione
663 3901 711 3965 rel
749 3900 847 3964 studii
885 3900 1057 3981 theologici
1095 3899 1213 3981 incepti
1249 3917 1333 3966 anno

249 3995 388 4074 expleto,
405 4005 436 4061 et
452 3997 490 4060 ad
511 3999 617 4062 minus
634 4008 699 4062 tres
717 3999 884 4079 primarias
899 3999 1067 4073 lectiones,
1084 4015 1195 4064 sacrae
1210 3999 1333 4066 scilicet

248 4092 431 4173 scripturae
448 4105 478 4160 et
491 4096 570 4160 duas
587 4097 801 4162 scholasticae
818 4097 1010 4178 theologiae,
1020 4106 1128 4164 exacte
1139 4097 1331 4174 audiverint,

249 4201 281 4266 et
303 4210 339 4256 ea
362 4193 402 4260 de
426 4210 460 4258 re
483 4195 521 4260 ah
544 4195 623 4286 ipsis
647 4196 886 4285 proiessorihus
909 4197 1129 4268 testimouium
1148 4197 1330 4280 attulerint;
