3194 4940
715 347 901 440 -sasss

261 555 399 626 concedi
416 555 588 639 contigerit
603 557 870 642 quandocumque
880 558 915 624 in
929 513 1094 637 posterum
1104 554 1253 636 prelatis,
1266 553 1358 636 capia.

265 656 354 728 tulis,
369 655 528 740 collegiis,
543 657 759 725 conuentibus
768 667 802 724 et
813 655 967 737 personis
981 655 1147 738 prediotia.
1162 652 1352 734 procidendi

264 764 296 820 et
308 751 500 838 disponendi
513 754 554 822 de
567 753 734 822 beneflciis
746 754 945 822 ecclesiastis
957 754 995 818 ad
1008 769 1121 818 eorum
1135 751 1357 828 collationato,

265 855 499 938 precisionem,
516 853 801 936 presentationem,
816 854 1008 922 electionem
1023 869 1080 918 scu
1093 851 1243 936 anamais
1257 851 1354 920 uliam

265 953 511 1034 dispositionem
525 953 749 1036 spectantibus
762 954 792 1018 in
807 954 907 1019 certis
921 951 1087 1017 mensibus
1100 961 1175 1016 tunc
1187 951 1353 1032 expressis

265 1067 326 1134 pro
341 1061 486 1132 tempato
495 1052 697 1130 necantibus,
710 1051 1037 1134 percunstitntiones
1052 1051 1123 1116 siue
1135 1051 1248 1116 literus
1264 1050 1360 1116 alter·

268 1151 364 1215 natlm
378 1150 427 1216 vel
439 1151 519 1214 alias
532 1151 749 1229 facultatibus,
763 1168 844 1234 quas
859 1151 1008 1216 nolumus
1020 1149 1068 1214 eis
1080 1149 1184 1232 quoad
1199 1149 1355 1230 premissa

267 1248 509 1332 nmmodolibct
525 1247 706 1337 suffragari,
721 1267 760 1316 ac
776 1249 955 1332 priuilepiis
971 1249 1172 1330 principibus
1184 1257 1218 1312 et
1235 1247 1360 1313 nationi

268 1346 455 1418 memnone
467 1363 524 1414 seu
541 1347 720 1415 eindiectis
735 1347 914 1430 prouinciis
924 1355 957 1413 et
968 1347 1166 1421 diocesibns,
1180 1363 1358 1428 eorumque

268 1445 443 1528 Qiecnpis,
452 1446 601 1528 pretatis,
615 1447 778 1528 capitulis,
792 1445 1183 1526 conuentionenotlegits
1196 1453 1230 1510 et
1243 1459 1362 1526 peteo*

270 1544 505 1627 nientrinsone
525 1545 855 1623 condemnatoribus
876 1553 907 1610 ot
924 1543 1140 1626 regularibus,
1156 1559 1215 1625 per
1231 1544 1357 1608 nosnel

270 1643 550 1720 ”demostenem
564 1646 661 1710 etiam
679 1661 736 1726 por
749 1644 877 1710 modum
890 1641 1131 1716 declarationis,
1145 1641 1361 1718 extensionis,

271 1742 320 1810 rel
341 1759 431 1810 incus
454 1743 692 1825 aggregationis
718 1743 948 1815 subsecutum,
978 1741 1146 1823 literisque
1171 1741 1365 1822 apostolicis

271 1840 421 1922 desuper,
450 1841 545 1906 etiam
574 1859 646 1906 cum
671 1841 830 1915 clausula,
859 1841 944 1922 quod
972 1840 1036 1904 illis
1067 1839 1128 1904 nisi
1157 1857 1214 1920 per
1242 1840 1359 1906 trinum

270 1938 525 2022 Negationem,
550 1941 691 2005 diuersis
716 1940 820 2006 literis
847 1949 879 2006 et
901 1939 1112 2018 temporibus,
1138 1949 1168 2004 et
1194 1939 1273 2003 alios
1294 1938 1367 2003 sub

270 2038 370 2104 certis
389 2038 484 2106 modo
506 2049 538 2104 et
554 2039 654 2104 lorme
678 2039 805 2115 iactam
822 2038 971 2120 derogari
996 2053 1059 2102 nott
1082 2048 1271 2112 censentem
1290 2053 1359 2118 pre·

270 2138 381 2204 sertim
404 2137 557 2218 episcopo
580 2147 612 2202 et
626 2139 778 2220 capitulo,
796 2154 833 2203 ac
856 2136 1066 2202 collatoribus
1090 2145 1120 2201 ct
1135 2136 1366 2201 collatrieibns·

271 2236 411 2302 cinitmm
432 2245 464 2301 ct
487 2236 629 2302 diocesis
647 2237 834 2302 leodiensis
857 2239 1039 2310 concessis,
1059 2251 1117 2300 nec
1143 2253 1205 2300 non
1230 2234 1365 2300 statutis

270 2343 301 2400 et
327 2334 621 2400 »consuetudinibus
649 2336 788 2400 ecclesie
815 2336 862 2400 nel
895 2335 1117 2407 ecclesiarum,
1146 2335 1177 2396 in
1208 2351 1270 2414 qna
1301 2351 1363 2397 seu-

270 2432 387 2515 quibus
405 2433 593 2498 beneficium
615 2449 673 2498 seu
691 2434 848 2499 benellcia
869 2443 901 2498 et
916 2433 1021 2498 cilicia
1039 2431 1222 2496 huiusmodi
1250 2433 1363 2497 lorsan

272 2531 400 2604 inerint,
417 2531 610 2607 iuramento,
629 2532 874 2597 confirmatione
897 2533 1073 2611 apostolica
1091 2533 1138 2594 trel
1164 2531 1280 2613 quouis
1301 2533 1360 2594 llr·

274 2630 382 2696 oritate
396 2631 457 2694 alia
480 2629 643 2695 roboratis
658 2631 831 2696 contrariis
851 2631 1128 2712 quibuscumque;
1146 2643 1199 2693 aot
1216 2630 1242 2691 si
1264 2629 1364 2710 alicui

273 2745 372 2810 snper
398 2729 642 2811 pronieionibus
669 2730 730 2794 sibi
758 2730 914 2794 iaciendis
939 2729 981 2794 dc
1005 2729 1187 2794 buiusmodi
1217 2732 1263 2792 vel
1290 2727 1368 2791 aliis

273 2827 439 2892 benenattn
452 2845 509 2892 sen
524 2827 640 2891 olilclis
656 2828 902 2901 ecciesiasticis,
917 2828 947 2890 in
965 2828 1030 2891 illis
1045 2829 1188 2907 partibus
1204 2827 1369 2906 speciales

273 2926 323 2994 uel
339 2928 509 3007 generales
523 2927 610 2992 dicte
626 2928 714 2992 sedis
734 2929 783 2992 uel
800 2929 978 3008 legatorum
1002 2927 1073 2991 eins
1091 2927 1198 2990 literas
1214 2929 1363 3006 impetra·

273 3023 349 3102 rint,
375 3024 524 3089 etiarnsi
552 3041 608 3106 per
633 3041 690 3089 can
717 3027 756 3090 ad
785 3025 1022 3098 inhibitionem,
1052 3025 1305 3089 reseruationem
1331 3029 1365 3088 et

274 3123 453 3200 decretum,
481 3125 529 3190 vel
556 3125 635 3188 alies
665 3125 906 3206 quomodolibet
937 3125 978 3189 sit
1011 3141 1212 3205 processum.
1242 3123 1369 3199 Quibus

274 3223 425 3291 omnibus
445 3224 542 3288 etiam
565 3225 758 3289 auctoritato
782 3233 903 3300 nostra,
928 3233 960 3288 et
978 3223 1042 3288 nub
1066 3239 1269 3304 cuneumque
1291 3223 1368 3286 data·

273 3321 323 3386 uel
340 3322 440 3386 lorma
457 3323 641 3398 verborum,
658 3324 843 3388 etiamnum
860 3321 1097 3405 quantumlibet
1110 3323 1237 3402 magnis
1255 3335 1365 3401 prero-

274 3421 404 3502 munis,
439 3422 697 3504 quibuscumque
736 3423 884 3504 persenis
920 3421 1152 3502 cuiuscumque
1189 3421 1369 3504 dignitatis,-

274 3527 389 3594 statns,
403 3521 681 3602 gradanordinie,
692 3521 891 3588 conditionis
906 3522 955 3585 rel
969 3521 1202 3602 proeminentia
1213 3520 1364 3594 existant,

274 3634 293 3682 a
318 3618 411 3682 nobis
437 3619 486 3682 vol
509 3621 588 3685 sede
612 3621 756 3700 predicta
779 3635 982 3701 quocumque
1011 3628 1158 3698 respectu
1182 3617 1230 3682 vel
1254 3631 1369 3694 cuasa,

275 3723 307 3781 cl
332 3733 405 3782 cum
427 3717 686 3800 quibuscumque
712 3719 867 3784 clausulis
890 3728 1182 3798 quatitumcumque
1206 3733 1365 3798 pregnan-

274 3812 373 3889 tibus,
391 3816 486 3880 etiarn
500 3817 780 3898 derogatorlarum
797 3816 1024 3897 derogatoriis,
1042 3816 1211 3880 concessis
1227 3818 1276 3880 vel
1293 3827 1371 3880 con·

273 3911 428 3988 cedendis
444 3915 717 3996 exspectantibus,
730 3915 869 3997 prelatos
885 3915 1067 3980 nominatos
1084 3915 1114 3977 in
1134 3914 1365 3980 benellciornm

273 4019 306 4079 et
327 4012 508 4080 olllciorum
530 4015 764 4096 premissorum
790 4014 997 4080 assecutione
1018 4011 1169 4079 volumus
1194 4014 1369 4088 anteferre

275 4110 335 4176 sed
353 4111 473 4180 nullum
499 4128 555 4194 per
574 4112 636 4177 boc
658 4113 706 4177 eis
734 4111 838 4193 quoad
867 4109 1106 4178 assecutionem
1135 4109 1369 4206 beneficiorum
