3112 4942
733 428 897 494 ..38-

261 605 417 694 *nenoiam
432 606 599 689 priuilegia
610 615 641 674 et
653 607 816 674 libertates
826 609 1098 686 commirans.
1111 607 1196 691 quod
1212 607 1360 686 predicte

262 703 380 778 littere
402 713 434 770 et
456 723 656 788 quecumque
679 707 754 774 inde
775 719 888 774 secutu
908 708 1026 774 nullius
1041 709 1217 774 existerent
1233 705 1361 772 roboris

276 804 325 868 vel
342 805 508 882 momenti,
526 815 619 888 prout
635 806 666 870 in
690 807 843 888 predictis
868 807 983 873 litteris
1005 806 1206 888 apostolicis,
1224 821 1359 888 quarum

258 903 508 968 ¹,continenciam
532 913 564 969 et
590 913 734 970 tenorem
762 906 965 986 presentibus
992 905 1101 970 baberi
1125 905 1274 970 uolumus
1302 921 1360 985 pro

274 999 474 1066 sufficienter
494 1004 704 1083 expressatis,
723 1003 848 1084 plenius
864 1005 1002 1070 uidimus
1024 1003 1196 1069 contineri.
1212 1003 1280 1067 Nos
1303 1002 1361 1084 igi-

275 1107 339 1171 tur,
368 1100 421 1181 qui
445 1100 527 1166 inter
550 1101 737 1182 multiplicia
761 1103 878 1183 quibus
903 1103 1013 1168 diuine
1040 1102 1179 1183 potimur
1205 1100 1361 1183 largitatis

276 1195 404 1273 albuuin,
424 1200 621 1281 principatus
643 1211 674 1265 et
695 1202 836 1267 dominia
852 1201 994 1267 debitum
1011 1201 1278 1267 rememoratione
1296 1200 1361 1282 iugi

274 1307 505 1363 connectentes
521 1298 680 1374 intuitum,
698 1299 760 1382 biis
776 1317 979 1379 summopere
996 1300 1159 1366 reddimur
1174 1300 1286 1365 intenti
1304 1315 1361 1380 pet·

261 1411 340 1476 que
361 1396 399 1460 ad
423 1413 625 1462 communem
648 1399 833 1464 eorumdem
858 1408 1043 1466 nostrorum
1068 1400 1303 1479 principatuum
1328 1407 1361 1464 el

264 1493 503 1574 dominiorum,
528 1505 560 1560 et
581 1496 744 1577 signanter
766 1499 901 1564 ducatus
929 1498 1030 1562 nostri
1058 1497 1241 1572 brabantie,
1266 1513 1360 1578 quem

264 1608 334 1656 'sua
350 1593 467 1659 virtute
490 1607 642 1675 poscente
667 1613 731 1662 non
757 1596 917 1662 immerito
940 1614 997 1678 pre
1020 1597 1139 1662 celeris
1161 1596 1359 1668 adamamus.

277 1691 440 1773 totiusque
452 1693 497 1757 rei
515 1693 640 1772 publice
655 1695 926 1769 commoditatem,
943 1695 1106 1760 utilitatem
1122 1705 1154 1760 et
1171 1693 1359 1774 proiectum.

273 1787 462 1871 inquorum
482 1793 695 1872 prosperitate
710 1793 819 1875 vtique
842 1810 1081 1875 prosperamur,
1099 1794 1240 1858 studium
1264 1809 1361 1872 qene-

277 1889 344 1953 rnlo
373 1889 578 1963 louanicnse.
612 1909 667 1972 pcr
696 1909 755 1958 nos
785 1893 919 1957 summis
949 1893 1122 1972 expetitum
1153 1891 1298 1972 consiliis
1328 1900 1362 1956 ct

260 1988 1360 2072 .ardentibusdesiderijsetpectntum,persanctissimumdominum

278 2097 424 2151 nostrum
441 2089 652 2168 apostolicum
670 2100 731 2155 tam
748 2092 894 2156 consulte
910 2107 1003 2172 qnam
1017 2091 1152 2172 prouida
1165 2091 1202 2154 ad
1219 2100 1360 2154 nostram

263 2185 434 2266 crebram,
451 2198 484 2250 vt
507 2188 711 2267 premittitur,
736 2190 924 2254 instanciam
947 2190 1129 2254 ordinatum
1152 2196 1184 2254 et
1205 2199 1359 2260 erectum.

276 2285 328 2348 cui
349 2285 410 2348 iam
430 2287 532 2364 gratia
553 2289 730 2368 opitulante
749 2289 858 2352 diuina
873 2289 914 2352 de
928 2287 1159 2370 spectabilibus
1175 2296 1208 2352 cl
1221 2284 1361 2367 egregiis

275 2385 480 2458 doctoribus,
514 2387 693 2468 magistris.
726 2387 921 2464 licenciatis,
958 2386 1146 2468 baccalarijs
1182 2399 1215 2452 et
1252 2387 1361 2466 tegen-

276 2482 373 2556 libus.
402 2485 610 2566 ipsorumque
635 2485 820 2567 stipendiis,
847 2485 1013 2560 domibus,
1041 2484 1205 2566 scampnis
1232 2494 1264 2549 ct
1289 2481 1360 2562 alijs

275 2581 314 2644 ad
338 2581 368 2644 id
393 2583 576 2648 necessario
593 2583 757 2664 requisitis
774 2583 971 2648 sufficienter
987 2583 1186 2662 prouidimus
1202 2594 1234 2646 et
1251 2581 1359 2662 qtroul-

275 2679 343 2744 deti
367 2680 509 2756 lecimus.
528 2691 590 2745 lnm
613 2683 815 2747 laudabiliter
837 2683 1020 2746 inclinatum
1043 2682 1103 2746 deo
1128 2681 1272 2761 propicio
1290 2679 1359 2746 teti·

276 2777 368 2842 cibus
390 2780 451 2844 sub
473 2780 626 2861 euspicijs
649 2782 828 2846 continuari
853 2783 956 2846 valeat
978 2790 1131 2861 perpetue
1158 2781 1359 2844 duraturum.

276 2877 476 2959 Quapropter
499 2881 629 2960 dignum
652 2881 844 2944 arbitramur
865 2891 896 2944 et
920 2879 1032 2944 rationi
1056 2894 1248 2958 congruum.
1273 2877 1361 2942 debi-

276 2985 342 3040 tum
359 2978 459 3042 eciam
475 2979 571 3060 exigit
586 2979 737 3059 equitatis
748 2989 781 3042 vt
795 2994 909 3044 omnes
925 2988 956 3042 ct
972 2978 1118 3058 singulos
1130 2977 1167 3040 ad
1184 2977 1360 3056 predictum

275 3075 407 3154 opidum
426 3087 569 3142 nostrum
586 3077 765 3142 studiorum
778 3093 875 3141 causa
888 3076 1091 3141 conduentes
1104 3086 1135 3139 et
1148 3091 1205 3155 pro
1219 3085 1362 3154 lompote

225 3204 241 3220 -»
276 3172 432 3254 degentes
457 3175 488 3238 in
515 3176 627 3240 eodem
650 3176 781 3256 speciali
807 3191 1038 3255 prosequamur
1060 3173 1161 3254 gratia
1186 3184 1217 3236 et
1240 3174 1361 3244 latiore,

236 3307 238 3312 .
275 3273 451 3336 abeodem
479 3274 648 3354 priuilegio
678 3291 742 3354 quo
770 3283 898 3337 ceteros
929 3273 1109 3353 burgenses
1141 3281 1272 3335 nostros
1303 3269 1362 3334 sub

275 3369 397 3434 alarum
422 3382 603 3436 nostrarum
627 3371 782 3452 regimine
805 3381 1020 3452 protegamus,
1039 3380 1071 3432 vt
1093 3387 1131 3434 eo
1156 3369 1310 3433 libentius
1332 3377 1363 3432 et

277 3469 442 3534 liberalius
466 3472 641 3536 litterarum
664 3470 779 3550 studiis
796 3471 972 3542 intendant.
990 3487 1054 3550 quo
1071 3468 1316 3532 habundancius
1332 3476 1362 3532 el

277 3568 408 3634 vberius
424 3570 524 3633 nostri
543 3569 663 3634 luuoris
677 3571 778 3650 gratia
794 3585 831 3634 so
846 3569 984 3633 sentiunt
999 3567 1227 3632 communitos.
1343 3633 1345 3640 ,

511 3726 674 3784 Concession
694 3733 740 3781 des
759 3733 847 3781 drolls
868 3735 893 3780 el
912 3732 960 3780 der
976 3731 1129 3792 prioiiepes.

322 3857 402 3922 ilino
416 3868 466 3923 est
481 3859 565 3939 quod
583 3875 655 3934 nos,
672 3859 780 3922 aiiimo
795 3858 973 3923 deliberato
988 3864 1019 3921 et
1036 3857 1075 3922 do
1091 3873 1170 3920 sano
1186 3873 1223 3919 ac
1241 3865 1364 3922 maturo

280 3972 461 4036 procerum,
479 3967 671 4038 magnatum.
690 3956 855 4031 comitum,
873 3956 1027 4020 baronum
1051 3964 1083 4020 et
1107 3955 1260 4019 nobilium
1286 3955 1365 4020 lide-

264 4055 355 4118 iium
380 4064 563 4120 nostrorum
586 4055 723 4119 consilio
749 4055 914 4134 peniteret
933 4070 1082 4127 assensu,
1101 4069 1158 4132 pro
1179 4053 1273 4118 uobis
1290 4069 1365 4118 nos·

280 4153 402 4234 trisque
420 4153 592 4236 beredibus
615 4163 647 4217 cl
669 4152 915 4218 successoribus
941 4151 1106 4215 brabentie
1128 4151 1278 4226 ducibus
1296 4151 1364 4216 rni-
