3112 4942
631 469 728 542 -te
751 511 792 527 ..

156 655 344 739 homicidiis
366 666 398 722 et
424 657 561 738 notoriis
586 659 839 738 presbiterorum
865 669 898 727 et
923 659 1060 726 aliorum
1087 659 1118 723 in
1146 658 1252 725 sacris

155 758 330 822 ordinibus
352 759 599 824 constitutorum
628 761 834 826 focariatibus
860 770 892 827 et
917 761 988 844 alijs
1011 759 1171 826 similibus
1202 761 1252 825 uel

157 857 337 924 maioribus
360 857 567 931 criminibus;
594 859 767 926 inionibus
785 877 862 926 nero
886 869 917 927 et
934 860 1112 926 minoribus
1137 875 1251 925 exces-

158 957 265 1032 sibus,
285 965 394 1037 utputa
411 957 642 1032 contractibus,
660 959 828 1041 conuiciis,
848 959 970 1040 iurgiis,
988 959 1251 1024 contentionibus

160 1067 195 1121 et
217 1056 344 1122 leuibus
368 1071 516 1119 manuum
535 1055 775 1133 iniectionibus,
793 1057 894 1124 eciam
911 1059 938 1122 si
955 1057 1122 1138 sanguinis
1137 1056 1255 1123 effusio

160 1157 244 1220 citra
260 1166 365 1221 tamen
383 1157 514 1220 vafriora
531 1164 648 1221 tentata
665 1167 696 1222 et
712 1174 863 1224 enormes
878 1158 1020 1240 lesiones
1037 1156 1113 1220 inde
1137 1157 1256 1223 fuerint
1296 1165 1299 1172 '

161 1263 289 1329 secuta,
306 1270 343 1320 ao
361 1254 480 1319 ceteris
495 1253 665 1330 similibus,
683 1271 720 1320 ac
736 1256 836 1321 eciam
853 1254 1031 1320 leuioribus
1047 1255 1253 1327 excessibus,

159 1363 380 1434 cognoscatur
396 1353 427 1416 in
443 1353 530 1417 dicto
545 1353 643 1434 opido
660 1371 716 1436 per
731 1355 807 1421 illos
822 1355 940 1436 quibus
957 1353 987 1417 id
1004 1363 1035 1419 et
1050 1354 1083 1417 in
1099 1362 1251 1435 quantuor

161 1451 267 1517 forma
291 1450 449 1533 priuilegij
473 1452 633 1528 concedit,
658 1461 690 1518 et
714 1454 867 1534 perillus
891 1452 1082 1533 corrigatur.
1106 1456 1197 1528 ltem,
1217 1467 1257 1516 ue

159 1553 237 1633 quis
266 1551 307 1613 dc
336 1550 420 1615 dicta
451 1549 665 1616 Vniuersitate
694 1552 868 1617 occasione
904 1549 1007 1615 litium
1045 1551 1106 1615 sibi
1146 1551 1255 1616 forsan

163 1648 396 1714 mouendarum
426 1664 443 1711 a
472 1665 532 1713 suo
563 1648 672 1714 studio
702 1649 1173 1725 distrahatur,concordatum
1205 1660 1257 1716 est

162 1749 252 1831 quod
279 1757 390 1814 contra
419 1763 476 1813 eos
504 1749 698 1827 procedatur
723 1738 909 1823 summarie,
938 1747 1129 1830 simpliciter
1156 1757 1188 1814 ct
1217 1748 1258 1813 de

165 1849 276 1929 plano.

211 1948 303 2022 ltenr,
322 1963 360 2012 ne
375 1947 449 2028 quis
464 1947 504 2011 de
519 1946 603 2012 dicta
617 1947 844 2024 Vniuersitate,
857 1949 998 2012 instante
1012 1963 1070 2012 seu
1084 1947 1258 2030 instigante

167 2055 380 2129 procuratore
403 2046 512 2128 officii,
530 2063 637 2112 coram
655 2045 814 2128 Episcopo
838 2063 895 2112 seu
920 2045 1052 2127 prelatis
1072 2046 1123 2112 vol
1146 2063 1257 2112 eorum

166 2145 299 2227 vicariis
315 2161 413 2227 super
429 2145 590 2227 aliquibus
606 2146 795 2212 excessibus
811 2146 848 2210 ad
867 2145 1021 2211 iudicium
1038 2146 1259 2228 calumpniose

165 2245 218 2310 rel
246 2244 412 2309 maliciose
434 2255 588 2310 euocetur
610 2245 659 2310 rel
682 2249 841 2321 trabatur,
858 2244 1087 2310 concordatum
1108 2247 1258 2326 estquod

165 2343 242 2408 talis
260 2350 463 2424 procurator,
481 2343 542 2408 nisi
560 2343 676 2409 factum
692 2345 741 2410 vel
760 2345 873 2408 famam
889 2343 1044 2426 legittime
1061 2344 1257 2425 probauerit,

168 2461 227 2526 per
244 2443 383 2508 iudicem
399 2459 496 2508 cause
509 2443 692 2510 huiusmodi
707 2444 856 2524 puniatur
868 2442 1136 2508 irremissibiliter
1148 2445 1258 2509 eadem

168 2553 202 2609 et
218 2544 376 2610 consimili
396 2561 474 2623 pena
490 2559 551 2625 qua
567 2543 674 2608 dictus
690 2543 722 2606 in
743 2560 872 2608 causam
895 2543 1115 2622 calumpniose
1140 2551 1260 2609 tractus

172 2643 355 2722 puniendus
371 2641 505 2716 reuirat,
522 2641 550 2706 si
574 2641 744 2722 impositus
767 2642 828 2707 sibi
844 2659 998 2708 excessus
1014 2642 1168 2724 legittime
1185 2658 1260 2723 pro-

172 2744 267 2806 batus
289 2743 416 2817 fuisset,
434 2741 546 2806 eodem
571 2750 779 2822 procuratore
803 2740 1030 2806 nichilominus
1054 2743 1085 2803 in
1108 2741 1260 2821 expensis

171 2841 498 2920 condempnatorum
520 2839 645 2904 illarum
669 2839 833 2905 refusione
854 2841 925 2904 sinc
949 2855 1049 2904 mora.
1067 2839 1157 2914 ltem,
1176 2840 1260 2920 quod

170 2941 277 3006 solum
301 2940 345 3002 illi
362 2943 402 3003 de
425 2938 509 3003 dicta
527 2935 740 3003 Vniuersitate
756 2937 939 3020 gaudebunt
956 2937 1125 3019 premissis
1140 2945 1171 3003 et
1187 2937 1259 3020 alijs

171 3037 350 3121 priuilegijs
373 3037 477 3102 eidem
505 3037 709 3101 Vniuersitnti
735 3036 980 3118 quomodolibet
1001 3037 1180 3112 concessis,
1207 3037 1261 3119 qui

172 3155 230 3219 per
246 3139 400 3202 maiorem
424 3145 543 3216 partem
565 3137 653 3212 anni,
672 3145 781 3217 utputa
798 3153 855 3218 per
870 3145 944 3202 octo
965 3152 1094 3202 menses
1114 3136 1145 3199 in
1161 3152 1258 3212 anno,

170 3238 331 3304 veraciter
357 3247 388 3301 et
415 3236 486 3302 sine
512 3235 634 3312 fraude,
661 3235 815 3318 legittimo
841 3235 1071 3318 impedimento
1097 3244 1258 3313 cessante,

172 3337 318 3404 resident
341 3335 373 3400 in
399 3335 471 3400 loco
497 3335 574 3399 dicti
601 3335 710 3416 studii,
739 3335 865 3400 interim
891 3335 1126 3416 septimanatim
1153 3335 1261 3400 scolas

173 3437 415 3518 frequentantes
435 3434 583 3514 legendo,
601 3433 757 3499 lectiones
773 3451 850 3500 suas
865 3434 1025 3500 audiendo
1042 3444 1073 3500 et
1088 3434 1168 3499 alios
1186 3450 1262 3499 sco·

174 3536 308 3600 lastioos
322 3543 414 3598 actus
430 3532 623 3606 exercendo,
641 3532 773 3614 quilibet
790 3535 820 3596 in
839 3535 986 3599 facultate
1008 3550 1078 3609 sua,
1097 3533 1167 3598 sine
1187 3533 1263 3599 dolo

174 3643 207 3700 ct
223 3633 346 3698 frande.
362 3632 399 3697 tlt
414 3633 454 3696 dc
470 3631 531 3712 hijs
547 3631 742 3698 tenebuntur
757 3633 937 3699 certificare
953 3642 984 3698 et
999 3633 1153 3715 legittime
1169 3633 1263 3698 tidem

174 3735 293 3806 facere,
311 3731 413 3798 eciam
435 3731 548 3812 mediis
564 3747 677 3797 eorurn
694 3731 893 3808 iuramentis,
911 3731 1042 3813 quilibet
1063 3749 1122 3798 sno
1139 3732 1264 3797 doctori

176 3843 230 3899 aut
242 3830 371 3898 flectori
383 3831 469 3896 dicte
483 3831 781 3914 Vniuersitatis,qui
794 3832 834 3897 de
847 3831 910 3914 hijs
926 3833 1059 3898 ulterius
1075 3831 1267 3898 certificabit
1304 3871 1306 3879 ·

176 3931 371 4013 Episcopum
393 3937 425 3996 et
452 3930 592 4010 prelatos
615 3931 794 4011 predictos;
818 3931 959 4013 alioquin
987 3949 1048 3998 non
1076 3933 1262 4014 gaudebuut

177 4031 274 4096 dictis
291 4029 481 4111 priuilegijs.

220 4130 298 4196 ltem
321 4128 406 4210 quod
429 4131 514 4194 dicte
537 4138 645 4209 partes
668 4129 819 4195 hincinde
842 4145 879 4196 ae
898 4129 993 4196 etiam
1010 4130 1260 4212 burgimagistri,

180 4228 302 4293 scabini
328 4238 361 4293 et
382 4228 433 4309 alij
459 4229 563 4294 incole
587 4237 756 4309 presentes
778 4237 810 4295 ct
832 4229 928 4294 futuri
951 4230 1038 4312 opidi
1061 4229 1263 4296 louaniensis
1306 4271 1309 4276 -

265 4365 287 4409 i.
1166 4346 1185 4408 l
