3246 4944
789 459 974 526 -604-

817 717 820 729 ψ
850 677 919 740 IIII.

382 807 536 872 Volumus
552 817 655 874 autem
673 815 704 873 et
721 808 909 874 mandamus
932 808 1076 873 diStricte
1094 807 1232 890 praetori
1250 817 1372 882 nostru,
1393 819 1427 872 ut

340 906 368 970 si
385 905 500 988 atiquIs
518 907 671 972 tumultus
688 925 744 988 per
760 908 937 981 studiosos,
956 908 1023 972 sive
1039 907 1165 984 diurno,
1182 906 1250 972 sire
1268 917 1426 971 nocturno

341 1013 487 1084 tempore
503 1006 658 1071 excitatus
676 1007 781 1080 tuerit,
800 1007 837 1070 ad
856 1024 949 1087 quem
966 1005 1236 1084 compescendum
1259 1015 1427 1086 promotor

336 1119 405 1178 ,non
433 1104 607 1181 suffecerit,
624 1113 655 1170 et
680 1124 697 1168 a
721 1116 906 1186 promotore
933 1106 971 1170 ad
995 1105 1174 1170 subsidium
1199 1103 1426 1186 praestandum

342 1201 437 1267 tuerit
453 1205 641 1285 requisitus
666 1214 698 1270 ut
715 1223 777 1270 uon
794 1205 921 1271 differat
937 1205 1014 1270 iilud
1033 1213 1206 1286 praestare,
1224 1205 1279 1270 sed
1296 1220 1425 1269 omnem

341 1301 570 1380 asststemiam,
588 1321 681 1385 quam
698 1314 816 1386 potest,
835 1305 1012 1386 promoturi
1029 1305 1163 1370 adferat.

843 1453 926 1516 XIII.

384 1581 457 1648 Sive
472 1591 576 1648 autem
594 1584 633 1648 de
649 1584 712 1659 die,
730 1584 799 1650 sire
815 1584 855 1649 de
873 1592 967 1650 noete
986 1584 1144 1649 tumultus
1160 1583 1275 1664 aliquis
1291 1581 1426 1659 oriatur,

344 1681 573 1764 coeperintque
596 1684 745 1756 studiosi,
771 1684 820 1748 vet
845 1683 928 1748 inter
950 1701 997 1758 se,
1021 1683 1071 1748 vel
1096 1701 1166 1748 cnm
1184 1683 1254 1747 atiis
1271 1699 1425 1764 pugnare,

347 1781 561 1860 permittimus
590 1783 726 1862 praetori
758 1791 890 1858 nostro,
923 1793 956 1847 ut
986 1783 1016 1846 in
1048 1783 1190 1866 flagranti
1222 1781 1339 1850 delicto
1368 1799 1428 1845 eos

346 1880 576 1959 apprehendat,
604 1899 641 1944 ac
666 1883 835 1946 tumultum
866 1883 968 1950 sedet.
1000 1899 1121 1962 eosque
1143 1890 1342 1962 compescat;
1368 1880 1424 1944 sed

344 1979 566 2058 apprehensus
604 1979 730 2044 Rectori
769 1981 991 2054 Universitatis
1030 1981 1097 2044 sive
1135 1979 1309 2060 promoturi
1355 1978 1428 2043 sinc

344 2077 530 2146 difficultate
546 2079 702 2144 restituat.

847 2229 927 2293 XIV.

388 2357 486 2442 Porro
503 2361 529 2424 si
547 2361 766 2428 studiosorum
792 2361 951 2442 quispiam
975 2367 1024 2425 ter
1046 2360 1076 2423 in
1101 2377 1184 2424 anno
1207 2358 1432 2440 deprenensus

344 2457 386 2523 sit
424 2468 581 2524 nocturno
619 2469 761 2540 tempore
798 2460 988 2524 insolentias
1025 2459 1221 2534 exercuisse,
1260 2475 1319 2522 nec
1357 2467 1433 2538 post

345 2567 467 2623 ternam
497 2559 693 2640 punitionem
718 2559 766 2624 vei
794 2559 1031 2640 correptionem
1059 2577 1094 2622 se
1117 2557 1346 2632 emendaverit,
1371 2558 1428 2622 sed

345 2665 459 2738 quarto
497 2657 579 2721 idem
618 2659 739 2733 iecerit,
774 2659 845 2738 ipso
882 2660 964 2723 facto
994 2657 1218 2724 Univcrsitatis
1255 2656 1432 2737 privilegiis

344 2755 468 2820 excidat
494 2767 526 2820 et
552 2773 568 2819 a
598 2766 744 2836 praetore
772 2766 884 2821 nostro
914 2757 984 2838 capi
1011 2757 1124 2831 valeat,
1157 2769 1187 2822 et
1216 2763 1327 2820 contra
1356 2771 1431 2819 eum

345 2853 488 2934 procedi,
500 2862 594 2935 prout
606 2855 700 2934 puris.
714 2856 936 2922 Verumtamen
954 2857 1013 2920 itae
1027 2855 1057 2918 in
1072 2873 1106 2920 re
1121 2855 1305 2936 praeventio
1317 2853 1434 2918 lrabeat

345 2951 463 3026 Iocum,
483 2960 527 3028 ut,
546 2953 571 3017 si
596 2963 760 3034 promotor
781 2955 875 3020 tatem
898 2955 1031 3036 ceperit.
1054 2953 1132 3018 nihii
1156 2961 1282 3034 praetor
1303 2951 1334 3014 iu
1357 2967 1430 3016 eum

346 3050 460 3133 possit.

854 3188 919 3250 XV.

388 3315 425 3380 m
446 3319 472 3380 si
498 3318 595 3397 (quod
621 3319 705 3382 [teus
728 3319 862 3397 avertat)
890 3317 1061 3382 homicidia
1086 3313 1295 3390 astudiosis,
1324 3312 1434 3393 cnjus-

346 3411 1433 3496 cumquequalitatissint‚committantur,sinenltadissimuiatione

347 3522 512 3594 promotor
535 3514 566 3576 in
590 3531 647 3579 eos
672 3515 914 3588 animadvertat,
938 3515 1088 3594 dictoque
1111 3512 1231 3577 carceri
1260 3509 1433 3590 mancipet,

347 3611 451 3678 donec
473 3629 530 3694 per
552 3614 743 3678 sententiam
768 3613 916 3678 Rectoris
941 3629 997 3693 pro
1021 3627 1118 3676 casus
1143 3610 1300 3691 exigentia
1323 3620 1354 3672 et
1370 3609 1434 3672 cir·

348 3712 560 3788 cumstantiis,
578 3713 652 3793 naid
670 3715 709 3777 de
726 3714 773 3777 eis
790 3713 946 3793 agendum
965 3713 1018 3785 sit,
1036 3711 1241 3776 decernatur.
1263 3707 1435 3772 Volumus·

349 3827 411 3890 que
433 3826 470 3873 ac
496 3811 643 3876 districte
672 3813 897 3892 praecipimus
928 3820 960 3875 ut
989 3827 1050 3874 non
1079 3808 1259 3892 pecuniaria
1282 3807 1438 3872 duntaxat

350 3925 450 3988 poena
486 3908 541 3972 sed
579 3910 675 3975 etiam
713 3911 874 3990 corporali
913 3920 1000 3974 tanto
1037 3909 1154 3973 sceleri
1192 3907 1286 3987 digna
1322 3921 1439 3972 severe

350 4005 533 4086 perdantur,
545 4016 672 4072 servato
686 4018 789 4072 tamen
804 4009 917 4072 ordine
927 4009 1022 4088 iuris,
1033 4017 1064 4073 et
1077 4008 1181 4072 habita
1197 4005 1439 4086 privilegiorum

351 4104 504 4168 studiosis
521 4121 751 4171 concessorum
768 4107 1040 4180 consideratione,
1062 4123 1100 4171 ne
1123 4105 1216 4168 nimia
1233 4105 1438 4168 conniventia

352 4201 533 4284 hujusmodi
553 4204 722 4270 inhumana
740 4207 861 4270 sectura
878 4205 1078 4282 maniacam
1094 4204 1267 4270 indiscreta
1279 4201 1438 4268 uinciatu-
