3112 4942
753 457 917 524 ..qq-

285 637 393 705 eciem
428 645 460 704 et
494 654 607 710 eornm
642 637 815 720 quemlibet
848 637 1038 706 anctoritate
1077 637 1221 719 predicis
1257 637 1378 719 nmmo,

285 737 447 811 secundo,
473 736 576 804 tercio
603 747 637 802 et
667 736 881 817 peremptorie
908 737 1107 818 requirimus
1133 745 1167 804 et
1197 752 1379 809 monemus,

285 835 433 918 ipsisque
452 844 485 900 et
508 851 621 902 eorum
643 835 777 902 cuilibet
798 835 831 900 in
859 835 977 902 virtute
1000 843 1113 904 ennete
1133 835 1331 911 Mustio,
1347 843 1379 901 et

289 934 352 1000 snb
373 933 716 1000 excommunicationis
741 950 835 1015 pene,
858 951 954 1016 quem
976 934 1008 998 in
1035 935 1127 1016 ipsos
1148 943 1181 1000 et
1206 935 1238 998 in
1264 950 1378 1000 eorum

284 1031 478 1114 quemlibet,
487 1032 513 1097 si
525 1049 564 1096 es
575 1049 638 1114 que
649 1032 731 1113 ipsis
741 1031 773 1096 in
788 1032 847 1100 bec
858 1041 950 1113 purte
965 1031 1196 1098 committimus
1207 1040 1240 1100 et
1253 1031 1380 1098 mendc-

287 1147 374 1205 mns.
391 1130 576 1197 distulerint
591 1139 647 1195 eut
665 1132 919 1212 contempserint
938 1131 1174 1200 contumaciter
1187 1129 1375 1211 adimplere,

287 1229 493 1311 infrascripto
519 1229 675 1296 canonice
701 1230 878 1296 monitione
904 1230 1073 1310 premisse.
1098 1229 1231 1296 ierimus
1255 1229 1288 1294 in
1316 1228 1377 1310 ltijs

285 1328 440 1410 scriptis;
471 1328 617 1394 districte
647 1328 854 1410 precipiendo
888 1328 1077 1394 mundemus
1106 1338 1140 1394 et
1168 1326 1375 1408 precipimus,

285 1435 452 1509 quotenus
473 1427 553 1492 inire
577 1443 634 1494 sex
655 1427 780 1494 dierum
806 1427 990 1501 terminum,
1016 1433 1185 1508 postquem
1207 1443 1267 1507 pro
1290 1435 1391 1506 purte·

291 1525 450 1592 dictorum
466 1525 728 1592 beneficiatorum
744 1543 801 1590 seu
818 1525 953 1591 ulterius
967 1541 1080 1591 eorum
1096 1525 1215 1590 luerint
1229 1523 1377 1607 requisiti

286 1640 350 1690 ¹eeu
372 1623 454 1690 ulter
478 1641 591 1690 eortrm
616 1623 712 1690 luerit
735 1624 921 1704 requisitus,
949 1623 1131 1690 immediate
1155 1623 1376 1704 sequencinm,

286 1738 387 1803 quem
409 1723 581 1788 terminum
603 1722 684 1803 ipsis
705 1731 866 1788 eteorum
885 1722 1017 1788 cuilibet
1040 1738 1098 1803 pro
1112 1721 1201 1787 omni
1223 1721 1377 1788 diletione

291 1835 332 1890 ec
353 1821 531 1886 monitione
550 1821 706 1886 cononice
722 1821 926 1903 protegimus
952 1822 992 1886 ud
1010 1837 1067 1886 ros
1083 1821 1377 1886 reuerendissimos

286 1934 332 1984 sc
347 1919 544 1984 reuerendos
558 1919 592 1984 in
607 1920 730 1986 cbristo
746 1929 854 2002 putres
869 1930 901 1986 et
915 1919 1064 1986 dominos
1078 1919 1229 1986 dominus
1242 1919 1376 1984 estrim-

287 2017 384 2093 cbas,
401 2017 684 2100 trobieptscopoq
702 2019 892 2101 Episcopus,
908 2018 1173 2098 venerabilesque
1188 2026 1220 2083 et
1241 2018 1377 2084 circum·

288 2124 427 2196 spectus
453 2124 562 2196 patres
587 2125 620 2182 et
647 2117 735 2184 rinos
767 2117 917 2182 dominos
946 2116 1091 2182 vicarios
1115 2133 1172 2183 seu
1202 2115 1375 2188 officiales,

294 2230 421 2280 necnon
445 2214 595 2290 ebbone,
623 2215 763 2290 Priores,
789 2215 990 2296 prepositos,
1018 2216 1174 2290 benacus,
1203 2213 1376 2295 lrcbidys·

289 2329 410 2388 conos.
437 2313 592 2394 rspitula,
620 2313 813 2390 cononicus,
838 2314 1051 2386 presbiteros.
1078 2313 1222 2378 ciericos
1246 2321 1280 2377 et
1305 2329 1376 2394 per·

287 2427 404 2487 stenes,¹
421 2412 539 2494 quibus
562 2423 728 2495 presentes
751 2412 852 2480 nostrl
871 2429 1044 2494 processus
1065 2411 1261 2492 diriguntur,
1281 2411 1377 2476 clins*

286 2526 356 2591 qne
381 2527 537 2592 personne
562 2522 594 2576 et
620 2513 690 2576 loce
716 2511 757 2578 de
781 2511 991 2593 quibusfubi,
1011 2511 1139 2592 quendo
1164 2519 1196 2576 et
1221 2509 1377 2591 quociens

292 2609 471 2689 expediens
506 2610 613 2687 luerit,
644 2610 858 2691 personaliter
886 2609 1041 2676 mecedem
1069 2625 1127 2674 seu
1157 2608 1239 2674 ulter
1266 2623 1378 2674 eornm

286 2707 435 2776 eoem.
467 2709 670 2791 presulesque
707 2709 830 2774 litteras
865 2707 1060 2789 apostoticae
1096 2715 1129 2773 et
1158 2708 1219 2774 bos
1248 2717 1380 2772 nostros

294 2821 470 2886 processus
485 2823 524 2872 ec
538 2816 687 2874 contente
711 2808 743 2872 in
759 2807 880 2874 eisdem
903 2807 996 2872 robis
1011 2805 1173 2870 rniuersis
1194 2814 1227 2871 et
1240 2804 1380 2886 ,engolis

288 2905 489 2984 supradictis
511 2915 574 2972 tem
596 2906 792 2972 coniunctim
815 2923 909 2988 quem
932 2905 1060 2971 diuisim
1084 2905 1231 2970 intiment
1252 2911 1284 2970 et
1299 2903 1379 2968 insi-

289 3012 405 3078 nuent,
429 3004 537 3085 legent
558 3013 589 3070 et
613 3005 786 3086 publicent,
809 3021 847 3070 ec
870 3003 1007 3070 ildeliter
1032 3003 1185 3078 intimari,
1208 3002 1379 3075 insinceri.

294 3101 358 3183 legi
391 3110 423 3168 et
455 3103 611 3184 publiceri
645 3114 831 3184 procurent.
854 3104 957 3168 dictes
991 3101 1116 3182 grecias
1149 3110 1181 3166 et
1213 3096 1379 3184 priuileqie

290 3199 489 3268 inconcusse
510 3211 543 3267 et
563 3201 791 3269 inuiolabiliter
813 3205 899 3268 iuxta
919 3213 1034 3266 omnes
1056 3215 1165 3264 cerum
1190 3199 1325 3268 formem
1348 3207 1379 3265 et

293 3307 440 3369 tenorem
461 3300 661 3382 integraliter
682 3301 863 3374 obseruari,
888 3315 995 3380 ymmo
1020 3297 1215 3378 supretcctis
1237 3296 1381 3362 dominis

294 3399 494 3480 regentibus,
511 3399 703 3480 legentibus,
721 3399 925 3466 studentibus
940 3408 972 3463 et
986 3395 1164 3480 suppositis
1181 3395 1380 3463 beneddnis

286 3513 332 3562 sc
346 3513 458 3564 eorum
474 3498 567 3564 elteri
581 3499 623 3564 do
636 3499 787 3563 omnibns
798 3507 830 3562 et
845 3497 984 3578 singulis
999 3511 1133 3561 suerunt
1149 3493 1380 3560 beneficiorum

296 3595 480 3662 cuiusmodi
513 3596 681 3668 fructibus,
714 3597 891 3666 redditibus
925 3605 958 3662 et
987 3593 1211 3676 prodentibus,
1238 3592 1377 3675 juribus,

292 3693 446 3759 borisen
468 3695 883 3770 emolimentlsrniuersis,
907 3693 1107 3772 temporibus
1132 3692 1172 3758 ed
1195 3694 1257 3758 boc
1283 3691 1379 3772 cptis,

296 3793 423 3875 integre
447 3795 635 3874 responderi
661 3805 724 3860 tem
753 3811 809 3874 per
834 3793 1049 3860 trecenssrios
1073 3802 1106 3858 et
1127 3791 1262 3856 colonos
1284 3805 1380 3871 quem

291 3891 380 3958 elios
401 3892 565 3958 debitores
587 3895 772 3960 corumdem
789 3893 916 3966 lenient,
940 3893 1059 3966 sinent,
1077 3891 1229 3956 mundent
1250 3898 1284 3955 et
1307 3905 1380 3969 pro-

291 3999 422 4068 curent,
440 3992 694 4058 contradictione
708 4007 908 4074 quecumque
933 4007 997 4056 non
1012 3990 1173 4056 obstante.
1190 3989 1227 4056 ln
1247 4003 1383 4070 germe-

298 4087 373 4156 liter
386 4091 493 4156 omnin
516 4092 687 4172 steinsela
703 4091 796 4156 nobis
819 4090 852 4154 in
869 4091 928 4156 bec
944 4097 1035 4170 perte
1049 4087 1223 4154 commisse
1246 4087 1385 4152 ddunm

292 4197 331 4254 et
353 4188 496 4268 plenarie
516 4199 715 4271 exequentur
734 4190 822 4270 juxte
845 4189 993 4254 traditum
1008 4203 1065 4252 seu
1088 4186 1251 4252 directam
1266 4183 1384 4252 obedo
