3100 4942
639 435 823 500 -sir-

181 611 312 692 sigonui
337 622 469 694 rogatus
491 623 523 680 et
537 615 713 698 requisitus
736 615 769 682 id
785 615 881 684 fldem
904 625 936 684 et
959 617 1178 686 testimonium
1200 637 1270 686 om·

183 709 275 774 nium
292 719 324 776 et
338 711 538 797 singulorum
555 713 798 795 premissorum.

521 863 647 934 original
660 881 708 920 sur
721 865 889 936 parchemin,
904 883 959 921 aux
972 865 1103 923 Archiree
1116 868 1150 923 de
1163 869 1192 923 la
1205 867 1271 926 ville

483 954 518 1010 de
531 955 665 1012 Louvain.

704 1176 746 1240 ll.

203 1339 250 1403 Le
268 1357 348 1420 pope
361 1341 487 1421 dupino
501 1341 549 1406 IV
561 1359 682 1406 nomme
702 1343 754 1406 des
770 1341 910 1424 dilcpnis
930 1341 1057 1426 cborpis
1078 1343 1116 1408 de
1129 1345 1248 1426 rotifier

512 1439 543 1504 lo
564 1441 709 1504 donoiion
731 1443 784 1523 poi
804 1442 943 1523 preside.

566 1589 603 1646 30
622 1592 777 1663 septembre
799 1590 879 1648 lits.

330 1729 406 1784 Tilre
424 1734 463 1784 du
481 1736 628 1786 souverain
643 1737 761 1798 pontin,
783 1737 894 1789 odresse
913 1741 937 1786 et
956 1735 1123 1788 salutatico.

223 1851 386 1931 Eugenius
401 1852 576 1934 episcopus
594 1871 711 1918 seruus
727 1871 895 1920 seruorum
920 1853 970 1920 dei
988 1853 1119 1920 [illectis
1136 1854 1211 1936 illijs
1230 1903 1237 1919 .
1257 1903 1266 1919 .

178 1949 352 2030 Proposito
392 1949 576 2034 idonasterij
618 1961 730 2018 sancte
764 1952 930 2018 Gerlrudis
972 1969 1029 2034 per
1066 1953 1267 2034 prepositum

180 2049 268 2113 soliti
289 2052 294 2127 Ι
313 2050 483 2132 gubernari
506 2060 538 2115 et
562 2099 569 2114 .
589 2097 598 2114 .
621 2051 749 2116 Deoano
771 2051 909 2118 ecclesie
931 2053 1034 2117 saneti
1059 2051 1143 2118 Petri
1167 2053 1268 2118 tona·

182 2147 307 2212 niensis
336 2147 523 2214 leodiensis
549 2150 700 2222 diocesis,
717 2151 856 2216 Salutem
883 2161 915 2217 et
938 2150 1147 2232 apostolicam
1172 2150 1268 2216 bene·

182 2245 370 2312 dictionem.

571 2383 682 2452 drenge
700 2399 735 2436 ou
752 2385 874 2449 priseos.

220 2517 354 2584 Sincere
369 2519 553 2585 deuotionis
568 2519 703 2586 allectus
718 2537 811 2602 quem
824 2521 931 2586 dilecti
949 2519 1004 2602 filij
1018 2519 1266 2602 Burgimsgistrl

176 2617 308 2682 scabini
334 2625 367 2683 et
389 2619 470 2683 lion·
488 2619 602 2698 lsnles
624 2619 716 2700 Opidi
742 2619 953 2685 Louaniensis
980 2619 1169 2684 leodiensis
1197 2619 1267 2687 dlo-

178 2717 266 2782 cesis
292 2718 331 2780 ad
359 2734 418 2782 nos
446 2727 478 2783 et
505 2718 680 2784 Romanam
706 2729 821 2801 gerunt
847 2719 1017 2785 ecelesiam
1046 2729 1265 2800 promeretur,

180 2827 345 2881 uteorum
369 2817 544 2897 peticiones
559 2828 712 2897 quantum
734 2835 807 2883 oum
829 2819 891 2883 deo
907 2834 1082 2899 possumus
1104 2818 1147 2883 ad.
1166 2833 1264 2884 exau·

173 2915 313 2980 ditionis
328 2916 461 2996 gratiam
477 2915 697 2982 insonabiliter
712 2917 767 2981 ad·
785 2917 791 2999 1
811 2917 986 2982 mittamus.

454 3065 605 3140 Suppiique
623 3082 689 3121 avec
707 3071 819 3120 rai-tom
837 3072 855 3120 d
874 3064 992 3134 l'appnt'.

222 3187 300 3253 Cum
324 3188 430 3270 itaque
452 3189 535 3254 sicut
556 3189 696 3254 exhibita
721 3189 814 3254 nobis
838 3205 941 3269 nuper
964 3205 1021 3269 pro
1045 3196 1135 3268 parte
1150 3187 1265 3268 Burgi·

182 3287 409 3368 magistrorum
425 3288 635 3352 scabinorum
657 3299 690 3354 et
704 3287 878 3354 Consulum
902 3287 1122 3368 predictorum
1147 3285 1265 3365 peticio

175 3387 375 3461 continebat,
405 3388 543 3453 dilectus
579 3388 664 3452 lilius
693 3387 816 3452 Nobilis
854 3387 903 3451 uir
933 3387 1018 3452 Raso
1054 3384 1264 3469 delGrsuen

177 3486 331 3550 dominus
354 3486 499 3552 locorum
523 3487 563 3554 de
581 3487 729 3552 lleuerlis
749 3497 781 3551 at
799 3487 840 3552 de
858 3485 991 3551 lielenia
1013 3485 1100 3550 dicte
1123 3483 1266 3548 diocesis

181 3601 279 3650 uerus
306 3595 461 3666 patronus
483 3585 639 3650 Altarium
664 3593 775 3651 sancte
798 3584 962 3648 Trinitatis
991 3593 1023 3648 et
1050 3582 1143 3648 beate
1168 3581 1264 3647 llarie

182 3683 318 3764 uirginis
334 3685 473 3750 inuicem
495 3685 651 3750 canonice
667 3685 828 3751 unitorum
850 3683 883 3748 ln
898 3681 1026 3764 Capella
1045 3681 1051 3764 1
1068 3681 1110 3746 de
1126 3680 1267 3747 Ouerloc

182 3783 304 3863 prolate
319 3783 461 3849 diocesis
478 3783 626 3860 sitorum,
642 3793 673 3848 et
689 3783 832 3848 existens
855 3783 887 3846 in
904 3780 1038 3862 paelics
1054 3779 1265 3861 possessione

180 3883 228 3946 uel
253 3883 345 3960 euasi
369 3883 451 3948 iuris
474 3881 679 3963 presentandi
706 3897 879 3963 personam
900 3880 1058 3963 ydoneam
1080 3879 1118 3944 sd
1146 3877 1265 3942 Allaria

179 3981 299 4060 prelata
324 3991 469 4062 tempore
492 3981 669 4048 necationis
690 3980 877 4047 eorumdem
899 3979 952 4044 ius
975 3995 1045 4061 pre-
1063 3978 1069 4043 l
1087 3977 1207 4043 dietum
1231 3976 1263 4040 in

179 4081 269 4160 ipsos
293 4078 564 4161 Borgimagistros
585 4079 739 4145 scabinos
765 4089 796 4144 et
818 4077 978 4144 Consules
1000 4075 1201 4142 transtulerit
1226 4091 1266 4139 ac

180 4182 258 4246 illud
285 4180 335 4246 eis
356 4179 536 4256 domuerit,
560 4188 655 4260 prout
680 4179 713 4242 in
733 4177 949 4245 instrumento
971 4175 1101 4258 publico
1123 4174 1267 4254 desuper
