3194 4940
686 469 816 568 ἕως
838 509 878 552 -·-

239 675 378 762 elilim,
396 683 511 768 inquit,
529 685 692 752 observari
715 685 791 763 vidi,
809 685 837 751 si
860 694 947 752 reete
970 684 1112 763 memini,
1129 683 1166 749 in
1186 671 1324 770 quodam

238 807 252 845 ι
269 795 340 851 actu
358 785 493 852 solemni
509 795 655 870 tempore
671 787 709 853 ll.
726 786 859 852 loannis
875 785 916 853 de
934 785 1054 864 llorne,
1072 786 1231 868 episcopi,
1248 785 1324 853 dum

163 911 167 921 ·
239 885 358 960 evixit,
377 885 610 952 leodiensis.»
1271 881 1274 886 ’

278 985 368 1051 «cui
394 985 605 1051 conformiter
634 1001 720 1052 anno
748 1003 1008 1060 crnrmuxxxvnr..
1036 985 1088 1051 die
1118 1003 1202 1050 rxur.
1228 977 1321 1068 juniiss

235 1083 424 1151 deliberavit
451 1093 483 1152 et
511 1085 657 1161 resolvit,
685 1099 761 1151 casu
792 1093 978 1160 cremento,
1002 1081 1216 1176 Universum,
1248 1072 1323 1150 ouh

235 1193 413 1267 praesentes
426 1184 478 1249 hio
490 1195 600 1250 essent
613 1183 824 1250 illustrissimi
837 1181 1144 1250 etreverendissimi
1158 1171 1322 1259 Octavius,

234 1272 408 1366 episeopus
430 1282 604 1359 Calatinus,
629 1283 767 1350 Nuntius
791 1283 1002 1366 apostolicus,
1019 1291 1050 1348 et
1071 1281 1215 1348 loannes
1239 1281 1323 1349 liau-

233 1383 361 1454 ehlnus‚
375 1381 640 1464 archiepiscopus
654 1382 903 1456 herrhlintensia
914 1381 977 1447 loci
990 1381 1187 1458 ordinarius,
1198 1381 1325 1472 seilicet

233 1481 351 1548 Nuntio
376 1481 555 1562 apostolico
582 1481 700 1564 ubique
722 1481 859 1566 primum
890 1489 920 1548 et
947 1481 1186 1546 honoratiorem
1216 1481 1322 1547 locum

233 1579 489 1656 concedendum,
507 1590 540 1646 ut
557 1591 588 1647 et
603 1581 665 1647 loci
689 1581 854 1647 ordinario
876 1580 909 1646 in
925 1579 1090 1656 omnihus,
1108 1587 1322 1662 preterquam

234 1680 265 1744 in
296 1679 421 1746 actibus
447 1679 669 1756 scholasticam
700 1680 733 1745 in
760 1681 915 1746 hisvero
944 1679 1095 1745 omnihus
1127 1679 1163 1742 ll.
1191 1677 1321 1744 hectori

235 1777 474 1844 honoratiorem
497 1779 604 1845 locum
627 1779 767 1846 debitum
791 1796 876 1846 esse.
902 1779 981 1844 ltem
1005 1793 1089 1844 anno
1113 1795 1246 1854 creme,
1270 1779 1322 1844 die

232 1896 294 1942 xru
325 1877 447 1960 aprilis.
478 1877 616 1944 llatthlae
651 1879 762 1956 llorio,
794 1877 942 1944 similiter
976 1877 1040 1943 loci
1076 1876 1253 1950 ordinario,
1288 1877 1320 1942 in

234 1977 363 2043 licentia
379 1977 506 2058 nepotis
522 1977 571 2043 sui
589 1977 711 2060 primus
727 1977 819 2044 locus
835 1995 872 2042 ex
888 1978 989 2043 latere
1005 1977 1230 2058 theologorum
1246 1991 1321 2042 con·

232 2093 348 2142 cessus
372 2076 442 2151 luit,
460 2093 532 2142 eum
557 2085 627 2142 acta
643 2087 748 2143 tamen
765 2093 828 2142 non
848 2075 1038 2158 praeiudicii.

274 2175 379 2240 chusi
402 2175 530 2258 quidem
553 2175 682 2241 luerunt
703 2192 788 2241 anno
804 2192 1001 2240 ornumuxrr.
1022 2173 1183 2257 Stephano
1207 2167 1319 2240 Graea-

232 2271 361 2356 heouio,
379 2285 411 2339 et
427 2291 511 2340 anno
527 2293 754 2340 crnrohxxrnr.
771 2275 895 2341 loanne
910 2275 1050 2350 hlotario,
1067 2273 1272 2349 Rectorlhus,
1287 2273 1320 2337 in

230 2373 466 2454 supplicatione
488 2391 545 2439 seu
563 2375 776 2457 processione
792 2373 917 2456 puhlioa
934 2372 1130 2439 contrarium
1150 2379 1318 2445 attentare,

231 2489 269 2538 ex
291 2473 372 2536 mala
395 2475 607 2555 quorumdam
631 2473 852 2556 suggestione,
871 2473 935 2538 duo
959 2471 1049 2537 urhis
1071 2471 1317 2556 gubernatores,

230 2568 398 2636 odoardus
421 2571 461 2638 dc
478 2571 695 2650 Bournoville‚
714 2571 865 2637 dominus
888 2569 928 2637 de
944 2570 1099 2652 Gappres,
1116 2579 1148 2635 et
1168 2567 1319 2634 Claudius

230 2669 270 2734 de
297 2667 461 2745 Witthem
490 2687 602 2753 eques,
630 2671 780 2737 dominus
810 2671 850 2736 de
879 2667 1101 2752 lluyshroeclr‚
1134 2667 1226 2750 quasi
1257 2666 1318 2748 ipsi

230 2767 1316 2853 gubernareutregereutqueetcivitatemetUniversitatem;verum

229 2867 365 2933 honeste
381 2875 413 2933 et
427 2869 568 2948 graviter
585 2870 695 2935 moniti
712 2869 751 2934 ah
768 2877 923 2934 attentato
938 2867 1013 2933 ilico
1030 2867 1235 2932 destiterunt.
1269 2937 1272 2944 ,

273 3048 383 3130 «Eligl
401 3048 520 3114 hector
541 3049 638 3126 solet,
655 3052 739 3116 l'acto
754 3051 991 3133 compromisso
1012 3050 1044 3113 in
1059 3047 1202 3131 quinque
1217 3045 1317 3112 lacul-

229 3155 328 3212 tatum
357 3147 539 3230 deputatos,
568 3165 651 3230 quos
679 3151 830 3214 intrantes
860 3158 995 3224 uocant;
1026 3148 1119 3229 isque
1150 3147 1181 3210 in
1212 3144 1318 3227 aliqua

229 3247 380 3313 tacultate
395 3246 551 3312 hiretatus
573 3249 774 3323 scudomor,
791 3247 990 3324 elmericus,
1008 3246 1074 3328 qul,
1092 3245 1122 3310 si
1145 3259 1317 3310 necessum

229 3345 334 3416 luerit,
365 3343 482 3411 lulmen
509 3344 851 3413 excommunicationis
873 3347 1150 3418 incontumaces,
1175 3351 1316 3408 autnon

228 3453 379 3522 parentes
394 3443 534 3510 decretis
554 3446 659 3526 possit
674 3461 826 3512 exserere
841 3449 945 3528 (quam
962 3451 1154 3525 potestatem
1178 3440 1224 3504 llll
1241 3440 1317 3506 lecit

227 3542 407 3608 Alexander
422 3542 473 3605 vl.
493 3543 648 3620 Penthea,
666 3553 700 3610 ut
714 3553 841 3609 constat
863 3559 902 3608 en
917 3542 1090 3624 diplomate
1105 3541 1217 3604 Romae
1240 3539 1316 3606 dato

227 3657 313 3706 anno
336 3659 450 3706 croam.
473 3659 511 3705 xv
533 3642 688 3708 kalendas
707 3643 857 3726 januarii,
878 3651 910 3708 et
933 3642 966 3706 in
989 3641 1128 3708 elericos
1151 3637 1316 3704 studiosos

224 3738 484 3819 jurisdictionem
500 3759 669 3818 exercere;
689 3759 751 3808 non
768 3743 971 3825 conjugatus,
991 3757 1054 3807 non
1072 3739 1231 3822 bigamus,
1250 3753 1315 3802 uon

227 3839 411 3921 religiosus,
429 3841 510 3905 satis
526 3841 670 3924 locuples
686 3851 718 3908 et
732 3843 836 3920 dives,
853 3842 909 3925 qul
932 3841 1132 3922 sedensque
1148 3837 1315 3902 ministros

224 3935 362 4002 honeste
384 3938 537 4005 exhihere
561 3941 681 4020 possim
701 3951 733 4008 et
757 3942 851 4007 talem
875 3956 950 4008 sese
973 3940 1134 4005 electuros
1158 3937 1315 4000 intrantes

227 4041 308 4102 ante?
312 4036 418 4119 jurato
435 4037 633 4117 promittunt.
652 4039 751 4122 lduue
762 4040 852 4123 iuxta
874 4039 1019 4106 ordinem
1036 4037 1233 4109 facultatum,
1251 4031 1313 4098 nisi

228 4135 372 4207 loeutus,
391 4153 431 4200 ex
452 4153 515 4216 oua
538 4136 707 4218 eligendus
730 4140 817 4204 venit
839 4137 970 4212 flector,
994 4151 1166 4219 personam
1189 4133 1227 4198 ad
1251 4133 1314 4198 hoe

228 4235 376 4302 idoneam
391 4249 463 4332 „non
487 4235 619 4311 haheat;
644 4237 694 4301 cui
719 4246 795 4302 tunc
808 4237 1018 4321 permittitur·
1035 4234 1219 4318 supplicare
1234 4231 1315 4327 llni·
