3112 4942
649 445 813 508 ..59-

191 626 269 692 inibi
285 643 345 708 pro
367 633 511 708 tempore
534 623 805 708 subdelegato,in
829 642 924 708 quem
947 627 1049 694 eciam
1072 631 1195 710 quoad
1225 633 1289 699 boc

187 725 427 808 jurisdictionis
442 734 474 790 et
489 723 576 789 illius
598 725 750 790 exercicii
763 724 993 790 adminiculum
1018 727 1162 808 plenarie
1178 739 1288 796 trans·

191 825 328 892 ierimus
345 841 402 906 per
417 833 600 905 presentes,
616 823 657 889 de
672 839 709 888 se
724 823 968 905 querulantibus
984 825 1122 907 singuiis
1136 845 1173 892 se
1190 843 1286 908 para-

189 933 242 989 tos
256 922 431 990 exhibeant
449 921 591 1004 legitime
613 931 700 987 stare
712 921 788 1002 juri,
807 921 911 988 felicis
934 925 1169 990 recordationis
1186 927 1284 992 Boni-

192 1021 266 1088 lacii
280 1039 361 1104 pape
377 1021 457 1103 aiij.
473 1021 721 1101 predecessoris
735 1022 850 1097 nostri,
865 1039 902 1086 ac
917 1023 988 1104 alijs
1000 1025 1288 1092 constitutionibus

191 1119 382 1202 apostolicis
412 1119 595 1200 ceterisque
624 1119 797 1184 contrariis
825 1137 889 1186 non
920 1121 1124 1187 obstantibus
1154 1124 1287 1205 quibus-

191 1235 343 1300 cumque.
363 1217 573 1284 decernimus
598 1218 732 1300 insuper
750 1233 864 1284 omnes
887 1228 918 1284 et
941 1219 1088 1301 singulos
1113 1237 1288 1301 processus

191 1333 274 1398 quos
289 1328 402 1384 contra
426 1317 612 1382 huiusmodi
630 1317 833 1398 presencium
852 1327 995 1383 tenorem
1016 1320 1140 1396 baberi,
1158 1339 1285 1387 necnon

189 1417 547 1490 excommunicationis,
565 1415 793 1497 suspensionis
816 1425 847 1480 et
868 1416 1030 1482 interdicti
1052 1433 1091 1482 ac
1106 1419 1187 1484 alias
1210 1436 1287 1484 sen-

189 1515 481 1592 tentias,censnras
492 1525 589 1595 atque
603 1530 703 1595 penas
716 1531 797 1597 quas
811 1515 1006 1597 promulgari
1019 1518 1189 1596 exirrde,ac
1201 1517 1290 1600 quic·

190 1615 265 1697 quid
289 1615 370 1679 alias
394 1631 489 1678 secus
505 1629 522 1676 a
538 1629 699 1694 quoquam
723 1616 838 1694 quauis
861 1615 1051 1680 auctoritate
1070 1616 1212 1681 scienter
1235 1619 1286 1682 vel

192 1715 379 1795 ignoranter
407 1711 579 1792 contigerit
609 1713 804 1793 attemptari,
836 1714 924 1779 nullo
955 1713 1136 1779 subsistere
1167 1715 1286 1781 robore

197 1811 372 1884 firmitatis,
390 1809 534 1876 efficacia
549 1808 599 1875 vel
618 1811 784 1874 momenti.

595 1943 748 1998 Aaotbdme
767 1952 791 1996 et
810 1948 881 1998 dote.

231 2065 316 2130 Nulli
340 2082 419 2147 crgo
441 2065 573 2130 omnino
596 2065 761 2130 bominum
779 2065 874 2130 liceat
897 2065 980 2132 banc
1001 2067 1147 2147 paginam
1172 2077 1283 2134 nostre

192 2164 384 2240 sanctionis,
413 2165 535 2237 statuti,
562 2163 787 2240 ordinationis,
815 2165 1043 2244 coemptionis,
1068 2177 1101 2230 et
1126 2168 1284 2232 constitu·

191 2263 287 2328 tionis
314 2263 489 2344 intringere
515 2263 564 2328 rel
591 2262 620 2328 ei
643 2279 722 2327 ausu
751 2263 922 2328 temerario
949 2264 1121 2329 contraire.
1149 2265 1180 2328 Si
1208 2266 1283 2346 quis

191 2371 298 2428 autem
321 2363 383 2427 boc
402 2370 592 2442 attemptare
615 2362 838 2441 presumserit,
856 2361 1109 2443 indignationem
1133 2365 1283 2444 omnipo-

193 2461 290 2525 tentis
311 2460 363 2524 dui
387 2471 418 2524 et
439 2461 607 2524 beatorum
630 2459 717 2524 Petri
740 2468 772 2524 et
793 2459 882 2524 Pauli
906 2461 1128 2540 apostolorum
1151 2460 1221 2542 ejus
1244 2479 1282 2528 se
1332 2491 1338 2502 ·

195 2560 322 2624 nouerit
346 2559 563 2624 incursurum.
595 2560 706 2622 ilatum
729 2557 829 2623 llome
855 2557 939 2638 apud
961 2570 1093 2624 sanctos
1114 2561 1282 2640 apostolos

198 2674 240 2721 .r.
254 2655 331 2737 jdus
347 2655 546 2737 Septembris
561 2655 769 2722 Pontificatus
786 2657 887 2720 nostri
903 2673 988 2722 anno
1003 2657 1141 2722 decimo.

711 2835 768 2900 lli.

216 2987 260 3052 be
280 2987 443 3049 souverain
467 2986 586 3066 pontise
607 2985 720 3050 Morlin
748 2985 907 3065 Vpcrmet
929 3002 994 3048 nnn
1020 2985 1264 3068 ecclesiasticum

256 3085 294 3147 de
315 3083 510 3148 lUniuersitd
530 3085 567 3147 de
581 3083 769 3164 s’opplipner
788 3085 807 3144 d
823 3081 932 3146 l'dtnde
953 3082 991 3145 de
1005 3083 1036 3146 lo
1052 3084 1219 3148 medecina

590 3231 608 3286 9
628 3233 781 3304 septembre
804 3231 884 3288 1427.

651 3357 827 3412 Prdambnle.

237 3479 391 3544 Macrinus
407 3479 569 3543 Enscoros
585 3497 697 3543 senous
719 3497 876 3544 seanonuu
893 3481 961 3544 llm.
979 3479 1025 3544 do
1047 3497 1218 3544 narrarunt
1235 3499 1283 3544 nur

107 3605 108 3608 ¹
195 3595 360 3641 astronnu.
384 3577 541 3651 eroniam
565 3594 622 3657 per
645 3575 821 3642 litterarum
845 3579 950 3642 studia
973 3581 1031 3642 viri
1055 3579 1200 3644 moribus
1222 3579 1283 3642 im-

194 3677 346 3747 buuntur,
363 3677 536 3742 virtutibus
558 3688 726 3750 ornantur,
744 3676 883 3740 humiles
898 3675 1075 3740 efferuntur
1091 3688 1122 3741 et
1143 3675 1282 3742 studiosi

192 3775 276 3840 dulci
292 3776 383 3854 quasi
401 3777 540 3856 quodam
564 3791 639 3838 rore
654 3775 769 3855 spiritu
785 3774 949 3854 sapiencie
972 3783 1004 3839 et
1018 3775 1201 3840 intellectus
1217 3775 1282 3840 sul-

193 3872 254 3936 lusi
270 3873 392 3936 diuinis
409 3873 621 3954 humanisque
642 3874 804 3937 sectandis
824 3873 962 3954 legibus,
980 3873 1133 3954 gerendis
1152 3891 1282 3956 quoque

192 3972 289 4036 rebus
314 3971 432 4035 seriem
459 3987 497 4035 ac
522 3972 641 4035 ceteris
663 3987 757 4052 opem
780 3969 908 4036 consilii
932 3971 1102 4036 conterunt
1126 3972 1279 4048 sanioris,

193 4069 322 4151 dignum
347 4069 476 4134 ducitur
492 4078 524 4134 vt
540 4069 660 4134 talibus
680 4077 832 4134 vacantes
850 4068 968 4151 studiis
988 4069 1178 4149 apostolicis
1194 4069 1280 4134 lano-

193 4167 1278 4250 ribusetgratiarumpriuilegiisattollantureteciambouorentur.
