3236 4944
730 471 772 508 '—-
795 455 855 525 loe
878 491 917 507 -

283 641 380 706 solvis
403 641 546 707 articulis
570 643 807 708 reformationis
830 659 926 722 supcr
948 641 1101 707 abusibus
1123 652 1153 708 ct
1173 641 1362 709 excessibus

282 740 426 819 ejusdem
456 742 576 815 curiae,
604 741 874 806 concernentibus
906 741 1105 820 potissimum
1136 743 1250 806 salaria
1282 745 1363 808 Cou-

283 841 466 912 serratoris,
498 841 690 914 adsessoris,
724 842 919 904 notariorum
950 857 986 904 ac
1018 851 1274 920 procuratorum,
1308 860 1363 922 per

283 941 451 1020 deputatos
478 939 694 1003 Vniversitatls
718 941 882 1020 conceptis
906 952 1000 1020 atque
1019 939 1179 1016 exhibitis,
1198 951 1376 1005 clocam·

284 1038 440 1120 missarljs
459 1039 553 1104 bacis
567 1057 585 1102 e
600 1056 660 1102 suo
682 1037 825 1102 Concilio
849 1038 1037 1102 examinatis
1060 1047 1153 1116 atque
1175 1041 1361 1120 acceptatis,

282 1139 319 1202 ad
339 1140 485 1218 placitum
504 1148 607 1203 tamen
624 1151 655 1202 et
672 1137 906 1202 revocationem
924 1137 1067 1217 ejusdem
1088 1139 1254 1219 l'rincipis.

323 1237 594 1302 acorrcordatum.
617 1237 767 1316 superius
794 1245 888 1311 atoue
912 1237 1068 1300 indultum
1093 1237 1228 1317 l‘lrilippi
1255 1237 1360 1313 llueis,

280 1335 1360 1418 omnesqueetsingulosartioulosinibicomprebensos,CarolusV.

280 1451 362 1500 auito
379 1453 434 1498 cm.
453 1455 491 1500 tn.
519 1435 591 1515 xviij
609 1433 753 1498 kalendis
771 1433 841 1514 maij
859 1434 1047 1515 approbavit
1062 1444 1091 1498 et
1108 1434 1317 1499 confirmarit.

325 1535 445 1600 «Circa
463 1535 544 1600 idem
570 1533 769 1615 privilegium
794 1535 876 1598 inter
899 1533 1084 1600 Hollandiae
1108 1533 1244 1599 Ordines
1268 1543 1362 1617 atque

281 1635 537 1707 Vniversilotem,
573 1651 629 1698 seu
665 1650 775 1697 eorum
813 1633 976 1712 syndicus
1011 1633 1164 1698 ioannem
1201 1634 1359 1710 Belduini,

281 1735 468 1798 advocatum
491 1731 689 1804 llollandiae,
707 1741 737 1795 et
754 1732 936 1795 Gualterum
954 1748 969 1792 a
988 1731 1081 1806 Bella,
1096 1731 1178 1812 juris
1196 1734 1361 1815 utriusque

280 1833 443 1898 doctorem
460 1841 491 1896 et
508 1831 735 1911 professorem,
751 1847 834 1894 anno
851 1849 908 1893 cm.
922 1848 1002 1894 cccc.
1017 1849 1077 1894 nur.
1104 1831 1244 1912 ilj'eidas
1258 1831 1359 1913 martii

280 1932 311 1994 iu
344 1931 426 1994 bunc
457 1931 585 1994 madum
614 1929 765 1994 convenit
790 1946 797 1992 :
823 1929 845 1990 l.
874 1930 963 2007 Quod
989 1933 1174 2012 priusquam
1203 1929 1315 2014 aliquia
1345 1950 1361 1995 c

279 2031 450 2094 ciuitatibus
467 2029 648 2094 Holluadiae
667 2030 776 2092 citetur
798 2035 824 2091 et
847 2035 984 2094 euocetur
1006 2029 1043 2092 ab
1065 2031 1168 2111 aliquo
1190 2020 1360 2112 supposito-

279 2149 359 2204 rum,
399 2130 580 2192 Vltiaersitas
617 2131 683 2209 ipsa
722 2135 863 2190 teneatur
898 2128 1041 2201 scribere,
1072 2129 1178 2192 addita
1212 2129 1362 2212 qualitate

280 2247 407 2292 caussae
432 2238 460 2290 cl
483 2225 655 2309 puorrtitote
676 2227 768 2290 debiti
785 2229 885 2307 petiti,
910 2229 950 2290 od
972 2245 1038 2290 eam
1061 2231 1221 2302 civitatem,
1245 2231 1277 2292 ia
1300 2247 1360 2312 qua

280 2329 418 2391 citandus
434 2333 581 2402 irroratur,
599 2327 689 2406 idque
706 2343 808 2388 mense
830 2343 890 2388 aaa
913 2333 984 2389 onte
1006 2328 1191 2390 citationem.
1209 2328 1253 2390 ll.
1271 2329 1361 2406 Quod

280 2432 308 2490 si
338 2429 489 2508 quispiam
521 2424 740 2488 llollnndorum
770 2425 909 2506 excipere
934 2425 1003 2487 uelit
1030 2425 1174 2488 adaeroas
1197 2445 1358 2507 personata

279 2528 439 2608 suppositi,
458 2527 494 2588 de
508 2543 543 2587 eo
564 2542 617 2604 per
639 2524 815 2603 deputatum
838 2525 965 2603 Loaurrij
986 2527 1230 2602 informationem
1253 2545 1359 2608 capere

277 2623 388 2688 ualeat.
416 2623 525 2687 Simile
552 2621 780 2686 concordatum
808 2631 892 2687 extet
916 2621 1137 2689 Vniversitatis
1164 2641 1236 2688 cam
1263 2626 1389 2708 opido,

277 2720 543 2803 bliddelburgensi
574 2719 606 2781 in
633 2719 779 2784 Zelnudia
806 2735 890 2784 anuo
918 2739 976 2784 cra.
999 2740 1036 2784 ra.
1062 2741 1103 2786 rx.
1135 2721 1187 2805 xiij
1207 2723 1358 2789 kalendas

276 2821 434 2903 aprilis».

274 3027 470 3110 L'crnpereur
485 3027 679 3091 Maairnlliea
693 3031 719 3090 et
736 3025 902 3090 l'arrbiduc
915 3027 1090 3108 Philippeia
1105 3031 1188 3093 Beoa
1201 3029 1357 3093 conciuerat

258 3175 262 3184 .
318 3146 358 3190 urr
373 3128 483 3190 accord
498 3145 568 3189 avec
583 3126 611 3188 lc
635 3127 762 3189 bearem·
785 3133 811 3188 el
833 3126 860 3188 lc
883 3127 1105 3190 Corrseraatear
1126 3129 1178 3190 des
1198 3129 1357 3210 priuiiipea

315 3228 352 3289 ‹le
377 3226 573 3310 l’Uaiuersite'
596 3225 633 3288 dc
659 3225 798 3289 Lauaaia
825 3218 971 3304 retulisti
997 3225 1028 3288 la
1047 3227 1226 3304 juridiction
1249 3229 1286 3290 de
1308 3245 1356 3289 ees

314 3327 450 3388 ‹terrriere
464 3343 519 3387 aar
533 3325 577 3386 les
592 3325 718 3404 suppiles
733 3323 769 3385 de
784 3322 981 3388 l'llnioersitd
995 3329 1088 3401 (texte
1106 3325 1263 3403 lranpaisl.

711 3488 729 3542 6
748 3491 814 3543 auiti
837 3488 916 3546 1495.

316 3612 507 3676 blaximilien
547 3627 602 3690 par
638 3611 665 3674 la
700 3627 795 3691 grace
831 3611 870 3675 de
909 3611 985 3676 [lieu
1018 3613 1085 3693 Ray
1115 3613 1171 3678 des
1202 3613 1355 3679 Rornaius

274 3714 438 3776 tousiours
454 3721 598 3793 augrrste,
614 3711 653 3774 de
672 3709 821 3790 llongrie,
836 3711 876 3774 de
893 3710 1063 3784 Dalmacie,
1077 3713 1116 3775 de
1133 3712 1275 3787 Croucie,
1290 3724 1353 3778 eto.

271 3815 308 3876 Et
324 3811 468 3889 Pbilippe
494 3827 549 3890 par
571 3810 599 3872 la
627 3809 729 3872 metue
752 3825 846 3888 grace
870 3809 1047 3873 Arclriducz
1071 3811 1251 3884 dllustrioc,
1271 3812 1354 3877 lluoz

270 3911 310 3974 de
335 3909 547 3990 Bourgoigne,
573 3909 613 3972 de
637 3907 777 3980 balbria,
802 3907 840 3970 de
866 3906 1015 3982 Brabant,
1040 3911 1080 3972 de
1105 3911 1295 3992 hombourg,
1313 3913 1354 3976 de

271 4009 492 4088 Luxembourg
514 4019 544 4072 et
568 4008 606 4070 de
630 4007 775 4081 Geldres,
793 4005 910 4068 dantes
932 4006 971 4069 de
996 4005 1160 4082 Flandres
1183 4009 1222 4072 de
1244 4011 1350 4090 Tyrol,

271 4107 491 4179 carthusae
510 4105 720 4186 Bourgoigue,
740 4104 878 4166 Palatius
895 4105 934 4166 tle
953 4105 1104 4177 llainuau
1123 4107 1163 4171 de
1184 4108 1351 4184 llollande,
1450 4155 1453 4160 ·

272 4206 311 4269 de
338 4203 486 4279 Zelnnde,
515 4205 553 4268 de
579 4203 697 4266 Namur
723 4213 753 4266 el
779 4203 818 4266 de
845 4201 1000 4282 Zutplren,
1028 4205 1167 4286 ttarquls
1193 4206 1234 4270 du
1261 4206 1351 4272 Saiut
