3236 4944
800 471 983 538 -498-

387 655 417 719 8.
444 655 604 736 Receptor
630 671 686 735 per
713 669 826 720 monuo
853 655 1051 720 bedettorum
1081 653 1213 734 recipiet
1242 671 1258 718 o
1289 655 1433 734 ouoiibet

331 753 538 820 -ticentinndo
565 754 597 818 in
625 754 748 820 artibus
773 755 832 820 sub
858 754 967 836 specie
992 753 1101 818 divitis
1128 755 1210 819 duos
1238 755 1389 831 smirnos,
1416 773 1435 820 a

345 853 530 920 birretondo
547 859 684 937 quatuor
700 854 853 929 sideros,
871 871 887 918 a
905 853 1179 920 baccalaureando
1201 841 1434 937 insuperiori-

346 955 407 1021 bus
430 953 647 1020 Facultatibus
670 953 753 1019 duos
775 955 927 1032 stuteros,
953 971 970 1018 a
992 953 1189 1020 licentinndo
1212 962 1348 1036 quotuor
1367 964 1434 1020 cto

346 1053 548 1122 doctorando
564 1071 621 1120 sex
637 1054 792 1121 stutcros.

388 1187 419 1252 9.
444 1187 633 1268 deceptore
646 1185 782 1268 singuiis
799 1203 856 1269 por
872 1186 1040 1253 Rectorem
1058 1187 1230 1252 nominatis
1243 1187 1353 1270 viginti
1367 1196 1435 1254 tres

347 1286 490 1352 stuteros
505 1285 650 1368 recipiet,
668 1293 700 1352 et
715 1303 732 1350 a
748 1285 885 1367 singuiis
905 1287 1039 1352 notariis
1059 1303 1118 1369 pro
1140 1287 1278 1368 quatum
1301 1287 1436 1368 stipulo-

348 1385 434 1452 tione
450 1384 680 1468 extmjudicioii
699 1402 796 1450 unum
813 1385 1056 1451 octodenoriurn
1078 1386 1223 1468 recipiat,
1242 1395 1272 1452 et
1291 1403 1308 1450 n
1329 1386 1436 1468 signa·

349 1493 419 1552 tore
435 1485 608 1567 primorum
629 1485 794 1551 literarum
811 1485 892 1550 duos
909 1487 1020 1552 tertias
1037 1495 1143 1568 partes
1159 1485 1363 1553 denariorum
1381 1487 1436 1567 qui

348 1583 519 1652 solvuntur
535 1601 573 1650 ox
590 1584 929 1667 transportationibus.

391 1715 441 1780 ib.
467 1716 627 1798 deceptor
643 1717 725 1781 uitro
742 1716 919 1798 praemisso
943 1717 1061 1793 omnia,
1079 1717 1139 1782 etia
1161 1733 1288 1800 quoque
1311 1717 1437 1784 emotu-

350 1824 456 1882 menta
472 1815 675 1881 Universitati
692 1817 994 1899 quomodocumque
1011 1817 1229 1898 provenientia
1246 1816 1389 1898 recipiat,
1404 1827 1437 1884 et

349 1915 382 1979 iu
399 1931 478 1980 usus
493 1914 717 1980 Universitetis
733 1915 903 1998 diiigenter
919 1917 1091 1982 custodiat.
1115 1917 1198 1981 Nibii
1216 1925 1320 1982 nutem
1337 1933 1433 1999 expo·

352 2023 404 2080 not
420 2013 481 2079 nisi
497 2031 596 2095 super
611 2015 778 2080 sobeduiis
795 2033 851 2097 per
867 2016 1036 2082 Rectorem
1054 2024 1084 2081 ot
1101 2016 1258 2082 notarium
1272 2016 1438 2082 Universi-

352 2113 426 2179 tatio
442 2114 587 2196 signetis.

395 2245 443 2309 tt
470 2245 630 2327 Receptor
645 2247 782 2328 singuiis
798 2247 891 2312 curris
909 2264 967 2328 pro
988 2247 1149 2328 stipendio
1170 2265 1230 2314 suo
1250 2247 1289 2313 ab
1304 2247 1437 2313 Univer-

353 2344 446 2410 sitote
462 2345 594 2427 recipiat
611 2345 641 2409 in
658 2345 785 2410 duobus
803 2347 948 2412 terminis
960 2347 1129 2412 duodecim
1144 2347 1286 2413 florenos
1299 2347 1440 2413 rbeueu-

353 2461 419 2521 ses,
437 2452 468 2510 et
483 2461 500 2508 a
516 2443 652 2525 singulis
669 2443 868 2510 intitulandis
885 2463 980 2511 unam
994 2448 1146 2528 pieocnm.

394 2575 445 2640 ib.
471 2575 629 2658 deceptor
645 2576 695 2642 bis
711 2577 742 2641 iu
763 2595 861 2653 anno,
879 2579 1027 2646 videlieet
1050 2579 1152 2662 pridie
1171 2579 1341 2646 electionis
1364 2579 1438 2645 novi

353 2675 513 2751 [lectoris.
542 2675 582 2741 de
609 2677 749 2758 receptis
775 2687 806 2743 et
831 2679 986 2761 expositis
1012 2695 1120 2744 eoram
1148 2679 1362 2744 Universitate
1387 2677 1438 2743 vei

356 2775 517 2859 deputaris
532 2775 571 2840 ab
587 2776 696 2842 eadem
713 2787 897 2860 computum
914 2779 1026 2845 reddat
1038 2787 1069 2844 et
1082 2779 1203 2861 reliqua
1215 2778 1395 2860 consignet.

397 2993 457 3056 Les
472 2998 595 3054 auocato
610 2992 650 3055 du
668 2991 802 3057 tribuual
816 2994 855 3056 du
874 2995 1003 3058 Rccteur
1018 3000 1045 3057 et
1061 2993 1115 3055 des
1131 2993 1199 3075 einp
1207 2994 1297 3073 jupes
1308 2991 1440 3074 d'cppel.

356 3089 402 3154 bc
428 3091 541 3155 borum
570 3089 689 3168 officio,
714 3092 775 3157 sub
801 3092 893 3156 tituio
916 3110 923 3155 :
948 3093 991 3155 De
1017 3092 1172 3156 aduocatis
1197 3092 1301 3154 entire
1325 3091 1443 3154 domini

355 3190 502 3264 Rectorir,
521 3189 638 3270 iegitur
654 3190 685 3254 iu
702 3191 833 3256 Stotntir
852 3192 1062 3256 Uniucrritutir
1077 3190 1168 3273 (opud
1184 3191 1342 3265 ttomnuu,
1358 3191 1440 3254 iiiut.

359 3287 461 3363 Unio..
478 3288 530 3352 cd.
549 3289 594 3355 Dc
610 3290 702 3366 Rom,
721 3290 758 3367 ii,
777 3307 807 3372 p.
825 3291 921 3372 9¹¹)=

400 3421 427 3482 i.
455 3420 635 3486 dovoratus
661 3422 845 3504 priusquam
871 3421 1012 3489 officium
1036 3439 1128 3488 suurn
1153 3421 1184 3485 in
1207 3419 1367 3486 auditorio
1384 3437 1442 3485 scu

357 3519 553 3584 consistorio
577 3519 696 3586 domini
723 3522 869 3588 Rectoris
893 3521 941 3587 vei
967 3520 1263 3604 quiuquejudicum
1280 3528 1441 3595 exerceat,

359 3627 499 3700 praestet
519 3619 734 3702 iuramentum
758 3623 841 3704 quod
867 3621 1042 3702 sequitur:

400 3716 497 3799 «Ego
521 3717 557 3782 N.
579 3720 665 3800 juro,
692 3721 776 3802 quod
801 3720 1058 3802 iurisdictionem
1089 3718 1208 3784 domini
1238 3715 1385 3782 Rectoris
1414 3727 1446 3781 et

358 3815 499 3898 quinque
512 3817 657 3899 judicum
675 3837 737 3884 nun
755 3819 961 3901 impugnabo,
975 3819 1031 3884 sed
1050 3835 1107 3898 pro
1123 3817 1245 3882 viribus
1260 3815 1443 3890 dctendam

358 3924 516 3996 quatenus
536 3918 712 3984 secundum
726 3918 810 4000 juro,
835 3917 1000 4000 priuilegia
1017 3917 1067 3982 rei
1088 3925 1204 3981 statuto
1221 3915 1448 3980 Universitntis

358 4020 484 4092 teneor,
507 4025 539 4082 et
562 4019 646 4098 quod
668 4018 706 4081 ab
722 4018 809 4082 omni
825 4017 983 4082 calumnia
1000 4016 1212 4082 abstinebo.»

400 4147 430 4209 2.
456 4147 636 4214 Advocatus
652 4158 724 4215 onte
740 4149 981 4230 susceptionem
999 4163 1115 4214 causae
1131 4146 1234 4230 capiat
1250 4144 1448 4214 intnrmntio·

360 4261 419 4316 nes
434 4263 450 4310 a
467 4255 568 4335 parte,
586 4247 636 4314 cui
654 4247 917 4338 patrocinabitur.
