3260 4944
686 500 871 566 „359-

268 683 299 747 6.
325 683 443 750 Reclor
467 700 527 765 pro
551 683 703 750 tribunali
726 684 839 751 sedeat
861 685 892 748 in
911 701 1026 766 magno
1050 684 1221 758 refectorio
1238 685 1316 750 Fra·

227 789 311 847 trum
324 782 626 864 Augustiniensium
642 784 692 850 vel
709 784 740 848 io
754 787 851 850 domo
863 784 1068 850 habitationis
1084 800 1161 848 suae
1171 786 1221 863 (1),
1236 784 1316 848 bora

228 897 285 960 per
299 882 405 961 ipsum
419 881 682 963 praescribenda,
697 882 746 948 bis
763 883 795 946 iu
811 881 1023 956 bebdomada,
1038 883 1187 948 videlicet
1200 883 1316 956 diebus

228 980 340 1047 martis
362 990 394 1046 et
415 981 555 1056 toneris,
581 982 663 1046 solis
685 982 800 1047 diebus
824 982 948 1049 festivis
972 981 1098 1063 publice
1120 981 1313 1056 celebribus,

229 1097 289 1145 nec
312 1097 375 1146 non
399 1080 622 1146 vacationibus
641 1081 859 1162 paschalibus,
877 1081 1092 1163 rogationum,
1110 1091 1315 1163 pentecosta-

226 1179 324 1254 libus,
343 1179 509 1254 messium,
527 1179 761 1246 vindemiarum
780 1190 813 1245 et
829 1179 980 1245 natalitiis
996 1180 1157 1260 exceptis,
1176 1174 1209 1244 in
1226 1178 1315 1252 leriis

227 1285 333 1344 tantm
356 1277 510 1343 messium
533 1287 565 1344 et
587 1278 821 1344 vindemiarum
844 1279 945 1345 semel
971 1277 1004 1343 in
1030 1277 1231 1344 bebdomada
1256 1271 1314 1367 pto

227 1377 375 1442 tribunali
389 1377 513 1454 sedeat,
527 1387 559 1442 et
576 1377 608 1442 in
625 1377 777 1444 omnibus
790 1378 912 1454 causis,
926 1394 1020 1460 quam
1038 1385 1145 1458 potest
1158 1376 1227 1444 fleri
1244 1377 1316 1454 bre7

224 1477 370 1554 ussine,
380 1477 548 1543 inutilibus
558 1475 866 1554 terminisresectis‚
879 1495 937 1559 pro
948 1475 1134 1544 conditione
1146 1493 1314 1573 causarum

223 1585 256 1642 et
278 1593 502 1658 personarum,
526 1577 628 1660 gratis
650 1577 705 1659 jus
731 1585 763 1642 et
783 1577 941 1658 iustitiam
966 1573 1182 1654 administret,
1208 1577 1314 1656 babila

225 1693 355 1757 semper
369 1676 493 1742 ratione
509 1675 750 1758 privilegiorum
766 1685 799 1742 et
814 1685 1006 1742 statutorum
1018 1675 1271 1740 universitatis..
1302 1669 1310 1760 j

267 1809 298 1871 7.
322 1807 476 1872 citandus
492 1823 600 1873 coram
616 1807 749 1874 domino
762 1809 900 1873 Rectore
915 1807 1032 1873 citetur
1048 1823 1105 1889 per
1120 1807 1260 1889 aliquem
1276 1824 1314 1872 ex

225 1906 381 1983 bedellis;
396 1923 454 1988 pro
469 1923 532 1989 qua
544 1907 697 1974 citatione
710 1917 742 1975 et
757 1905 915 1973 relatione
928 1906 1043 1972 babeat
1058 1905 1204 1971 bedellos
1218 1913 1314 1972 unum

229 2006 369 2071 medium
386 2005 554 2072 stnierum.

268 2137 298 2202 8.
322 2137 354 2201 Si
383 2136 499 2204 citatus
525 2139 564 2203 ad
589 2154 760 2219 personam
785 2137 899 2222 (super
920 2155 984 2220 quo
1007 2137 1146 2204 stabitur
1167 2137 1317 2208 relationi

227 2237 358 2320 bedelli)
371 2235 403 2301 in
416 2237 554 2303 termino
566 2236 728 2303 citationis
740 2253 798 2319 per
808 2254 845 2304 se
857 2254 914 2304 seu
932 2237 1029 2302 alium
1042 2254 1106 2303 nou
1119 2246 1315 2318 compareat,

228 2345 400 2403 censeatur
413 2346 598 2414 contumax,
615 2345 648 2402 et
663 2336 799 2404 ulterior
818 2336 927 2403 citatio
945 2336 999 2402 liat
1015 2335 1076 2402 sub
1099 2352 1201 2418 poena
1218 2353 1312 2419 pecua

227 2435 328 2500 niaria
341 2435 475 2502 arbitrio
488 2433 636 2501 Rectoris
648 2434 856 2512 declaranda;
871 2435 899 2502 si
913 2445 978 2501 tum
991 2443 1186 2518 compareat,
1202 2443 1315 2518 purget

226 2550 319 2600 suam
343 2534 578 2600 contumaciam
601 2533 720 2600 refusis
742 2534 906 2617 expensis,
924 2533 1044 2616 alioqui
1068 2551 1132 2600 non
1155 2534 1314 2600 audietne,

225 2636 257 2699 Si
272 2653 331 2702 nec
345 2643 423 2702 tunc
434 2635 902 2718 compareat,coudemnabitur
915 2635 949 2700 in
958 2651 1093 2717 poenam
1105 2643 1313 2718 praetactam;

225 2743 257 2801 et
270 2735 480 2802 nibilominus
495 2743 608 2802 contra
622 2735 670 2801 sic
682 2743 909 2802 contumacem
922 2743 952 2802 et
965 2733 1119 2801 rebellem
1133 2736 1171 2798 ad
1187 2750 1315 2799 excom·-

223 2835 476 2901 municatiouem
499 2835 547 2901 rel
572 2834 611 2900 ab
639 2851 699 2900 usu
724 2834 968 2917 privilegiorum
992 2833 1243 2916 suspensionem
1261 2833 1316 2916 ⁸vel

224 2933 413 3000 missionem
429 2933 461 2998 io
477 2933 562 3001 bona
579 2933 736 3016 aliasque,
754 2942 787 2998 ut
800 2933 886 3016 juris
901 2933 975 3011 erit,
994 2931 1199 3014 procedatur.
1298 3011 1302 3020 1

265 3065 296 3130 9.
321 3065 354 3131 Si
380 3065 454 3148 quis
483 3066 516 3130 in
539 3065 594 3147 jus
618 3065 788 3132 vocabitur
813 3065 855 3130 ob
882 3081 1013 3130 causam
1040 3080 1117 3130 esus
1143 3064 1192 3129 vel
1220 3072 1315 3144 potus

225 3164 404 3230 minutatim
431 3173 462 3232 et
484 3164 682 3230 successivis
706 3163 830 3230 vicibus
848 3164 947 3245 empti
970 3180 1028 3230 seu
1050 3163 1186 3244 accepti,
1203 3173 1257 3228 aut
1272 3162 1313 3228 ob

225 3265 408 3330 mercedem
430 3263 578 3330 laborum
600 3279 759 3330 summam
776 3263 870 3328 trium
887 3263 1083 3328 ilorenornm
1106 3261 1314 3326 rlreoensium

226 3379 290 3428 non
302 3364 537 3440 excedentium,
553 3365 671 3431 Rector
687 3381 782 3446 quam
795 3363 967 3430 celerrime
980 3371 1086 3446 potest
1098 3379 1168 3428 eam
1184 3376 1314 3428 oausam

224 3461 367 3539 definiat,
384 3479 421 3528 ac
436 3463 709 3530 condemnatione
725 3463 808 3529 lorte
825 3461 908 3526 lacta
923 3462 1008 3527 intra
1030 3462 1160 3527 brevem
1176 3455 1315 3541 aliquem

226 3559 407 3638 terminum,
433 3579 492 3644 pro
515 3561 702 3628 conditione
729 3577 943 3644 personarum
970 3569 1002 3627 et
1023 3577 1082 3626 sua
1105 3559 1312 3654 discretione,

224 3660 730 3744 sententiamsnamexequatur.
1307 3657 1310 3672 ³

267 3793 318 3858 ld.
349 3793 473 3860 Causae
498 3763 684 3860 criminales
720 3793 911 3877 injuriarum
937 3799 967 3858 et
997 3789 1242 3857 deflorationum
1272 3791 1312 3855 de

225 3891 362 3958 consilio
393 3891 619 3959 Universitatis
657 3892 864 3960 existentium
901 3891 1115 3958 observentur
1150 3889 1181 3953 in
1216 3883 1312 3996 tirreni¹

261 4075 299 4148 (l)
319 4076 419 4132 Reotor
433 4075 580 4147 posteriori
594 4079 685 4133 aelate
698 4093 747 4149 pro
760 4076 895 4132 tribunali
909 4075 1021 4132 sedebat
1036 4074 1066 4130 in
1079 4091 1129 4130 suo
1142 4073 1271 4130 cubiculo
1283 4071 1313 4127 in

224 4166 338 4224 adibus
353 4167 497 4223 Heliorum
510 4171 664 4237 exstructo,
676 4169 749 4242 quod
763 4168 875 4246 quidem
887 4167 1046 4226 cubiculum
1059 4183 1171 4226 commo
1183 4183 1231 4220 seu
1245 4169 1313 4226 aula

225 4262 369 4332 ¹rortorolic
383 4257 536 4320 dicebatur,
1195 4285 1196 4290 ,
1252 4262 1258 4290 2
