3194 4940
748 411 936 477 altb-

296 594 331 661 in
349 585 422 677 ipso
436 593 544 660 studio
560 609 619 675 pru
635 603 779 675 tempore
794 595 939 676 legentes
955 609 1011 658 seu
1028 601 1177 675 regentes
1192 602 1225 659 et
1241 593 1319 660 nulli
1331 593 1389 676 alii

299 709 357 774 per
375 693 381 769 Ι
400 691 672 775 Burqimaqistros
695 692 874 774 presentari
898 707 936 756 ac
959 691 990 756 in
1013 693 1062 756 eis
1085 709 1142 774 per
1169 691 1331 758 Decanum
1355 699 1391 758 et

301 790 481 872 capitutum
504 791 668 872 predictos
690 791 813 856 institui
835 789 992 856 deberent
1013 789 1130 856 litteris
1145 790 1272 872 plenius
1287 789 1392 855 contio

302 899 406 956 netur.
425 889 634 954 Postmodum
659 905 738 955 uero
760 889 855 954 sicuti
872 889 967 954 nobis
982 888 1036 970 qui
1050 889 1139 954 dicto
1156 889 1393 970 predecessore

298 989 383 1054 sicut
397 989 528 1054 domino
545 989 662 1070 placuit
679 989 805 1054 sublato
819 989 860 1053 de
876 987 982 1053 medio
999 987 1118 1052 luimus
1134 987 1243 1052 diuina
1260 986 1394 1052 inuento

298 1087 472 1152 clemencia
485 1087 524 1151 ad
536 1087 659 1168 apicem
672 1087 789 1151 summi
809 1093 815 1166 Ι
832 1085 1035 1166 apostolatus
1048 1085 1204 1166 assumpti
1222 1101 1281 1166 pro
1298 1091 1393 1166 parte

300 1185 624 1266 Burgimagistrorum
640 1185 826 1250 eorumdem
845 1201 947 1264 nuper
961 1184 1102 1249 exbibita
1119 1184 1229 1264 petitio
1244 1183 1395 1248 contine·

300 1283 365 1356 bat.
383 1283 520 1349 dilectus
540 1282 626 1348 illius
650 1284 800 1365 ttaqister
818 1282 1008 1348 wilhelmus
1029 1284 1111 1347 Bont
1134 1281 1393 1348 archidiaconus

299 1382 556 1464 antwerpiensis
578 1382 611 1446 in
627 1382 711 1448 dicta
728 1381 866 1448 ecclesia
882 1382 1293 1463 cameracensi-utriusque
1308 1381 1394 1444 iuris

300 1482 414 1548 doctor
429 1491 461 1546 et
475 1479 667 1561 capellanus
684 1489 795 1546 noster
810 1480 848 1546 ad
866 1481 1008 1562 ipsarum
1025 1481 1205 1546 litterarum
1227 1479 1388 1544 executio

300 1597 373 1645 nem
392 1581 397 1649 Ι
418 1580 611 1661 procedens,
628 1579 701 1660 quia
717 1579 862 1660 diligenti
880 1595 937 1659 pcr
952 1595 1026 1644 eum
1041 1577 1275 1644 informacione
1290 1577 1387 1642 desu-

300 1678 486 1760 perhabita,
500 1675 642 1758 repperit
653 1677 798 1758 exposita
812 1676 1037 1758 predecessori
1050 1676 1234 1742 huiusmodi
1252 1676 1392 1741 ueritate

301 1775 432 1853 subniti,
447 1775 583 1841 uniones
594 1775 793 1840 annexiones
805 1774 1085 1856 incorporationes
1100 1784 1130 1839 et
1146 1773 1389 1839 reseruationes

302 1873 545 1957 predictaslecit
556 1873 690 1956 ipseque
703 1873 840 1939 uniones
852 1875 1051 1940 annexiones
1063 1883 1095 1939 ct
1108 1873 1393 1954 incorporationes

302 1975 333 2038 in
357 1973 508 2039 omnibus
524 1982 727 2055 preterquam
744 1973 862 2054 quoad
881 1973 887 2053 Ι
907 1973 1008 2054 ipsam
1026 1973 1196 2038 ecclesiam
1213 1972 1253 2036 de
1270 1971 1391 2036 Brecbt

301 2089 364 2154 que
380 2082 564 2154 perpetuam
580 2071 731 2136 vicariam
753 2072 872 2136 babere
892 2071 1010 2137 dicitur
1030 2081 1199 2153 antequam
1222 2071 1292 2150 ipse
1314 2086 1389 2151 prc-

301 2171 457 2236 decessor
482 2171 653 2236 decederet
683 2170 798 2235 sortite
827 2172 955 2236 luerunt
984 2171 1146 2236 ellectum.
1173 2167 1251 2233 Cum
1282 2177 1392 2232 autem

302 2269 386 2335 sicut
401 2269 512 2334 eadem
529 2269 646 2350 peticio
659 2269 883 2351 subiungebat,
898 2286 956 2351 pro
969 2287 1008 2334 eo
1021 2269 1105 2350 quod
1118 2268 1151 2332 in
1163 2269 1260 2333 dictis
1271 2265 1393 2331 litteris

303 2369 405 2450 ipsius
420 2369 594 2452 collegiate
609 2369 747 2434 ecclesie
769 2369 892 2434 lructus
915 2369 1059 2434 redditus
1080 2378 1112 2433 et
1135 2377 1312 2449 prouentus
1332 2381 1390 2430 ex·

303 2468 407 2549 pressi
430 2484 492 2532 non
510 2468 638 2532 luerunt
656 2469 662 2546 Ι
681 2468 757 2532 iicet
772 2469 852 2548 ipsis
868 2468 996 2534 Deuano
1012 2477 1044 2534 ct
1058 2467 1204 2548 capituto
1219 2467 1260 2530 dc
1274 2463 1388 2529 iructi-

299 2565 360 2631 bus
377 2565 557 2630 redditibus
571 2575 604 2631 et
626 2566 836 2645 prodentibus
859 2567 1018 2632 unitarum
1040 2565 1251 2630 ecclesiarum
1273 2563 1391 2628 buius·

301 2663 387 2728 modi
403 2662 501 2728 nichil
517 2665 634 2729 cedere
647 2663 774 2740 debeat,
789 2673 893 2730 tamen
906 2666 980 2747 quia
993 2666 1064 2746 ipsc
1076 2665 1291 2745 predecessor
1302 2663 1390 2726 inter

300 2761 360 2827 alia
382 2761 483 2826 uoluit
505 2762 590 2844 quod
614 2761 833 2828 ecclesiastica
857 2762 1012 2830 beneficia
1036 2771 1183 2844 petentes
1204 2759 1278 2844 alijs
1301 2759 1387 2825 uniri

300 2875 412 2926 uerum
443 2861 585 2926 calorem
614 2861 790 2926 secundem
825 2860 1063 2927 extimationem
1100 2860 1274 2942 predictam
1294 2857 1301 2941 Ι
1320 2867 1383 2922 tam
1430 2881 1434 2894 ·

299 2957 446 3040 beneficii
463 2958 593 3024 uniendi
606 2975 700 3040 quam
717 2958 804 3024 illius
819 2960 870 3026 cui
889 2960 1035 3025 uniretur
1045 2959 1226 3040 exprimere
1242 2967 1390 3023 teneren-

296 3067 360 3134 tur,
373 3058 414 3123 de
427 3057 641 3139 predictarum
656 3058 833 3124 litterarum
848 3059 971 3124 uiribus
982 3060 1023 3124 ab
1034 3059 1196 3140 aliquibus
1212 3057 1381 3130 besitetur‚

297 3156 442 3238 ipsisque
465 3155 726 3238 Burgimagistris
748 3157 948 3224 conueniens
973 3164 1142 3240 appareret
1167 3157 1253 3238 quod
1279 3155 1385 3221 eciam

297 3257 349 3339 alii
365 3257 509 3340 legentes
524 3267 556 3322 et
568 3265 718 3338 regentes
733 3257 851 3323 ibidem
868 3260 1016 3340 quamuis
1031 3259 1063 3322 in
1080 3256 1263 3322 huiusmodi
1279 3256 1384 3321 Tbeo-

296 3355 381 3437 logia
409 3355 551 3436 llaqistri
579 3357 629 3420 uel
650 3356 656 3438 Ι
676 3355 840 3438 Bacallarij
868 3373 932 3422 non
962 3365 1084 3433 essent,
1112 3357 1151 3421 ad
1181 3355 1286 3420 dictos
1315 3365 1387 3419 tres

295 3455 509 3521 canonicatus
531 3463 562 3520 et
584 3455 764 3536 prebendas
787 3457 964 3535 presentari
986 3473 1112 3523 necnon
1129 3456 1161 3520 in
1178 3454 1242 3520 illis
1258 3453 1385 3518 institui

295 3555 452 3628 ualerent,
471 3570 528 3634 pro
545 3562 636 3634 parte
651 3553 977 3636 Burgimagistrorum
1000 3555 1187 3621 eorumdem
1211 3552 1305 3618 nobis
1326 3551 1381 3632 qui

295 3653 422 3717 interim
453 3668 567 3716 omnes
595 3651 731 3717 uniones
758 3652 953 3717 annexiones
979 3660 1012 3718 et
1036 3649 1316 3733 incorporationcs
1341 3649 1386 3714 de

297 3750 464 3833 quibusuis
480 3749 629 3832 ecclesiis
645 3765 683 3815 ac
701 3750 868 3832 beneficiis
887 3751 1026 3817 inuicem
1048 3752 1098 3816 uel
1118 3749 1190 3832 alijs
1209 3749 1214 3832 Ι
1233 3746 1385 3830 ecclesiis

297 3847 462 3929 beneilcijs
484 3859 516 3913 et
538 3848 620 3913 locis
642 3850 885 3930 quomodolibet
905 3851 1083 3930 apostolica
1107 3851 1157 3915 uel
1180 3848 1241 3914 alia
1267 3846 1385 3929 qoauis

294 3947 483 4012 auctoritate
499 3947 677 4027 lectasque
693 3947 836 4013 nondum
854 3947 1001 4013 ellectum
1018 3949 1131 4013 sortite
1147 3947 1276 4012 luerunt
1292 3959 1386 4010 reuo-

293 4045 439 4110 cauimus
462 4045 662 4109 cassauimos
683 4055 716 4111 ct
738 4045 936 4112 irritanimus
964 4047 1148 4128 nulliusque
1173 4043 1382 4110 decreuimus

292 4144 431 4209 existere
445 4133 618 4220 firmitatis,
637 4145 697 4209 luit
718 4143 882 4210 bumiliter
902 4145 1116 4227 supplicatum
1140 4153 1175 4210 ut
1197 4159 1296 4224 super
1317 4139 1384 4222 bijo

293 4251 452 4323 oportune
474 4241 645 4323 prouidere
664 4243 670 4325 Ι
689 4243 729 4309 dc
751 4241 948 4325 benignitate
969 4243 1147 4326 apostolica
1161 4241 1380 4323 dignaremur.
