3100 4942
736 443 920 506 -ttl-

287 625 420 690 Medicis
443 633 474 689 et
490 640 623 689 suorum
647 623 809 689 sociorum
827 624 1002 688 Romanam
1019 623 1144 688 curiam
1168 621 1370 703 sequentinm

286 725 338 789 dic
361 724 432 788 date
456 723 651 804 presentium
675 723 757 787 solui
783 724 856 787 l'ecit
879 724 1010 788 realiter
1031 731 1063 787 et
1089 739 1162 788 cum
1181 721 1310 786 ellectu.
1330 723 1373 785 lle

284 823 403 902 cuibus
419 823 547 903 quidem
565 821 612 886 sic
628 821 743 885 solutis
760 823 912 902 prefatam
930 821 1177 887 Vniuersitatem
1193 836 1371 902 omnesque

288 920 369 986 alios
392 936 528 1001 qnorum
545 919 679 984 interest
702 919 750 984 uel
769 921 922 985 intererat
946 937 1002 985 seu
1020 920 1180 985 interesse
1198 927 1372 1000 potestant

286 1019 405 1100 poterit
430 1019 671 1099 quomodolibet
697 1019 727 1081 in
754 1019 894 1084 loturum
923 1029 1034 1084 tenore
1066 1019 1263 1099 presentium
1291 1017 1372 1098 quit·

287 1131 404 1190 tamus,
421 1117 621 1182 absoluimus
637 1127 668 1180 ct
685 1125 840 1197 perpetuo
864 1117 1050 1183 liberamus.
1071 1119 1103 1181 ln
1120 1133 1257 1198 quorum
1283 1115 1373 1181 testi·

289 1216 431 1281 monium
455 1224 622 1296 presentes
639 1217 760 1281 litteras
785 1217 851 1280 lteri
870 1218 1033 1298 sigillique
1050 1217 1151 1281 nostri
1175 1233 1238 1297 quo
1257 1216 1374 1279 utimur

288 1316 423 1380 fecimus
444 1315 642 1395 appensione
667 1316 794 1378 muniri.
815 1317 924 1380 Datum
949 1316 1043 1381 Senis
1067 1314 1127 1380 sub
1152 1331 1236 1379 anno
1253 1331 1269 1376 a
1288 1313 1373 1378 Nati·
1416 1345 1418 1348 ·

290 1415 385 1478 uitate
397 1413 517 1478 domini
532 1415 702 1478 millesimo
715 1415 1033 1496 quadringentesimo
1050 1413 1295 1496 quadragesimo
1312 1421 1374 1478 ter-

288 1513 350 1588 cio,
369 1512 544 1576 indictione
564 1524 664 1588 senta,
682 1514 734 1578 die
750 1514 902 1578 vicesima
926 1531 1007 1577 nonu
1027 1513 1148 1578 mensis
1163 1512 1246 1592 diali,
1267 1513 1374 1578 Ponti-

287 1613 402 1676 llcatns
423 1628 500 1677 vern
522 1613 718 1676 sanctissimi
743 1614 774 1677 in
797 1614 921 1678 oltristo
945 1616 1044 1692 patris
1066 1623 1098 1677 et
1124 1613 1245 1676 domini
1274 1613 1375 1678 nostri

288 1710 422 1790 dugenti
444 1709 552 1774 diuina
574 1711 781 1790 prociderem
805 1729 885 1791 pape
900 1720 1014 1792 quarto
1031 1727 1115 1775 anno
1137 1711 1238 1776 tercio
1254 1712 1374 1776 domiui

288 1809 429 1873 decimo.
701 1827 703 1831 ’

330 1933 497 2020 Signatum
514 1965 522 2002 :
542 1941 579 2003 ll.
598 1941 630 2005 ll.
648 1941 688 2005 de
706 1942 807 2022 padua
1007 1941 1071 2006 Sur
1085 1941 1112 2005 lc
1125 1943 1192 2024 pli:
1213 1942 1375 2021 [inplicata

413 2053 442 2103 s.
455 2037 487 2102 d.
503 2055 534 2102 n.
549 2055 629 2121 pape
640 2041 869 2106 thesaurarius
1088 2041 1128 2104 ll.
1146 2040 1294 2122 TbeninJ.

662 2206 788 2276 Originel
805 2225 854 2262 sur
875 2207 1044 2279 parchemin.
1060 2207 1134 2261 muni
1155 2207 1221 2260 d’uo
1242 2207 1377 2276 fragment

623 2299 658 2350 du
674 2315 755 2352 sceau
769 2317 802 2353 en
816 2299 873 2355 cire
888 2315 982 2368 rouge.
998 2300 1034 2352 du
1056 2297 1184 2352 trisorier
1200 2297 1333 2364 Frangois
1346 2299 1379 2351 de

626 2388 747 2453 Pudens,
764 2391 884 2459 pendant
904 2399 917 2444 tl
933 2391 1034 2444 double
1053 2405 1143 2462 queue
1156 2389 1190 2443 de
1205 2387 1376 2458 parchemin,
1493 2449 1496 2458 Ι

624 2497 679 2533 eux
695 2480 824 2534 Archivss
837 2482 871 2534 de
885 2482 912 2534 le
927 2481 992 2534 ville
1006 2481 1039 2533 de
1054 2479 1187 2536 Lourain.

810 2717 863 2781 tlt.

290 2881 467 2946 Guilloume
482 2883 571 2953 liciti.
589 2883 777 2947 areltidincte
791 2886 827 2948 de
844 2884 985 2950 cambrai·
1000 2885 1020 2946 tl
1035 2885 1154 2948 Auuers
1178 2890 1206 2946 et
1221 2885 1319 2962 dopen
1336 2885 1376 2947 du

333 2979 467 3060 chapitle
491 2982 528 3044 tle
551 2983 769 3047 Sciet-Pierio
797 2986 816 3045 ll
846 2985 999 3053 Louooin.
1028 2981 1210 3063 promulges
1240 2983 1271 3044 lc
1301 2981 1381 3046 bulle

334 3080 589 3162 d'inccrporution
605 3083 645 3144 du
662 3081 701 3144 23
717 3085 779 3146 mci
795 3083 887 3146 titt.

721 3231 753 3286 st
776 3238 841 3286 eoitt
865 3232 944 3288 lttb.

335 3366 525 3430 Reuenenots
548 3386 576 3430 m
599 3387 719 3433 cuntsro
745 3389 884 3434 narniens
910 3381 942 3435 et
968 3371 1108 3435 dominis
1131 3369 1271 3434 dominis
1301 3369 1379 3432 beo-

289 3465 395 3530 diensi
422 3474 454 3530 et
480 3466 700 3531 cameracensi
728 3467 907 3550 Episcopis
936 3469 1118 3547 vestrisque
1147 3477 1177 3532 et
1205 3465 1378 3532 cuiuslibet

293 3572 433 3628 vestrum
457 3564 488 3627 in
505 3565 726 3646 spiritualibus
748 3577 779 3632 et
802 3569 1031 3650 temporalibus
1048 3567 1181 3648 vicariis
1205 3575 1237 3631 et
1252 3564 1375 3628 Officia·

292 3659 388 3734 libus.
409 3679 531 3727 necnon
555 3663 801 3730 Uenerabilibus
823 3667 1015 3732 dominis..
1036 3667 1161 3731 lieceno
1186 3673 1216 3730 et
1232 3662 1387 3744 Capitulo

290 3761 430 3826 ecclesie
453 3762 554 3827 sancti
586 3763 669 3828 Petri
699 3764 909 3830 Louaniensis
934 3766 1120 3832 leodiensis
1149 3763 1315 3844 dyocesis,
1341 3777 1378 3826 ac

292 3859 442 3922 omnibus
471 3860 542 3940 alijs
572 3870 603 3926 et
638 3863 775 3944 siugulis
804 3882 940 3945 quorum
980 3865 1114 3929 interest
1145 3863 1195 3928 uel
1232 3859 1379 3928 intererit

290 3972 439 4037 quosque
461 3959 699 4041 infrascriptum
724 3963 822 4044 tangit
846 3964 1006 4045 negotium
1030 3981 1087 4028 seu
1109 3973 1241 4044 tangere
1264 3961 1378 4041 poterit

292 4056 533 4134 quomodolibet
569 4059 600 4122 in
631 4060 771 4124 loturum
801 4061 1054 4144 quibuscumque
1091 4060 1275 4127 nominibus
1305 4073 1380 4124 cen·

288 4161 435 4232 scantur,
453 4165 507 4220 aut
530 4174 729 4240 quacumque
753 4160 950 4241 prefulgeant
971 4162 1137 4242 dignitate,
1165 4159 1382 4225 communiter
