3222 4944
692 436 910 502 1-rrr-

272 616 495 683 ordinationes
521 617 606 682 circa
635 617 852 698 disciplinam,
879 617 911 680 in
941 615 1063 681 scholis
1089 630 1126 680 ac
1153 613 1359 695 paedagogiis

272 716 433 782 facultatis
449 715 564 781 artium
582 716 813 792 observandas,
833 733 895 781 nun
912 715 1017 782 solum
1034 713 1175 795 antiquis
1199 730 1261 777 non
1285 730 1360 778 esse

272 817 527 896 anteponendas,
563 815 620 882 sed
657 815 765 896 potius
801 825 832 880 et
868 829 981 895 scopo,
1012 830 1076 896 quo
1114 812 1297 887 tendebant,
1328 818 1360 878 el

272 915 450 997 principiis,
469 916 620 998 cunibus
635 915 888 990 deducebantur,
908 914 1036 979 easdem
1054 911 1255 995 perniciosas
1271 928 1357 977 esse.

314 1015 531 1081 «llemoriale
574 1015 607 1078 in
654 1014 790 1080 solemni
835 1012 1060 1080 Universitalis
1103 1021 1263 1078 conventu
1306 1010 1359 1076 die

272 1110 307 1174 ll
335 1112 518 1180 novembris
543 1113 739 1194 praelectum
762 1113 898 1177 facultas
921 1111 1102 1192 theologica
1124 1109 1228 1192 quoad
1245 1125 1359 1176 omnes

270 1209 379 1290 apices
408 1228 469 1278 suo
498 1222 593 1277 ornat
622 1209 788 1290 suffragio.
815 1210 947 1276 Accedit
975 1211 1089 1275 artium
1124 1209 1270 1285 facultas,
1297 1207 1358 1272 nisi

271 1309 357 1390 quod
373 1311 607 1391 digressionem
623 1311 663 1376 de
680 1310 856 1376 kalendarii
872 1311 997 1390 origine
1016 1307 1223 1374 resecandam
1247 1323 1359 1373 cense-

272 1417 333 1474 ret.
350 1409 473 1475 lorium
496 1409 663 1476 facultates
685 1409 793 1474 omnia
815 1408 943 1490 quidem
962 1417 1061 1483 recte,
1078 1407 1135 1472 sed
1148 1405 1236 1487 iusto
1252 1405 1359 1471 acrius

273 1524 427 1588 expressa
443 1508 544 1574 luisse
566 1507 754 1574 censebant.
778 1508 883 1584 Quare
901 1507 948 1572 eis
971 1506 1100 1588 placuit,
1118 1514 1152 1570 ut
1173 1503 1358 1570 llemoriale

272 1606 395 1672 iteratis
418 1607 506 1672 euris
529 1615 831 1689 recognosceretur.
862 1605 984 1682 Quibus
1007 1621 1079 1671 cum
1099 1620 1135 1670 se
1157 1603 1358 1684 adiunxisset

271 1705 408 1771 facultas
421 1705 554 1781 medica,
565 1708 679 1770 horum
693 1705 847 1788 sullragio
859 1705 1049 1771 conclusum
1063 1703 1120 1768 luit
1134 1711 1168 1767 ut
1182 1701 1356 1768 Memoriali

273 1805 421 1870 censoria
438 1805 543 1870 denuo
558 1805 633 1868 lima
650 1805 884 1870 admoveretur.
902 1803 1030 1868 llinime
1046 1819 1123 1884 ergo
1139 1802 1170 1864 in
1187 1819 1224 1867 se
1238 1801 1357 1868 veritas

273 1901 375 1967 tribus
391 1903 442 1966 his
461 1904 666 1969 facultatibus
682 1903 856 1984 displicuit,
875 1904 930 1969 sed
948 1914 1104 1985 quatenus
1120 1902 1228 1966 odium
1245 1918 1359 1983 parere

273 2012 361 2067 esset
387 2013 470 2067 nata.
497 2003 660 2068 Recitator
685 2020 763 2085 ergo
788 2003 829 2066 dd
855 2003 1039 2068 novembris
1066 2003 1097 2064 in
1128 2001 1268 2066 comitiis
1298 2001 1358 2066 sub

270 2099 453 2182 juramento
477 2101 606 2166 indictis
628 2102 812 2168 llemoriule
835 2111 998 2182 postremo
1026 2101 1238 2182 recognitum.
1262 2105 1357 2165 Sacra

217 2227 219 2229 ·
276 2199 410 2265 lacultas
424 2217 588 2266 recessum
606 2219 662 2267 seu
679 2201 877 2266 deliberandi
895 2201 1031 2282 spatium
1048 2199 1233 2281 postulavit.
1245 2199 1356 2276 Porro,

274 2316 416 2380 expenso
431 2302 600 2382 posteriori
614 2303 668 2366 illo
687 2302 873 2377 Memoriali,
891 2301 1101 2381 deprehendit
1117 2316 1208 2364 sacra
1225 2299 1358 2365 laonltas

278 2414 340 2462 non
358 2399 559 2464 emendatum
577 2400 678 2466 luisse
697 2401 735 2464 ad
759 2417 892 2466 sensum
914 2397 1150 2474 Universitatis,
1168 2407 1223 2462 aut
1244 2414 1262 2462 a
1285 2397 1359 2480 styli

275 2498 461 2576 acrimonia,
485 2515 567 2580 quae
593 2499 708 2565 alicubi
735 2501 843 2566 inesse
867 2499 1048 2580 putabatur,
1064 2509 1245 2564 correctum
1269 2498 1358 2578 prius

275 2597 469 2675 blemuriale,
490 2599 546 2662 sed
575 2599 668 2678 plane
693 2599 904 2670 immutatum.
924 2615 962 2664 ac
989 2597 1157 2680 praecipua
1185 2613 1243 2662 sua
1270 2605 1359 2678 parte

274 2695 449 2761 mutilatum
474 2697 585 2762 luisse.
603 2700 707 2770 lluare
729 2715 821 2762 sacra
845 2698 991 2776 facultas,
1009 2712 1067 2777 pro
1092 2712 1223 2760 munere
1243 2712 1304 2760 suo
1319 2712 1357 2760 ac

273 2796 490 2862 conscientiae
526 2797 647 2872 debito,
681 2797 882 2880 magnificum
918 2797 1083 2861 dominum
1120 2793 1288 2860 Rectorem
1326 2805 1358 2860 el

275 2892 397 2956 Almam
413 2893 542 2959 llatrem
566 2896 807 2961 Universitatem
831 2895 981 2978 efflagitat
1006 2918 1013 2958 :
1040 2895 1186 2968 «Primo,
1205 2907 1237 2958 ut
1258 2908 1355 2958 causa

278 2990 487 3072 »Religionis
523 2993 724 3074 diligentius,
762 3011 856 3075 quam
894 2995 926 3057 in
964 2993 1134 3075 posteriori
1173 2992 1357 3057 lllemoriale

279 3088 426 3152 »lactum
450 3091 563 3166 luerat,
588 3092 784 3164 vindicetur;
810 3093 965 3166 secundo,
991 3103 1025 3157 ut
1048 3107 1112 3156 uon
1135 3091 1358 3171 intempestivo

278 3187 527 3267 »supprimatur
547 3187 731 3255 lleuioriale
754 3192 854 3255 semel
878 3193 936 3255 rite
959 3191 1130 3272 digestum,
1148 3190 1284 3254 civitatis
1299 3207 1357 3255 seu

277 3285 476 3351 »districtus
511 3287 827 3354 administratoribus
862 3289 961 3370 (quod
999 3289 1120 3356 dudum
1161 3288 1359 3353 llniversitas

276 3406 289 3442 i
309 3385 453 3466 resolvit)
475 3385 689 3451 exhibendum
709 3387 795 3469 ill).
814 3389 968 3452 Neutrum
986 3387 1168 3454 llemoriale
1183 3387 1358 3454 exhibitum

275 3481 332 3546 luit
348 3485 572 3549 commissario
589 3486 756 3552 directorii
773 3487 942 3552 executivi.

308 3812 349 3884 (l)
369 3814 406 3869 Le
415 3814 530 3870 docteur
541 3815 600 3870 Van
614 3817 648 3872 de
658 3817 744 3873 Velda
754 3821 846 3887 aj0uba
862 3837 868 3872 ε
886 3839 899 3864 α
914 3816 1089 3872 Possidsmus
1103 3816 1168 3900 bins
1179 3816 1247 3870 baso
1258 3831 1357 3870 memo·

275 3927 287 3949 ι
304 3902 395 3976 malla,
408 3921 525 3976 quorum
537 3915 675 3973 neutrum,
689 3925 777 3980 nequo
786 3909 859 3980 typis
869 3924 1039 3980 expressum,
1051 3908 1136 3962 immo
1146 3924 1196 3962 noc
1206 3906 1360 3963 exhibitum

276 4017 288 4040 n
305 3993 367 4048 tuit.
385 3995 560 4051 Possidemus
573 3997 687 4068 insuper
700 4007 760 4053 acta
774 4014 865 4055 catara
878 3997 969 4068 gravia
982 3998 1060 4052 illius
1069 4015 1101 4052 ac
1116 3998 1223 4053 molesti
1236 3997 1358 4068 nogotii;

277 4107 290 4130 υ
306 4084 406 4155 quibus
416 4094 508 4141 lamen
519 4089 692 4143 resumendis
702 4089 924 4160 supersedemus3
933 4107 998 4144 nam
1007 4089 1141 4159 longeest
1151 4090 1253 4145 fabula.
1265 4089 1359 4160 ltaque

279 4199 292 4221 ι
309 4191 394 4246 usque
404 4177 438 4230 ad
449 4179 491 4232 sui
503 4177 721 4250 dissipationem,
730 4198 799 4253 quaa
810 4197 865 4236 uon
874 4181 955 4252 longe
964 4182 1068 4250 aberat,
1077 4181 1194 4236 facultas
1204 4181 1359 4251 theologica

280 4289 293 4314 ι
310 4265 488 4323 Lovaniansin
501 4269 633 4326 invictum
646 4272 739 4328 extitit
751 4271 903 4328 catholicae
913 4271 1067 4342 Religionis
1081 4272 1320 4344 propugnaculum
1331 4297 1356 4333 ιι.
