<?xml version="1.0" encoding="UTF-8"?>
<!DOCTYPE html PUBLIC "-//W3C//DTD XHTML 1.0 Transitional//EN"
    "http://www.w3.org/TR/xhtml1/DTD/xhtml1-transitional.dtd">
<html xmlns="http://www.w3.org/1999/xhtml" xml:lang="en" lang="en">
 <head>
  <title>
</title>
<meta http-equiv="Content-Type" content="text/html;charset=utf-8" />
  <meta name='ocr-system' content='tesseract 3.04.00' />
  <meta name='ocr-capabilities' content='ocr_page ocr_carea ocr_par ocr_line ocrx_word'/>
</head>
<body>
  <div class='ocr_page' id='page_1' title='image "./documentsrelati00reusgoog_0097.png"; bbox 0 0 3100 4942; ppageno 0'>
   <div class='ocr_carea' id='block_1_1' title="bbox 607 480 769 546">
    <p class='ocr_par' dir='ltr' id='par_1_1' title="bbox 607 480 769 546">
     <span class='ocr_line' id='line_1_1' title="bbox 607 480 769 546; baseline -0.019 -16"><span class='ocrx_word' id='word_1_1' title='bbox 607 480 769 546; x_wconf 63' lang='lat'>...85-</span> 
     </span>
    </p>
   </div>
   <div class='ocr_carea' id='block_1_2' title="bbox 133 659 1235 747">
    <p class='ocr_par' dir='ltr' id='par_1_2' title="bbox 133 659 1235 747">
     <span class='ocr_line' id='line_1_2' title="bbox 133 659 1235 747; baseline 0.004 -20"><span class='ocrx_word' id='word_1_2' title='bbox 133 661 313 744; x_wconf 84' lang='lat' dir='ltr'><strong>epidorum</strong></span> <span class='ocrx_word' id='word_1_3' title='bbox 330 669 517 726; x_wconf 88' lang='lat' dir='ltr'><strong>nostrorum</strong></span> <span class='ocrx_word' id='word_1_4' title='bbox 534 659 754 729; x_wconf 69' lang='lat' dir='ltr'><strong>Bruxeliensis</strong></span> <span class='ocrx_word' id='word_1_5' title='bbox 774 669 806 726; x_wconf 89' lang='lat' dir='ltr'><strong>et</strong></span> <span class='ocrx_word' id='word_1_6' title='bbox 827 661 1148 743; x_wconf 70' lang='lat' dir='ltr'><strong>antwerpensium</strong></span> <span class='ocrx_word' id='word_1_7' title='bbox 1170 664 1235 747; x_wconf 80' lang='lat' dir='ltr'><strong>alja</strong></span> 
     </span>
    </p>
   </div>
   <div class='ocr_carea' id='block_1_3' title="bbox 72 758 1277 4287">
    <p class='ocr_par' dir='ltr' id='par_1_3' title="bbox 72 758 1277 4287">
     <span class='ocr_line' id='line_1_3' title="bbox 138 758 1231 842; baseline -0.001 -17"><span class='ocrx_word' id='word_1_8' title='bbox 138 774 306 840; x_wconf 66' lang='lat' dir='ltr'><strong>annuam</strong></span> <span class='ocrx_word' id='word_1_9' title='bbox 317 758 434 826; x_wconf 90' lang='lat' dir='ltr'><strong>rationi</strong></span> <span class='ocrx_word' id='word_1_10' title='bbox 445 759 601 826; x_wconf 84' lang='lat' dir='ltr'><strong>oonsnnir</strong></span> <span class='ocrx_word' id='word_1_11' title='bbox 613 759 765 840; x_wconf 89' lang='lat' dir='ltr'><strong>preoibus</strong></span> <span class='ocrx_word' id='word_1_12' title='bbox 776 768 968 835; x_wconf 85' lang='lat' dir='ltr'><strong>annuentes,</strong></span> <span class='ocrx_word' id='word_1_13' title='bbox 978 762 1146 842; x_wconf 85' lang='lat' dir='ltr'><strong>potissime</strong></span> <span class='ocrx_word' id='word_1_14' title='bbox 1155 779 1231 830; x_wconf 82' lang='lat' dir='ltr'><strong>eom</strong></span> 
     </span>
     <span class='ocr_line' id='line_1_4' title="bbox 135 857 1228 942; baseline 0.005 -18"><span class='ocrx_word' id='word_1_15' title='bbox 135 861 226 941; x_wconf 80' lang='lat' dir='ltr'><strong>jueta</strong></span> <span class='ocrx_word' id='word_1_16' title='bbox 250 869 283 924; x_wconf 89' lang='lat' dir='ltr'><strong>et</strong></span> <span class='ocrx_word' id='word_1_17' title='bbox 306 859 443 924; x_wconf 80' lang='lat' dir='ltr'><strong>honesta</strong></span> <span class='ocrx_word' id='word_1_18' title='bbox 464 857 646 940; x_wconf 87' lang='lat' dir='ltr'><strong>petentibus</strong></span> <span class='ocrx_word' id='word_1_19' title='bbox 670 875 733 924; x_wconf 90' lang='lat' dir='ltr'><strong>non</strong></span> <span class='ocrx_word' id='word_1_20' title='bbox 755 866 808 924; x_wconf 89' lang='lat' dir='ltr'><strong>est</strong></span> <span class='ocrx_word' id='word_1_21' title='bbox 829 870 986 932; x_wconf 76' lang='lat' dir='ltr'><strong>essemus</strong></span> <span class='ocrx_word' id='word_1_22' title='bbox 1004 861 1228 942; x_wconf 69' lang='lat' dir='ltr'><strong>denomines.</strong></span> 
     </span>
     <span class='ocr_line' id='line_1_5' title="bbox 141 956 1232 1039; baseline 0.004 -17"><span class='ocrx_word' id='word_1_23' title='bbox 141 958 353 1033; x_wconf 82' lang='lat' dir='ltr'><strong>indulsimus,</strong></span> <span class='ocrx_word' id='word_1_24' title='bbox 379 957 616 1031; x_wconf 86' lang='lat' dir='ltr'><strong>ooneessimus,</strong></span> <span class='ocrx_word' id='word_1_25' title='bbox 640 956 837 1026; x_wconf 87' lang='lat' dir='ltr'><strong>eontulimus</strong></span> <span class='ocrx_word' id='word_1_26' title='bbox 861 969 894 1024; x_wconf 90' lang='lat' dir='ltr'><strong>et</strong></span> <span class='ocrx_word' id='word_1_27' title='bbox 919 958 1071 1039; x_wconf 88' lang='lat' dir='ltr'><strong>impertili</strong></span> <span class='ocrx_word' id='word_1_28' title='bbox 1099 975 1232 1032; x_wconf 51' lang='lat' dir='ltr'><strong>sumunt</strong></span> 
     </span>
     <span class='ocr_line' id='line_1_6' title="bbox 140 1053 1234 1140; baseline 0.004 -18"><span class='ocrx_word' id='word_1_29' title='bbox 140 1057 363 1139; x_wconf 74' lang='lat' dir='ltr'><strong>indulgemus,</strong></span> <span class='ocrx_word' id='word_1_30' title='bbox 377 1055 595 1129; x_wconf 71' lang='lat' dir='ltr'>concedimus,</span> <span class='ocrx_word' id='word_1_31' title='bbox 611 1053 810 1122; x_wconf 85' lang='lat' dir='ltr'><strong>enulerimus</strong></span> <span class='ocrx_word' id='word_1_32' title='bbox 825 1065 857 1122; x_wconf 89' lang='lat' dir='ltr'><strong>et</strong></span> <span class='ocrx_word' id='word_1_33' title='bbox 872 1056 1076 1137; x_wconf 68' lang='lat' dir='ltr'><strong>impertimur</strong></span> <span class='ocrx_word' id='word_1_34' title='bbox 1091 1074 1149 1137; x_wconf 90' lang='lat' dir='ltr'><strong>por</strong></span> <span class='ocrx_word' id='word_1_35' title='bbox 1163 1074 1234 1140; x_wconf 90' lang='lat' dir='ltr'><strong>pre-</strong></span> 
     </span>
     <span class='ocr_line' id='line_1_7' title="bbox 140 1151 1277 1237; baseline -0.001 -15"><span class='ocrx_word' id='word_1_36' title='bbox 140 1165 268 1231; x_wconf 87' lang='lat' dir='ltr'><strong>sentes,</strong></span> <span class='ocrx_word' id='word_1_37' title='bbox 290 1154 423 1234; x_wconf 87' lang='lat' dir='ltr'><strong>prelatis</strong></span> <span class='ocrx_word' id='word_1_38' title='bbox 445 1153 646 1220; x_wconf 85' lang='lat' dir='ltr'><strong>vnlnersnnl</strong></span> <span class='ocrx_word' id='word_1_39' title='bbox 668 1162 702 1222; x_wconf 90' lang='lat' dir='ltr'><strong>et</strong></span> <span class='ocrx_word' id='word_1_40' title='bbox 722 1151 822 1236; x_wconf 89' lang='lat' dir='ltr'><strong>opido</strong></span> <span class='ocrx_word' id='word_1_41' title='bbox 843 1156 978 1230; x_wconf 87' lang='lat' dir='ltr'><strong>nostris,</strong></span> <span class='ocrx_word' id='word_1_42' title='bbox 999 1172 1060 1237; x_wconf 89' lang='lat' dir='ltr'><strong>pro</strong></span> <span class='ocrx_word' id='word_1_43' title='bbox 1081 1155 1177 1222; x_wconf 91' lang='lat' dir='ltr'><strong>uobis</strong></span> <span class='ocrx_word' id='word_1_44' title='bbox 1202 1166 1234 1222; x_wconf 89' lang='lat' dir='ltr'><strong>et</strong></span> <span class='ocrx_word' id='word_1_45' title='bbox 1272 1217 1277 1228; x_wconf 93' lang='grc'>,</span> 
     </span>
     <span class='ocr_line' id='line_1_8' title="bbox 137 1253 1235 1336; baseline 0.001 -16"><span class='ocrx_word' id='word_1_46' title='bbox 137 1253 393 1320; x_wconf 82' lang='lat' dir='ltr'><strong>soooeseoribus</strong></span> <span class='ocrx_word' id='word_1_47' title='bbox 417 1253 552 1328; x_wconf 83' lang='lat' dir='ltr'><strong>nostris,</strong></span> <span class='ocrx_word' id='word_1_48' title='bbox 574 1271 613 1320; x_wconf 86' lang='grc' dir='ltr'><strong>ει</strong></span> <span class='ocrx_word' id='word_1_49' title='bbox 635 1254 738 1336; x_wconf 77' lang='lat' dir='ltr'><strong>gratie</strong></span> <span class='ocrx_word' id='word_1_50' title='bbox 761 1255 894 1336; x_wconf 87' lang='lat' dir='ltr'><strong>speeiaii</strong></span> <span class='ocrx_word' id='word_1_51' title='bbox 921 1254 1084 1335; x_wconf 87' lang='lat' dir='ltr'><strong>perpetuis</strong></span> <span class='ocrx_word' id='word_1_52' title='bbox 1099 1265 1235 1336; x_wconf 84' lang='lat' dir='ltr'><strong>tempo·</strong></span> 
     </span>
     <span class='ocr_line' id='line_1_9' title="bbox 141 1351 1234 1432; baseline 0.002 -16"><span class='ocrx_word' id='word_1_53' title='bbox 141 1354 279 1418; x_wconf 82' lang='lat' dir='ltr'><strong>ribuset</strong></span> <span class='ocrx_word' id='word_1_54' title='bbox 291 1352 521 1418; x_wconf 87' lang='lat' dir='ltr'><strong>inuiolabiliter</strong></span> <span class='ocrx_word' id='word_1_55' title='bbox 532 1351 733 1427; x_wconf 86' lang='lat' dir='ltr'><strong>dumlura‚rt</strong></span> <span class='ocrx_word' id='word_1_56' title='bbox 744 1353 785 1420; x_wconf 89' lang='lat' dir='ltr'><strong>de</strong></span> <span class='ocrx_word' id='word_1_57' title='bbox 795 1370 849 1418; x_wconf 83' lang='grc' dir='ltr'><strong>εει</strong></span> <span class='ocrx_word' id='word_1_58' title='bbox 864 1351 1038 1432; x_wconf 76' lang='lat' dir='ltr'>prebendis</span> <span class='ocrx_word' id='word_1_59' title='bbox 1050 1352 1082 1418; x_wconf 91' lang='lat' dir='ltr'><strong>in</strong></span> <span class='ocrx_word' id='word_1_60' title='bbox 1095 1353 1234 1422; x_wconf 84' lang='lat' dir='ltr'><strong>eeoleaia</strong></span> 
     </span>
     <span class='ocr_line' id='line_1_10' title="bbox 142 1451 1234 1530; baseline 0 -14"><span class='ocrx_word' id='word_1_61' title='bbox 142 1463 257 1518; x_wconf 87' lang='lat' dir='ltr'><strong>nostre</strong></span> <span class='ocrx_word' id='word_1_62' title='bbox 280 1451 384 1518; x_wconf 86' lang='lat' dir='ltr'><strong>annoti</strong></span> <span class='ocrx_word' id='word_1_63' title='bbox 400 1451 485 1516; x_wconf 76' lang='lat' dir='ltr'><strong>Petri</strong></span> <span class='ocrx_word' id='word_1_64' title='bbox 511 1451 734 1525; x_wconf 82' lang='lat' dir='ltr'><strong>bononiensis.</strong></span> <span class='ocrx_word' id='word_1_65' title='bbox 758 1452 844 1518; x_wconf 86' lang='lat' dir='ltr'><strong>diote</strong></span> <span class='ocrx_word' id='word_1_66' title='bbox 866 1451 1054 1519; x_wconf 83' lang='lat' dir='ltr'><strong>beodiensis</strong></span> <span class='ocrx_word' id='word_1_67' title='bbox 1077 1451 1234 1530; x_wconf 79' lang='lat' dir='ltr'><strong>diocesis,</strong></span> 
     </span>
     <span class='ocr_line' id='line_1_11' title="bbox 141 1551 1234 1632; baseline -0.002 -15"><span class='ocrx_word' id='word_1_68' title='bbox 141 1553 239 1618; x_wconf 85' lang='lat' dir='ltr'><strong>saluo</strong></span> <span class='ocrx_word' id='word_1_69' title='bbox 254 1553 282 1617; x_wconf 91' lang='lat' dir='ltr'><strong>si</strong></span> <span class='ocrx_word' id='word_1_70' title='bbox 299 1568 355 1632; x_wconf 87' lang='lat' dir='ltr'><strong>per</strong></span> <span class='ocrx_word' id='word_1_71' title='bbox 372 1567 432 1616; x_wconf 90' lang='lat' dir='ltr'><strong>nos</strong></span> <span class='ocrx_word' id='word_1_72' title='bbox 445 1559 502 1615; x_wconf 48' lang='lat' dir='ltr'><strong>¹ant</strong></span> <span class='ocrx_word' id='word_1_73' title='bbox 517 1551 654 1632; x_wconf 78' lang='lat' dir='ltr'><strong>aliquem</strong></span> <span class='ocrx_word' id='word_1_74' title='bbox 678 1567 905 1620; x_wconf 77' lang='lat' dir='ltr'><strong>suceessorum</strong></span> <span class='ocrx_word' id='word_1_75' title='bbox 929 1559 1126 1627; x_wconf 84' lang='lat' dir='ltr'><strong>nostrorum,</strong></span> <span class='ocrx_word' id='word_1_76' title='bbox 1144 1551 1234 1618; x_wconf 85' lang='lat' dir='ltr'><strong>dioto</strong></span> 
     </span>
     <span class='ocr_line' id='line_1_12' title="bbox 143 1648 1232 1731; baseline 0 -17"><span class='ocrx_word' id='word_1_77' title='bbox 143 1653 301 1731; x_wconf 79' lang='lat' dir='ltr'><strong>iaagistro</strong></span> <span class='ocrx_word' id='word_1_78' title='bbox 320 1649 455 1716; x_wconf 86' lang='lat' dir='ltr'><strong>labeoni</strong></span> <span class='ocrx_word' id='word_1_79' title='bbox 480 1649 572 1722; x_wconf 84' lang='lat' dir='ltr'><strong>sont.</strong></span> <span class='ocrx_word' id='word_1_80' title='bbox 597 1649 790 1718; x_wconf 87' lang='lat' dir='ltr'><strong>canoellario</strong></span> <span class='ocrx_word' id='word_1_81' title='bbox 814 1657 937 1722; x_wconf 86' lang='lat' dir='ltr'><strong>nostro.</strong></span> <span class='ocrx_word' id='word_1_82' title='bbox 955 1648 1083 1714; x_wconf 88' lang='lat' dir='ltr'><strong>interim</strong></span> <span class='ocrx_word' id='word_1_83' title='bbox 1108 1649 1150 1716; x_wconf 87' lang='lat' dir='ltr'><strong>de</strong></span> <span class='ocrx_word' id='word_1_84' title='bbox 1172 1665 1232 1714; x_wconf 88' lang='lat' dir='ltr'><strong>vna</strong></span> 
     </span>
     <span class='ocr_line' id='line_1_13' title="bbox 142 1747 1231 1830; baseline 0.002 -18"><span class='ocrx_word' id='word_1_85' title='bbox 142 1750 222 1814; x_wconf 85' lang='lat' dir='ltr'><strong>inibi</strong></span> <span class='ocrx_word' id='word_1_86' title='bbox 240 1748 405 1830; x_wconf 86' lang='lat' dir='ltr'><strong>prouideri</strong></span> <span class='ocrx_word' id='word_1_87' title='bbox 421 1748 636 1828; x_wconf 68' lang='lat' dir='ltr'><strong>contingeret,</strong></span> <span class='ocrx_word' id='word_1_88' title='bbox 652 1749 693 1814; x_wconf 91' lang='lat' dir='ltr'><strong>de</strong></span> <span class='ocrx_word' id='word_1_89' title='bbox 708 1764 773 1828; x_wconf 85' lang='lat' dir='ltr'><strong>uuo</strong></span> <span class='ocrx_word' id='word_1_90' title='bbox 789 1748 883 1813; x_wconf 88' lang='lat' dir='ltr'><strong>uobis</strong></span> <span class='ocrx_word' id='word_1_91' title='bbox 898 1756 929 1814; x_wconf 89' lang='lat' dir='ltr'><strong>et</strong></span> <span class='ocrx_word' id='word_1_92' title='bbox 944 1747 1039 1812; x_wconf 85' lang='lat' dir='ltr'><strong>dietis</strong></span> <span class='ocrx_word' id='word_1_93' title='bbox 1061 1764 1231 1814; x_wconf 85' lang='lat' dir='ltr'><strong>suceesso-</strong></span> 
     </span>
     <span class='ocr_line' id='line_1_14' title="bbox 142 1847 1233 1927; baseline -0.002 -15"><span class='ocrx_word' id='word_1_94' title='bbox 142 1849 236 1912; x_wconf 90' lang='lat' dir='ltr'><strong>ribus</strong></span> <span class='ocrx_word' id='word_1_95' title='bbox 259 1849 382 1912; x_wconf 89' lang='lat' dir='ltr'><strong>nostris</strong></span> <span class='ocrx_word' id='word_1_96' title='bbox 405 1855 596 1926; x_wconf 89' lang='lat' dir='ltr'><strong>potestatem</strong></span> <span class='ocrx_word' id='word_1_97' title='bbox 622 1847 798 1927; x_wconf 76' lang='lat' dir='ltr'><strong>plenariam</strong></span> <span class='ocrx_word' id='word_1_98' title='bbox 824 1861 1044 1916; x_wconf 84' lang='lat' dir='ltr'><strong>reseruemus.</strong></span> <span class='ocrx_word' id='word_1_99' title='bbox 1072 1862 1131 1912; x_wconf 84' lang='lat' dir='ltr'><strong>nen</strong></span> <span class='ocrx_word' id='word_1_100' title='bbox 1156 1854 1233 1912; x_wconf 86' lang='lat' dir='ltr'><strong>tuno</strong></span> 
     </span>
     <span class='ocr_line' id='line_1_15' title="bbox 142 1944 1232 2026; baseline 0.001 -17"><span class='ocrx_word' id='word_1_101' title='bbox 142 1947 302 2012; x_wconf 83' lang='lat' dir='ltr'><strong>vellemus</strong></span> <span class='ocrx_word' id='word_1_102' title='bbox 325 1961 432 2026; x_wconf 82' lang='lat' dir='ltr'><strong>neque</strong></span> <span class='ocrx_word' id='word_1_103' title='bbox 446 1945 608 2016; x_wconf 84' lang='lat' dir='ltr'><strong>volumus.</strong></span> <span class='ocrx_word' id='word_1_104' title='bbox 625 1945 711 2025; x_wconf 82' lang='lat' dir='ltr'><strong>quod</strong></span> <span class='ocrx_word' id='word_1_105' title='bbox 734 1944 889 2010; x_wconf 73' lang='lat' dir='ltr'><strong>omissio</strong></span> <span class='ocrx_word' id='word_1_106' title='bbox 912 1961 970 2024; x_wconf 91' lang='lat' dir='ltr'><strong>per</strong></span> <span class='ocrx_word' id='word_1_107' title='bbox 993 1945 1135 2010; x_wconf 80' lang='lat' dir='ltr'><strong>nonsibi</strong></span> <span class='ocrx_word' id='word_1_108' title='bbox 1161 1963 1232 2026; x_wconf 92' lang='lat' dir='ltr'><strong>pre·</strong></span> 
     </span>
     <span class='ocr_line' id='line_1_16' title="bbox 144 2043 1232 2124; baseline -0.004 -14"><span class='ocrx_word' id='word_1_109' title='bbox 144 2046 250 2110; x_wconf 87' lang='lat' dir='ltr'><strong>benda</strong></span> <span class='ocrx_word' id='word_1_110' title='bbox 262 2045 494 2110; x_wconf 86' lang='lat' dir='ltr'><strong>collataveniat</strong></span> <span class='ocrx_word' id='word_1_111' title='bbox 508 2044 538 2107; x_wconf 93' lang='lat' dir='ltr'><strong>in</strong></span> <span class='ocrx_word' id='word_1_112' title='bbox 552 2059 686 2108; x_wconf 87' lang='lat' dir='ltr'><strong>numero</strong></span> <span class='ocrx_word' id='word_1_113' title='bbox 698 2061 755 2109; x_wconf 87' lang='lat' dir='ltr'><strong>sex</strong></span> <span class='ocrx_word' id='word_1_114' title='bbox 769 2043 982 2124; x_wconf 79' lang='lat' dir='ltr'><strong>predictarum</strong></span> <span class='ocrx_word' id='word_1_115' title='bbox 997 2043 1232 2124; x_wconf 75' lang='lat' dir='ltr'><strong>prebendarum</strong></span> 
     </span>
     <span class='ocr_line' id='line_1_17' title="bbox 142 2141 1232 2224; baseline -0.005 -15"><span class='ocrx_word' id='word_1_116' title='bbox 142 2143 374 2224; x_wconf 82' lang='lat' dir='ltr'><strong>computenda,</strong></span> <span class='ocrx_word' id='word_1_117' title='bbox 392 2157 517 2208; x_wconf 86' lang='lat' dir='ltr'><strong>neenon</strong></span> <span class='ocrx_word' id='word_1_118' title='bbox 531 2155 593 2206; x_wconf 86' lang='lat' dir='ltr'><strong>vna</strong></span> <span class='ocrx_word' id='word_1_119' title='bbox 614 2141 655 2206; x_wconf 91' lang='lat' dir='ltr'><strong>de</strong></span> <span class='ocrx_word' id='word_1_120' title='bbox 677 2142 779 2208; x_wconf 91' lang='lat' dir='ltr'><strong>tribus</strong></span> <span class='ocrx_word' id='word_1_121' title='bbox 802 2141 874 2224; x_wconf 86' lang='lat' dir='ltr'><strong>alijs</strong></span> <span class='ocrx_word' id='word_1_122' title='bbox 897 2141 1080 2222; x_wconf 84' lang='lat' dir='ltr'><strong>prebendis.</strong></span> <span class='ocrx_word' id='word_1_123' title='bbox 1098 2158 1179 2222; x_wconf 82' lang='lat' dir='ltr'><strong>uuas</strong></span> <span class='ocrx_word' id='word_1_124' title='bbox 1200 2141 1232 2204; x_wconf 91' lang='lat' dir='ltr'><strong>in</strong></span> 
     </span>
     <span class='ocr_line' id='line_1_18' title="bbox 143 2238 1230 2307; baseline -0.001 0"><span class='ocrx_word' id='word_1_125' title='bbox 143 2241 284 2307; x_wconf 82' lang='lat' dir='ltr'><strong>eeclesia</strong></span> <span class='ocrx_word' id='word_1_126' title='bbox 309 2251 418 2306; x_wconf 90' lang='lat' dir='ltr'><strong>nostra</strong></span> <span class='ocrx_word' id='word_1_127' title='bbox 440 2249 551 2306; x_wconf 87' lang='lat' dir='ltr'><strong>sanole</strong></span> <span class='ocrx_word' id='word_1_128' title='bbox 567 2238 681 2304; x_wconf 86' lang='lat' dir='ltr'><strong>Gudile</strong></span> <span class='ocrx_word' id='word_1_129' title='bbox 697 2240 917 2306; x_wconf 71' lang='lat' dir='ltr'><strong>Bruxeliensis</strong></span> <span class='ocrx_word' id='word_1_130' title='bbox 932 2240 1053 2306; x_wconf 89' lang='lat' dir='ltr'><strong>dnmini</strong></span> <span class='ocrx_word' id='word_1_131' title='bbox 1067 2240 1230 2306; x_wconf 84' lang='lat' dir='ltr'><strong>lohannes</strong></span> 
     </span>
     <span class='ocr_line' id='line_1_19' title="bbox 72 2337 1231 2421; baseline 0.001 -18"><span class='ocrx_word' id='word_1_132' title='bbox 72 2337 83 2350; x_wconf 82' lang='lat'><em>‘</em></span> <span class='ocrx_word' id='word_1_133' title='bbox 141 2343 185 2406; x_wconf 88' lang='lat' dir='ltr'><strong>de</strong></span> <span class='ocrx_word' id='word_1_134' title='bbox 209 2339 394 2421; x_wconf 79' lang='lat' dir='ltr'><strong>quuengy‚</strong></span> <span class='ocrx_word' id='word_1_135' title='bbox 417 2339 580 2404; x_wconf 83' lang='lat' dir='ltr'><strong>iohannes</strong></span> <span class='ocrx_word' id='word_1_136' title='bbox 604 2339 644 2404; x_wconf 92' lang='lat' dir='ltr'><strong>de</strong></span> <span class='ocrx_word' id='word_1_137' title='bbox 665 2338 781 2404; x_wconf 84' lang='lat' dir='ltr'><strong>Grauia</strong></span> <span class='ocrx_word' id='word_1_138' title='bbox 803 2349 833 2404; x_wconf 85' lang='lat' dir='ltr'><strong>el</strong></span> <span class='ocrx_word' id='word_1_139' title='bbox 857 2338 972 2404; x_wconf 87' lang='lat' dir='ltr'><strong>Petrus</strong></span> <span class='ocrx_word' id='word_1_140' title='bbox 1000 2337 1134 2404; x_wconf 87' lang='lat' dir='ltr'><strong>Pistoris</strong></span> <span class='ocrx_word' id='word_1_141' title='bbox 1159 2345 1231 2404; x_wconf 84' lang='lat' dir='ltr'><strong>aetu</strong></span> 
     </span>
     <span class='ocr_line' id='line_1_20' title="bbox 141 2439 1231 2520; baseline -0.001 -15"><span class='ocrx_word' id='word_1_142' title='bbox 141 2441 312 2520; x_wconf 89' lang='lat' dir='ltr'><strong>possidere</strong></span> <span class='ocrx_word' id='word_1_143' title='bbox 333 2449 519 2512; x_wconf 77' lang='lat' dir='ltr'><strong>uersentur,</strong></span> <span class='ocrx_word' id='word_1_144' title='bbox 536 2455 574 2503; x_wconf 87' lang='lat' dir='ltr'><strong>ao</strong></span> <span class='ocrx_word' id='word_1_145' title='bbox 595 2439 655 2504; x_wconf 89' lang='lat' dir='ltr'><strong>alia</strong></span> <span class='ocrx_word' id='word_1_146' title='bbox 677 2440 719 2505; x_wconf 91' lang='lat' dir='ltr'><strong>de</strong></span> <span class='ocrx_word' id='word_1_147' title='bbox 734 2439 838 2504; x_wconf 89' lang='lat' dir='ltr'><strong>tribus</strong></span> <span class='ocrx_word' id='word_1_148' title='bbox 852 2439 1093 2506; x_wconf 83' lang='lat' dir='ltr'><strong>onnonioatlbus</strong></span> <span class='ocrx_word' id='word_1_149' title='bbox 1109 2447 1141 2504; x_wconf 90' lang='lat' dir='ltr'><strong>et</strong></span> <span class='ocrx_word' id='word_1_150' title='bbox 1158 2456 1231 2520; x_wconf 91' lang='lat' dir='ltr'><strong>pre·</strong></span> 
     </span>
     <span class='ocr_line' id='line_1_21' title="bbox 141 2536 1229 2618; baseline -0.002 -14"><span class='ocrx_word' id='word_1_151' title='bbox 141 2539 271 2607; x_wconf 83' lang='lat' dir='ltr'><strong>bondis.</strong></span> <span class='ocrx_word' id='word_1_152' title='bbox 296 2555 376 2618; x_wconf 83' lang='lat' dir='ltr'><strong>uuas</strong></span> <span class='ocrx_word' id='word_1_153' title='bbox 401 2539 433 2602; x_wconf 92' lang='lat' dir='ltr'><strong>in</strong></span> <span class='ocrx_word' id='word_1_154' title='bbox 459 2539 596 2604; x_wconf 86' lang='lat' dir='ltr'><strong>eoelesia</strong></span> <span class='ocrx_word' id='word_1_155' title='bbox 619 2547 729 2604; x_wconf 86' lang='lat' dir='ltr'><strong>nostra</strong></span> <span class='ocrx_word' id='word_1_156' title='bbox 753 2539 854 2602; x_wconf 88' lang='lat' dir='ltr'><strong>saneti</strong></span> <span class='ocrx_word' id='word_1_157' title='bbox 881 2537 1043 2602; x_wconf 87' lang='lat' dir='ltr'><strong>Gummsri</strong></span> <span class='ocrx_word' id='word_1_158' title='bbox 1067 2536 1229 2604; x_wconf 73' lang='lat' dir='ltr'><strong>blerensis</strong></span> 
     </span>
     <span class='ocr_line' id='line_1_22' title="bbox 141 2635 1233 2712; baseline -0.002 -9"><span class='ocrx_word' id='word_1_159' title='bbox 141 2637 266 2703; x_wconf 87' lang='lat' dir='ltr'><strong>demini</strong></span> <span class='ocrx_word' id='word_1_160' title='bbox 285 2637 463 2702; x_wconf 81' lang='lat' dir='ltr'><strong>willelmus</strong></span> <span class='ocrx_word' id='word_1_161' title='bbox 480 2637 574 2712; x_wconf 77' lang='lat' dir='ltr'><strong>soni,</strong></span> <span class='ocrx_word' id='word_1_162' title='bbox 592 2636 751 2702; x_wconf 82' lang='lat' dir='ltr'><strong>wallerus</strong></span> <span class='ocrx_word' id='word_1_163' title='bbox 767 2637 807 2702; x_wconf 90' lang='lat' dir='ltr'><strong>de</strong></span> <span class='ocrx_word' id='word_1_164' title='bbox 824 2636 923 2702; x_wconf 88' lang='lat' dir='ltr'><strong>ilanst</strong></span> <span class='ocrx_word' id='word_1_165' title='bbox 943 2646 975 2702; x_wconf 90' lang='lat' dir='ltr'><strong>et</strong></span> <span class='ocrx_word' id='word_1_166' title='bbox 996 2635 1145 2702; x_wconf 86' lang='lat' dir='ltr'><strong>Clemens</strong></span> <span class='ocrx_word' id='word_1_167' title='bbox 1168 2635 1233 2702; x_wconf 88' lang='lat' dir='ltr'><strong>lle-</strong></span> 
     </span>
     <span class='ocr_line' id='line_1_23' title="bbox 143 2735 1233 2817; baseline 0 -19"><span class='ocrx_word' id='word_1_168' title='bbox 143 2737 266 2802; x_wconf 90' lang='lat' dir='ltr'><strong>rendeo</strong></span> <span class='ocrx_word' id='word_1_169' title='bbox 293 2735 471 2817; x_wconf 84' lang='lat' dir='ltr'><strong>possident,</strong></span> <span class='ocrx_word' id='word_1_170' title='bbox 489 2747 521 2801; x_wconf 92' lang='lat' dir='ltr'><strong>et</strong></span> <span class='ocrx_word' id='word_1_171' title='bbox 536 2735 653 2801; x_wconf 83' lang='lat' dir='ltr'><strong>ueteris</strong></span> <span class='ocrx_word' id='word_1_172' title='bbox 670 2735 773 2801; x_wconf 91' lang='lat' dir='ltr'><strong>tribus</strong></span> <span class='ocrx_word' id='word_1_173' title='bbox 788 2735 1033 2800; x_wconf 87' lang='lat' dir='ltr'><strong>oanooioalibns</strong></span> <span class='ocrx_word' id='word_1_174' title='bbox 1048 2743 1080 2800; x_wconf 89' lang='lat' dir='ltr'><strong>et</strong></span> <span class='ocrx_word' id='word_1_175' title='bbox 1097 2735 1233 2814; x_wconf 90' lang='lat' dir='ltr'><strong>preben-</strong></span> 
     </span>
     <span class='ocr_line' id='line_1_24' title="bbox 141 2834 1233 2916; baseline -0.001 -20"><span class='ocrx_word' id='word_1_176' title='bbox 141 2837 207 2910; x_wconf 79' lang='lat' dir='ltr'><strong>dis,</strong></span> <span class='ocrx_word' id='word_1_177' title='bbox 223 2851 287 2898; x_wconf 89' lang='lat' dir='ltr'><strong>vna</strong></span> <span class='ocrx_word' id='word_1_178' title='bbox 302 2835 451 2900; x_wconf 82' lang='lat' dir='ltr'><strong>videlieet</strong></span> <span class='ocrx_word' id='word_1_179' title='bbox 473 2835 504 2898; x_wconf 90' lang='lat' dir='ltr'><strong>in</strong></span> <span class='ocrx_word' id='word_1_180' title='bbox 526 2834 668 2916; x_wconf 83' lang='lat' dir='ltr'><strong>quolibet</strong></span> <span class='ocrx_word' id='word_1_181' title='bbox 690 2835 901 2900; x_wconf 84' lang='lat' dir='ltr'><strong>ecelesiarum</strong></span> <span class='ocrx_word' id='word_1_182' title='bbox 925 2843 1106 2898; x_wconf 90' lang='lat' dir='ltr'><strong>nostrarum</strong></span> <span class='ocrx_word' id='word_1_183' title='bbox 1130 2834 1233 2898; x_wconf 85' lang='lat' dir='ltr'><strong>saneti</strong></span> 
     </span>
     <span class='ocr_line' id='line_1_25' title="bbox 145 2931 1232 3007; baseline -0.002 -11"><span class='ocrx_word' id='word_1_184' title='bbox 145 2935 230 2999; x_wconf 76' lang='lat' dir='ltr'><strong>Petri</strong></span> <span class='ocrx_word' id='word_1_185' title='bbox 253 2933 420 3004; x_wconf 78' lang='lat' dir='ltr'><strong>belnensis.</strong></span> <span class='ocrx_word' id='word_1_186' title='bbox 438 2943 549 2998; x_wconf 82' lang='lat' dir='ltr'><strong>saneto</strong></span> <span class='ocrx_word' id='word_1_187' title='bbox 567 2933 636 2997; x_wconf 90' lang='lat' dir='ltr'><strong>Ode</strong></span> <span class='ocrx_word' id='word_1_188' title='bbox 658 2931 830 3007; x_wconf 81' lang='lat' dir='ltr'><strong>lindensis,</strong></span> <span class='ocrx_word' id='word_1_189' title='bbox 846 2949 884 2998; x_wconf 88' lang='lat' dir='ltr'><strong>ae</strong></span> <span class='ocrx_word' id='word_1_190' title='bbox 905 2932 1008 2996; x_wconf 87' lang='lat' dir='ltr'><strong>saneti</strong></span> <span class='ocrx_word' id='word_1_191' title='bbox 1028 2931 1185 2996; x_wconf 84' lang='lat' dir='ltr'><strong>lobannis</strong></span> <span class='ocrx_word' id='word_1_192' title='bbox 1200 2931 1232 2994; x_wconf 90' lang='lat' dir='ltr'><strong>in</strong></span> 
     </span>
     <span class='ocr_line' id='line_1_26' title="bbox 141 3029 1231 3114; baseline -0.002 -18"><span class='ocrx_word' id='word_1_193' title='bbox 141 3033 242 3114; x_wconf 91' lang='lat' dir='ltr'><strong>opido</strong></span> <span class='ocrx_word' id='word_1_194' title='bbox 266 3041 380 3096; x_wconf 88' lang='lat' dir='ltr'><strong>nostro</strong></span> <span class='ocrx_word' id='word_1_195' title='bbox 401 3032 441 3095; x_wconf 91' lang='lat' dir='ltr'><strong>de</strong></span> <span class='ocrx_word' id='word_1_196' title='bbox 464 3031 676 3103; x_wconf 82' lang='lat' dir='ltr'><strong>Buseodueis.</strong></span> <span class='ocrx_word' id='word_1_197' title='bbox 696 3031 882 3096; x_wconf 75' lang='lat' dir='ltr'><strong>leodiensis</strong></span> <span class='ocrx_word' id='word_1_198' title='bbox 903 3030 1057 3105; x_wconf 85' lang='lat' dir='ltr'><strong>diooesis,</strong></span> <span class='ocrx_word' id='word_1_199' title='bbox 1080 3029 1113 3094; x_wconf 91' lang='lat' dir='ltr'><strong>in</strong></span> <span class='ocrx_word' id='word_1_200' title='bbox 1137 3041 1231 3094; x_wconf 89' lang='lat' dir='ltr'><strong>turno</strong></span> 
     </span>
     <span class='ocr_line' id='line_1_27' title="bbox 144 3127 1229 3210; baseline -0.003 -16"><span class='ocrx_word' id='word_1_201' title='bbox 144 3141 259 3197; x_wconf 89' lang='lat' dir='ltr'><strong>nostro</strong></span> <span class='ocrx_word' id='word_1_202' title='bbox 281 3141 313 3194; x_wconf 92' lang='lat' dir='ltr'><strong>et</strong></span> <span class='ocrx_word' id='word_1_203' title='bbox 335 3131 414 3194; x_wconf 87' lang='lat' dir='ltr'><strong>allas</strong></span> <span class='ocrx_word' id='word_1_204' title='bbox 436 3147 529 3210; x_wconf 84' lang='lat' dir='ltr'><strong>quam</strong></span> <span class='ocrx_word' id='word_1_205' title='bbox 552 3129 600 3193; x_wconf 89' lang='lat' dir='ltr'><strong>ria</strong></span> <span class='ocrx_word' id='word_1_206' title='bbox 625 3129 868 3210; x_wconf 73' lang='lat' dir='ltr'><strong>permutationis</strong></span> <span class='ocrx_word' id='word_1_207' title='bbox 890 3129 1035 3208; x_wconf 88' lang='lat' dir='ltr'><strong>proximo</strong></span> <span class='ocrx_word' id='word_1_208' title='bbox 1057 3127 1229 3202; x_wconf 80' lang='lat' dir='ltr'><strong>vacaturis,</strong></span> 
     </span>
     <span class='ocr_line' id='line_1_28' title="bbox 144 3226 1232 3309; baseline -0.004 -15"><span class='ocrx_word' id='word_1_209' title='bbox 144 3247 272 3296; x_wconf 89' lang='lat' dir='ltr'><strong>neenon</strong></span> <span class='ocrx_word' id='word_1_210' title='bbox 296 3231 337 3294; x_wconf 91' lang='lat' dir='ltr'><strong>de</strong></span> <span class='ocrx_word' id='word_1_211' title='bbox 358 3229 548 3294; x_wconf 74' lang='lat' dir='ltr'><strong>canonicatu</strong></span> <span class='ocrx_word' id='word_1_212' title='bbox 572 3239 604 3294; x_wconf 90' lang='lat' dir='ltr'><strong>et</strong></span> <span class='ocrx_word' id='word_1_213' title='bbox 627 3228 789 3309; x_wconf 89' lang='lat' dir='ltr'><strong>prebenda</strong></span> <span class='ocrx_word' id='word_1_214' title='bbox 812 3244 894 3308; x_wconf 84' lang='lat' dir='ltr'><strong>quoe</strong></span> <span class='ocrx_word' id='word_1_215' title='bbox 917 3235 1079 3308; x_wconf 84' lang='lat' dir='ltr'><strong>prateolus</strong></span> <span class='ocrx_word' id='word_1_216' title='bbox 1103 3226 1232 3290; x_wconf 80' lang='lat' dir='ltr'><strong>pancel-</strong></span> 
     </span>
     <span class='ocr_line' id='line_1_29' title="bbox 143 3323 1230 3394; baseline -0.004 -2"><span class='ocrx_word' id='word_1_217' title='bbox 143 3329 245 3394; x_wconf 88' lang='lat' dir='ltr'><strong>larius</strong></span> <span class='ocrx_word' id='word_1_218' title='bbox 259 3337 372 3392; x_wconf 88' lang='lat' dir='ltr'><strong>noster</strong></span> <span class='ocrx_word' id='word_1_219' title='bbox 389 3328 419 3390; x_wconf 87' lang='lat' dir='ltr'><strong>in</strong></span> <span class='ocrx_word' id='word_1_220' title='bbox 437 3327 575 3391; x_wconf 75' lang='lat' dir='ltr'><strong>eeclesia</strong></span> <span class='ocrx_word' id='word_1_221' title='bbox 592 3335 701 3392; x_wconf 89' lang='lat' dir='ltr'><strong>nostra</strong></span> <span class='ocrx_word' id='word_1_222' title='bbox 718 3326 821 3390; x_wconf 84' lang='lat' dir='ltr'><strong>saneti</strong></span> <span class='ocrx_word' id='word_1_223' title='bbox 844 3325 929 3392; x_wconf 85' lang='lat' dir='ltr'><strong>Petri</strong></span> <span class='ocrx_word' id='word_1_224' title='bbox 945 3323 1230 3390; x_wconf 80' lang='lat' dir='ltr'><strong>anderleoineneis</strong></span> 
     </span>
     <span class='ocr_line' id='line_1_30' title="bbox 141 3422 1229 3506; baseline -0.006 -16"><span class='ocrx_word' id='word_1_225' title='bbox 141 3436 214 3492; x_wconf 82' lang='lat' dir='ltr'><strong>artu</strong></span> <span class='ocrx_word' id='word_1_226' title='bbox 232 3425 369 3499; x_wconf 85' lang='lat' dir='ltr'><strong>obtinet,</strong></span> <span class='ocrx_word' id='word_1_227' title='bbox 383 3441 475 3506; x_wconf 83' lang='lat' dir='ltr'><strong>quam</strong></span> <span class='ocrx_word' id='word_1_228' title='bbox 492 3425 557 3490; x_wconf 85' lang='lat' dir='ltr'><strong>olto</strong></span> <span class='ocrx_word' id='word_1_229' title='bbox 572 3424 653 3488; x_wconf 84' lang='lat' dir='ltr'><strong>alios</strong></span> <span class='ocrx_word' id='word_1_230' title='bbox 666 3440 761 3505; x_wconf 84' lang='lat' dir='ltr'><strong>uuam</strong></span> <span class='ocrx_word' id='word_1_231' title='bbox 774 3425 825 3488; x_wconf 87' lang='lat' dir='ltr'><strong>via</strong></span> <span class='ocrx_word' id='word_1_232' title='bbox 843 3422 1098 3503; x_wconf 85' lang='lat' dir='ltr'><strong>permutationis,</strong></span> <span class='ocrx_word' id='word_1_233' title='bbox 1112 3430 1145 3486; x_wconf 85' lang='lat' dir='ltr'><strong>vt</strong></span> <span class='ocrx_word' id='word_1_234' title='bbox 1158 3438 1229 3502; x_wconf 94' lang='lat' dir='ltr'><strong>pre·</strong></span> 
     </span>
     <span class='ocr_line' id='line_1_31' title="bbox 144 3520 1231 3605; baseline -0.004 -19"><span class='ocrx_word' id='word_1_235' title='bbox 144 3529 259 3599; x_wconf 86' lang='lat' dir='ltr'><strong>t&#39;ertur,</strong></span> <span class='ocrx_word' id='word_1_236' title='bbox 276 3539 391 3588; x_wconf 83' lang='lat' dir='ltr'><strong>vacare</strong></span> <span class='ocrx_word' id='word_1_237' title='bbox 411 3523 594 3605; x_wconf 60' lang='lat' dir='ltr'><strong>contingen</strong></span> <span class='ocrx_word' id='word_1_238' title='bbox 619 3541 675 3603; x_wconf 91' lang='lat' dir='ltr'><strong>per</strong></span> <span class='ocrx_word' id='word_1_239' title='bbox 692 3539 751 3588; x_wconf 91' lang='lat' dir='ltr'><strong>nos</strong></span> <span class='ocrx_word' id='word_1_240' title='bbox 772 3531 803 3586; x_wconf 90' lang='lat' dir='ltr'><strong>et</strong></span> <span class='ocrx_word' id='word_1_241' title='bbox 825 3537 1034 3588; x_wconf 82' lang='lat' dir='ltr'><strong>successores</strong></span> <span class='ocrx_word' id='word_1_242' title='bbox 1051 3530 1182 3586; x_wconf 87' lang='lat' dir='ltr'><strong>nostros</strong></span> <span class='ocrx_word' id='word_1_243' title='bbox 1199 3520 1231 3582; x_wconf 93' lang='lat' dir='ltr'><strong>in</strong></span> 
     </span>
     <span class='ocr_line' id='line_1_32' title="bbox 144 3618 1232 3704; baseline -0.006 -18"><span class='ocrx_word' id='word_1_244' title='bbox 144 3632 335 3704; x_wconf 86' lang='lat' dir='ltr'><strong>perpetuom</strong></span> <span class='ocrx_word' id='word_1_245' title='bbox 352 3623 539 3686; x_wconf 84' lang='lat' dir='ltr'><strong>doctoribus</strong></span> <span class='ocrx_word' id='word_1_246' title='bbox 555 3630 585 3686; x_wconf 91' lang='lat' dir='ltr'><strong>et</strong></span> <span class='ocrx_word' id='word_1_247' title='bbox 602 3621 763 3702; x_wconf 83' lang='lat' dir='ltr'><strong>magistris</strong></span> <span class='ocrx_word' id='word_1_248' title='bbox 785 3620 869 3686; x_wconf 87' lang='lat' dir='ltr'><strong>diota</strong></span> <span class='ocrx_word' id='word_1_249' title='bbox 892 3619 956 3684; x_wconf 88' lang='lat' dir='ltr'><strong>illie</strong></span> <span class='ocrx_word' id='word_1_250' title='bbox 978 3627 1087 3684; x_wconf 91' lang='lat' dir='ltr'><strong>nostre</strong></span> <span class='ocrx_word' id='word_1_251' title='bbox 1103 3618 1232 3682; x_wconf 82' lang='lat' dir='ltr'><strong>vnlner-</strong></span> 
     </span>
     <span class='ocr_line' id='line_1_33' title="bbox 141 3715 1232 3801; baseline -0.004 -17"><span class='ocrx_word' id='word_1_252' title='bbox 141 3721 249 3785; x_wconf 89' lang='lat' dir='ltr'><strong>sitatis</strong></span> <span class='ocrx_word' id='word_1_253' title='bbox 272 3721 312 3783; x_wconf 86' lang='lat' dir='ltr'><strong>ad</strong></span> <span class='ocrx_word' id='word_1_254' title='bbox 337 3719 608 3801; x_wconf 81' lang='lat' dir='ltr'><strong>presentationem</strong></span> <span class='ocrx_word' id='word_1_255' title='bbox 630 3729 662 3784; x_wconf 89' lang='lat' dir='ltr'><strong>el</strong></span> <span class='ocrx_word' id='word_1_256' title='bbox 684 3718 745 3784; x_wconf 91' lang='lat' dir='ltr'><strong>sub</strong></span> <span class='ocrx_word' id='word_1_257' title='bbox 760 3718 857 3784; x_wconf 93' lang='lat' dir='ltr'><strong>modo</strong></span> <span class='ocrx_word' id='word_1_258' title='bbox 872 3727 903 3782; x_wconf 90' lang='lat' dir='ltr'><strong>et</strong></span> <span class='ocrx_word' id='word_1_259' title='bbox 919 3717 1020 3782; x_wconf 89' lang='lat' dir='ltr'><strong>lorma</strong></span> <span class='ocrx_word' id='word_1_260' title='bbox 1038 3715 1232 3796; x_wconf 85' lang='lat' dir='ltr'><strong>subscriptis</strong></span> 
     </span>
     <span class='ocr_line' id='line_1_34' title="bbox 142 3813 1228 3898; baseline -0.006 -14"><span class='ocrx_word' id='word_1_261' title='bbox 142 3829 175 3884; x_wconf 79' lang='lat' dir='ltr'><strong>et</strong></span> <span class='ocrx_word' id='word_1_262' title='bbox 197 3835 262 3883; x_wconf 93' lang='lat' dir='ltr'><strong>non</strong></span> <span class='ocrx_word' id='word_1_263' title='bbox 286 3819 366 3882; x_wconf 80' lang='lat' dir='ltr'><strong>alias</strong></span> <span class='ocrx_word' id='word_1_264' title='bbox 389 3819 516 3884; x_wconf 83' lang='lat' dir='ltr'><strong>debebit</strong></span> <span class='ocrx_word' id='word_1_265' title='bbox 541 3817 716 3898; x_wconf 89' lang='lat' dir='ltr'><strong>prouideri,</strong></span> <span class='ocrx_word' id='word_1_266' title='bbox 733 3817 813 3882; x_wconf 89' lang='lat' dir='ltr'><strong>alias</strong></span> <span class='ocrx_word' id='word_1_267' title='bbox 834 3831 963 3897; x_wconf 79' lang='lat' dir='ltr'><strong>quoque</strong></span> <span class='ocrx_word' id='word_1_268' title='bbox 978 3832 1036 3880; x_wconf 90' lang='lat' dir='ltr'><strong>seu</strong></span> <span class='ocrx_word' id='word_1_269' title='bbox 1052 3815 1116 3879; x_wconf 87' lang='lat' dir='ltr'><strong>alio</strong></span> <span class='ocrx_word' id='word_1_270' title='bbox 1133 3813 1228 3878; x_wconf 92' lang='lat' dir='ltr'><strong>modo</strong></span> 
     </span>
     <span class='ocr_line' id='line_1_35' title="bbox 144 3911 1231 3994; baseline -0.004 -14"><span class='ocrx_word' id='word_1_271' title='bbox 144 3919 308 3994; x_wconf 86' lang='lat' dir='ltr'><strong>predictos</strong></span> <span class='ocrx_word' id='word_1_272' title='bbox 324 3935 378 3982; x_wconf 83' lang='lat' dir='ltr'><strong>sex</strong></span> <span class='ocrx_word' id='word_1_273' title='bbox 395 3919 426 3980; x_wconf 92' lang='lat' dir='ltr'><strong>in</strong></span> <span class='ocrx_word' id='word_1_274' title='bbox 451 3917 555 3982; x_wconf 88' lang='lat' dir='ltr'><strong>sancti</strong></span> <span class='ocrx_word' id='word_1_275' title='bbox 578 3916 662 3982; x_wconf 85' lang='lat' dir='ltr'><strong>Petri</strong></span> <span class='ocrx_word' id='word_1_276' title='bbox 685 3914 895 3980; x_wconf 79' lang='lat' dir='ltr'><strong>bononiensis</strong></span> <span class='ocrx_word' id='word_1_277' title='bbox 916 3922 948 3978; x_wconf 90' lang='lat' dir='ltr'><strong>et</strong></span> <span class='ocrx_word' id='word_1_278' title='bbox 969 3930 1027 3978; x_wconf 84' lang='lat' dir='ltr'><strong>sex</strong></span> <span class='ocrx_word' id='word_1_279' title='bbox 1048 3913 1128 3978; x_wconf 83' lang='lat' dir='ltr'><strong>alias</strong></span> <span class='ocrx_word' id='word_1_280' title='bbox 1143 3911 1231 3976; x_wconf 88' lang='lat' dir='ltr'><strong>ride-</strong></span> 
     </span>
     <span class='ocr_line' id='line_1_36' title="bbox 143 4010 1233 4096; baseline -0.005 -18"><span class='ocrx_word' id='word_1_281' title='bbox 143 4017 218 4081; x_wconf 85' lang='lat' dir='ltr'><strong>lioet</strong></span> <span class='ocrx_word' id='word_1_282' title='bbox 233 4033 296 4079; x_wconf 85' lang='lat' dir='ltr'><strong>rna</strong></span> <span class='ocrx_word' id='word_1_283' title='bbox 315 4016 345 4078; x_wconf 91' lang='lat' dir='ltr'><strong>in</strong></span> <span class='ocrx_word' id='word_1_284' title='bbox 362 4017 502 4096; x_wconf 83' lang='lat' dir='ltr'><strong>qualibet</strong></span> <span class='ocrx_word' id='word_1_285' title='bbox 518 4026 629 4080; x_wconf 86' lang='lat' dir='ltr'><strong>sancte</strong></span> <span class='ocrx_word' id='word_1_286' title='bbox 643 4015 758 4079; x_wconf 86' lang='lat' dir='ltr'><strong>Gudile</strong></span> <span class='ocrx_word' id='word_1_287' title='bbox 774 4012 1006 4089; x_wconf 85' lang='lat' dir='ltr'><strong>Bruxeliensis,</strong></span> <span class='ocrx_word' id='word_1_288' title='bbox 1020 4011 1122 4078; x_wconf 86' lang='lat' dir='ltr'><strong>saneti</strong></span> <span class='ocrx_word' id='word_1_289' title='bbox 1135 4010 1233 4074; x_wconf 86' lang='lat' dir='ltr'><strong>Gum-</strong></span> 
     </span>
     <span class='ocr_line' id='line_1_37' title="bbox 144 4109 1232 4188; baseline -0.006 -12"><span class='ocrx_word' id='word_1_290' title='bbox 144 4117 221 4178; x_wconf 89' lang='lat' dir='ltr'><strong>mari</strong></span> <span class='ocrx_word' id='word_1_291' title='bbox 251 4115 426 4188; x_wconf 83' lang='lat' dir='ltr'><strong>blerensis,</strong></span> <span class='ocrx_word' id='word_1_292' title='bbox 454 4115 556 4180; x_wconf 84' lang='lat' dir='ltr'><strong>saneti</strong></span> <span class='ocrx_word' id='word_1_293' title='bbox 586 4115 667 4180; x_wconf 82' lang='lat' dir='ltr'><strong>Petri</strong></span> <span class='ocrx_word' id='word_1_294' title='bbox 695 4111 993 4185; x_wconf 81' lang='lat' dir='ltr'><strong>anderteonreusis,</strong></span> <span class='ocrx_word' id='word_1_295' title='bbox 1021 4109 1124 4176; x_wconf 83' lang='lat' dir='ltr'><strong>saneti</strong></span> <span class='ocrx_word' id='word_1_296' title='bbox 1148 4109 1232 4174; x_wconf 82' lang='lat' dir='ltr'><strong>Petri</strong></span> 
     </span>
     <span class='ocr_line' id='line_1_38' title="bbox 145 4207 1233 4287; baseline -0.006 -9"><span class='ocrx_word' id='word_1_297' title='bbox 145 4213 314 4287; x_wconf 66' lang='lat' dir='ltr'><strong>lissiensis,</strong></span> <span class='ocrx_word' id='word_1_298' title='bbox 332 4222 445 4277; x_wconf 82' lang='lat' dir='ltr'><strong>sancte</strong></span> <span class='ocrx_word' id='word_1_299' title='bbox 465 4212 533 4278; x_wconf 83' lang='lat' dir='ltr'><strong>Ode</strong></span> <span class='ocrx_word' id='word_1_300' title='bbox 555 4211 714 4278; x_wconf 82' lang='lat' dir='ltr'><strong>lindensis</strong></span> <span class='ocrx_word' id='word_1_301' title='bbox 733 4227 771 4276; x_wconf 82' lang='lat' dir='ltr'><strong>ao</strong></span> <span class='ocrx_word' id='word_1_302' title='bbox 786 4210 890 4278; x_wconf 86' lang='lat' dir='ltr'><strong>sanati</strong></span> <span class='ocrx_word' id='word_1_303' title='bbox 904 4209 1060 4276; x_wconf 85' lang='lat' dir='ltr'><strong>lolrounis</strong></span> <span class='ocrx_word' id='word_1_304' title='bbox 1075 4207 1233 4274; x_wconf 85' lang='lat' dir='ltr'><strong>Busoidu-</strong></span> 
     </span>
    </p>
   </div>
   <div class='ocr_carea' id='block_1_4' title="bbox 0 0 1554 4942">
    <p class='ocr_par' dir='ltr' id='par_1_4' title="bbox 0 0 1554 4942">
     <span class='ocr_line' id='line_1_39' title="bbox 0 0 1554 4942; baseline 0 0"><span class='ocrx_word' id='word_1_305' title='bbox 0 0 1554 4942; x_wconf 95' lang='lat' dir='ltr'><strong> </strong></span> 
     </span>
    </p>
   </div>
  </div>
 </body>
</html>
