3236 4944
706 499 746 512 -
767 457 825 530 lbi
851 483 892 512 -·

254 645 342 712 labit.
360 651 429 721 Quo
453 647 547 720 lacto,
567 647 672 712 licebit
696 648 822 712 llectori
845 665 881 712 ac
898 647 1123 735 Conservatori
1141 663 1339 729 cognoscere

250 746 462 826 judicareque
480 746 613 810 ulterius
630 745 670 809 de
683 763 796 810 caussa
823 747 1002 827 principali,
1021 748 1266 812 condemnando
1290 757 1343 810 aut

255 845 464 918 absolvendo,
491 853 584 925 prout
609 845 719 908 merita
742 862 877 910 caussae
899 845 1075 920 dictabant,
1098 855 1217 926 partem
1242 863 1340 911 ream.

298 945 360 1007 tl.
386 944 421 1008 lo
445 943 582 1015 caussis,
609 961 690 1024 unae
715 945 834 1008 moveri
859 961 966 1008 coram
992 945 1127 1010 hectore
1150 954 1181 1009 et
1204 945 1341 1010 Conser-

253 1053 363 1110 vatore
401 1043 574 1108 occasione
615 1043 785 1108 solutionis
827 1043 985 1109 redituum
1023 1059 1075 1108 aut
1111 1045 1242 1110 alterius
1281 1045 1338 1121 rei,

254 1144 371 1218 solent,
402 1154 434 1207 ut
463 1144 583 1206 sciatur·
613 1159 673 1223 uua
703 1143 826 1208 ratione
851 1152 881 1208 ct
908 1161 971 1223 quo
1000 1143 1101 1223 pretio
1128 1143 1196 1208 lieri
1222 1144 1340 1208 solutio

254 1243 381 1318 debeat,
407 1251 556 1321 poterunt
579 1239 674 1321 ijdom
701 1242 816 1306 hector
841 1251 871 1305 et
894 1242 1107 1315 Gorrservator
1130 1242 1170 1308 de
1193 1259 1231 1306 eo
1259 1243 1343 1308 inter

256 1350 363 1422 partes
397 1340 613 1421 iurisdictioni
653 1357 731 1404 suae
760 1339 920 1421 subjectas
951 1357 1162 1422 cognoscere,
1194 1343 1342 1406 nimirum

256 1439 466 1520 proponendo
491 1439 603 1520 iisdem
630 1439 774 1518 partibus
798 1441 835 1508 ad
860 1457 896 1504 se
922 1441 1063 1505 evocatis
1090 1449 1184 1522 atque
1210 1441 1340 1514 auditis,

252 1539 338 1620 quod
366 1538 458 1620 sequi
486 1537 681 1603 tenebuntur
708 1538 956 1603 constitutiones
983 1538 1162 1619 rrlnulpum
1185 1556 1283 1619 super
1307 1555 1342 1604 re

257 1638 431 1702 monetaria
461 1636 560 1702 lactas
594 1645 648 1701 ant
684 1636 861 1702 faciendas.
892 1637 981 1712 Quod
1019 1639 1047 1701 si
1083 1655 1158 1703 vero
1195 1639 1341 1719 quaestio

258 1737 377 1802 ineidat
399 1754 497 1818 super
520 1737 783 1818 interpretatione
805 1736 941 1818 alicujus
964 1738 1215 1812 constitutionis,
1233 1737 1343 1818 cogni-

258 1837 336 1902 tloni
351 1835 521 1918 eiusmodi,
537 1837 580 1901 uti
594 1837 631 1900 ad
647 1836 824 1918 Principem
837 1836 970 1918 eiusque
983 1837 1159 1903 Concilium
1172 1837 1341 1918 spectanti,

164 1969 167 1976 ·
261 1935 349 2000 nullo
365 1936 461 2000 modo
478 1953 514 2002 se
530 1935 768 2000 immiscebant.

303 2035 365 2098 «5.
392 2034 520 2100 hectori
551 2041 582 2098 et
612 2033 836 2099 conservaturi
873 2043 1033 2114 competet
1069 2035 1210 2118 cognitio
1248 2051 1346 2116 super

260 2133 498 2215 transportibus
521 2143 573 2198 ant
592 2133 808 2212 cessionibus,
826 2143 858 2199 et
873 2135 1117 2214 quaestionibus
1134 2135 1209 2200 inde
1224 2135 1343 2214 depen-

256 2233 419 2308 dentibus,
438 2249 519 2314 quae
537 2233 615 2298 liunt
639 2233 670 2296 io
695 2250 851 2313 personas
874 2251 1024 2299 verorum
1047 2234 1288 2316 suppositorum
1312 2242 1344 2298 et

256 2332 464 2410 scholarium,
495 2332 591 2414 idque
620 2333 652 2396 in
673 2333 763 2398 linea
791 2333 923 2408 directa,
952 2343 981 2399 et
1009 2333 1077 2416 ejus
1105 2351 1248 2399 summae
1274 2333 1342 2398 sive

257 2431 454 2513 quantitatis,
469 2447 550 2512 quae
564 2431 676 2513 ijsdem
691 2449 748 2512 pro
760 2433 1002 2498 continuatione
1014 2449 1145 2497 suorum
1159 2433 1338 2498 studiorum

259 2531 416 2596 videbitur
434 2531 627 2604 necessaria,
647 2547 710 2596 noo
727 2549 803 2596 vero
819 2531 909 2604 alias,
928 2540 980 2596 ant
998 2534 1098 2606 ultra;
1123 2539 1283 2596 reservata
1307 2530 1339 2596 in

257 2646 367 2695 casum
391 2629 663 2695 contraventionis
687 2630 872 2710 provisione
895 2631 955 2710 ipsi
981 2630 1119 2711 Principi
1144 2639 1174 2695 et
1197 2629 1341 2694 Concilio

257 2727 420 2810 ejusdem3
441 2725 484 2794 ita
501 2737 605 2793 tamen
623 2737 655 2792 ut
671 2728 762 2794 locus
778 2729 871 2794 detur
887 2729 1081 2794 restrlotlooi
1100 2745 1155 2810 per
1171 2729 1342 2794 Rectorem

258 2837 290 2890 et
312 2825 557 2892 Universitalem
582 2843 679 2907 super
702 2827 856 2892 abusibus
873 2836 904 2892 et
920 2826 1108 2892 excessibus
1124 2845 1163 2893 ex
1178 2843 1293 2892 caussa
1309 2835 1341 2892 ct

258 2925 382 2990 ratione
398 2924 581 3008 hujusmodi
599 2934 837 3006 transportuum
860 2935 890 2990 et
913 2927 1099 2991 cessionum
1123 2925 1201 2990 olias
1226 2927 1338 2990 sactae.

301 3046 313 3084 ι
334 3025 365 3088 6.
390 3023 478 3100 Quod
505 3025 543 3088 ad
566 3025 685 3105 gratias
708 3026 819 3090 attinet
842 3033 872 3090 et
896 3025 1051 3105 rescripta
1076 3025 1258 3099 moratoria,
1284 3041 1340 3104 per

261 3124 376 3188 buccvn
401 3123 506 3203 opidis
523 3124 682 3204 aliquibus
698 3133 752 3188 aut
769 3125 915 3204 personis
934 3124 1064 3204 privatis
1080 3124 1213 3188 concedi
1231 3123 1338 3198 solita,
1359 3187 1366 3200 ,

258 3222 319 3288 sub
335 3223 451 3304 quibus
467 3222 577 3303 gratiis
594 3223 772 3288 sustinebat
788 3221 985 3286 Vniversitas
1009 3240 1083 3288 sese
1106 3223 1220 3287 iutuitu
1245 3222 1340 3303 privi-

258 3321 414 3402 legiorum
432 3337 564 3388 suorum
582 3337 645 3385 noo
663 3321 903 3401 comprehendi,
920 3323 1063 3403 permisit
1077 3323 1160 3386 idem
1175 3322 1340 3401 Princeps,

260 3430 292 3486 nt
329 3421 359 3484 id
397 3421 500 3500 ipsum
538 3421 579 3484 ita
611 3419 765 3500 deinceps
795 3420 985 3485 observetur
1014 3431 1161 3502 respectu
1193 3435 1341 3484 verorum

258 3519 453 3584 scholarium
470 3529 541 3583 actu
566 3518 775 3592 studentium,
795 3536 857 3583 novt
881 3520 974 3584 etiam
1000 3521 1168 3591 lictorum;
1192 3519 1342 3600 quodque

259 3618 365 3683 cessio
391 3627 443 3682 ant
467 3628 670 3697 transportus
692 3619 806 3684 horum
827 3630 972 3698 respectu
996 3620 1101 3684 locum
1119 3635 1182 3683 nou
1199 3617 1340 3684 babebit.

304 3739 316 3776 t
336 3717 413 3782 ltem
433 3718 498 3780 bur
524 3717 688 3798 Philippus
711 3733 793 3780 anilo
810 3735 865 3780 uto.
885 3737 922 3780 m.
954 3717 1006 3798 xij.
1025 3718 1177 3782 kalendas
1190 3716 1340 3798 ianuarii,

260 3832 331 3880 cum
349 3833 411 3879 nova
429 3816 469 3879 ita
486 3815 606 3896 pridem
625 3826 809 3881 revocasset
823 3825 855 3881 et
871 3817 1096 3897 suspendisset
1111 3816 1217 3884 curias
1230 3831 1342 3881 omues

258 3913 561 3989 conservatoriales,
590 3915 758 3978 interdieta
789 3915 1075 3980 conservatoribus
1106 3917 1255 3979 omnibns
1284 3930 1342 3979 sna

138 4064 141 4074 ,
256 4013 490 4094 jurisdictione,
510 4013 739 4094 statuissemus
762 4012 919 4094 ejusmodi
943 4016 1050 4079 curias
1073 4014 1226 4094 deinceps
1243 4014 1344 4078 nulla-

169 4169 173 4178 .
260 4124 352 4178 lenus
380 4114 410 4176 in
438 4113 507 4177 suis
534 4113 684 4195 dominijs
711 4125 742 4178 et
769 4115 863 4179 terris
891 4115 1086 4191 tolerandas,
1110 4117 1147 4180 ad
1177 4131 1291 4196 preces
1313 4125 1344 4179 et

260 4211 525 4293 supplicationem
545 4199 691 4277 ltec'toris
714 4221 809 4295 atque
827 4213 1047 4280 Volversltatis
1071 4215 1216 4296 permisit
1239 4215 1339 4278 eidem

264 4311 463 4376 Vniversitati
479 4327 609 4376 cursum
624 4321 719 4394 atque
732 4328 824 4376 usum
836 4313 944 4378 curiae
956 4330 1033 4378 suae
1044 4313 1339 4392 conservatorialis,
