<?xml version="1.0" encoding="UTF-8"?>
<!DOCTYPE html PUBLIC "-//W3C//DTD XHTML 1.0 Transitional//EN"
    "http://www.w3.org/TR/xhtml1/DTD/xhtml1-transitional.dtd">
<html xmlns="http://www.w3.org/1999/xhtml" xml:lang="en" lang="en">
 <head>
  <title>
</title>
<meta http-equiv="Content-Type" content="text/html;charset=utf-8" />
  <meta name='ocr-system' content='tesseract 3.04.00' />
  <meta name='ocr-capabilities' content='ocr_page ocr_carea ocr_par ocr_line ocrx_word'/>
</head>
<body>
  <div class='ocr_page' id='page_1' title='image "./documentsrelati00reusgoog_0623.png"; bbox 0 0 3246 4944; ppageno 0'>
   <div class='ocr_carea' id='block_1_1' title="bbox 703 435 889 508">
    <p class='ocr_par' dir='ltr' id='par_1_1' title="bbox 703 435 889 508">
     <span class='ocr_line' id='line_1_1' title="bbox 703 435 889 508; baseline 0.011 -2"><span class='ocrx_word' id='word_1_1' title='bbox 703 435 889 508; x_wconf 50' lang='lat' dir='ltr'><strong>*otl-</strong></span> 
     </span>
    </p>
   </div>
   <div class='ocr_carea' id='block_1_2' title="bbox 736 657 857 722">
    <p class='ocr_par' dir='ltr' id='par_1_2' title="bbox 736 657 857 722">
     <span class='ocr_line' id='line_1_2' title="bbox 736 657 857 722; baseline 0 0"><span class='ocrx_word' id='word_1_2' title='bbox 736 657 857 722; x_wconf 80' lang='lat' dir='ltr'><strong>xtvn.</strong></span> 
     </span>
    </p>
   </div>
   <div class='ocr_carea' id='block_1_3' title="bbox 254 789 1342 1172">
    <p class='ocr_par' dir='ltr' id='par_1_3' title="bbox 254 789 1342 1172">
     <span class='ocr_line' id='line_1_3' title="bbox 295 789 1342 873; baseline 0 -15"><span class='ocrx_word' id='word_1_3' title='bbox 295 793 341 859; x_wconf 90' lang='lat' dir='ltr'><strong>Ne</strong></span> <span class='ocrx_word' id='word_1_4' title='bbox 362 799 467 858; x_wconf 88' lang='lat' dir='ltr'><strong>autem</strong></span> <span class='ocrx_word' id='word_1_5' title='bbox 490 792 549 857; x_wconf 89' lang='lat' dir='ltr'><strong>bac</strong></span> <span class='ocrx_word' id='word_1_6' title='bbox 571 791 603 855; x_wconf 94' lang='lat' dir='ltr'><strong>in</strong></span> <span class='ocrx_word' id='word_1_7' title='bbox 628 807 661 857; x_wconf 91' lang='lat' dir='ltr'><strong>re</strong></span> <span class='ocrx_word' id='word_1_8' title='bbox 683 791 831 857; x_wconf 90' lang='lat' dir='ltr'><strong>conlusio</strong></span> <span class='ocrx_word' id='word_1_9' title='bbox 853 791 959 873; x_wconf 83' lang='lat' dir='ltr'><strong>aliqua</strong></span> <span class='ocrx_word' id='word_1_10' title='bbox 982 789 1115 868; x_wconf 91' lang='lat' dir='ltr'><strong>oriatur,</strong></span> <span class='ocrx_word' id='word_1_11' title='bbox 1133 790 1282 857; x_wconf 87' lang='lat' dir='ltr'><strong>volumus</strong></span> <span class='ocrx_word' id='word_1_12' title='bbox 1307 792 1342 858; x_wconf 90' lang='lat' dir='ltr'><strong>ul</strong></span> 
     </span>
     <span class='ocr_line' id='line_1_4' title="bbox 254 889 1341 974; baseline 0 -18"><span class='ocrx_word' id='word_1_13' title='bbox 254 891 392 958; x_wconf 92' lang='lat' dir='ltr'><strong>reditum</strong></span> <span class='ocrx_word' id='word_1_14' title='bbox 428 907 520 956; x_wconf 92' lang='lat' dir='ltr'><strong>suum</strong></span> <span class='ocrx_word' id='word_1_15' title='bbox 551 889 769 956; x_wconf 83' lang='lat' dir='ltr'><strong>cancellarius</strong></span> <span class='ocrx_word' id='word_1_16' title='bbox 799 890 922 956; x_wconf 92' lang='lat' dir='ltr'><strong>decano</strong></span> <span class='ocrx_word' id='word_1_17' title='bbox 953 889 1124 973; x_wconf 81' lang='lat' dir='ltr'><strong>significet,</strong></span> <span class='ocrx_word' id='word_1_18' title='bbox 1152 891 1341 974; x_wconf 89' lang='lat' dir='ltr'><strong>praesertim</strong></span> 
     </span>
     <span class='ocr_line' id='line_1_5' title="bbox 255 989 1340 1072; baseline -0.001 -17"><span class='ocrx_word' id='word_1_19' title='bbox 255 991 384 1072; x_wconf 80' lang='lat' dir='ltr'><strong>quando</strong></span> <span class='ocrx_word' id='word_1_20' title='bbox 407 990 438 1054; x_wconf 94' lang='lat' dir='ltr'><strong>iu</strong></span> <span class='ocrx_word' id='word_1_21' title='bbox 462 991 566 1072; x_wconf 88' lang='lat' dir='ltr'><strong>aliqua</strong></span> <span class='ocrx_word' id='word_1_22' title='bbox 589 989 772 1055; x_wconf 78' lang='lat' dir='ltr'><strong>facultatum</strong></span> <span class='ocrx_word' id='word_1_23' title='bbox 795 990 901 1055; x_wconf 92' lang='lat' dir='ltr'><strong>lutura</strong></span> <span class='ocrx_word' id='word_1_24' title='bbox 924 997 974 1055; x_wconf 86' lang='lat' dir='ltr'><strong>est</strong></span> <span class='ocrx_word' id='word_1_25' title='bbox 994 989 1166 1071; x_wconf 73' lang='lat' dir='ltr'>promotio,</span> <span class='ocrx_word' id='word_1_26' title='bbox 1186 998 1219 1056; x_wconf 95' lang='lat' dir='ltr'><strong>ut</strong></span> <span class='ocrx_word' id='word_1_27' title='bbox 1234 990 1340 1055; x_wconf 89' lang='lat' dir='ltr'><strong>omnia</strong></span> 
     </span>
     <span class='ocr_line' id='line_1_6' title="bbox 256 1087 1187 1172; baseline 0 -20"><span class='ocrx_word' id='word_1_28' title='bbox 256 1089 365 1155; x_wconf 88' lang='lat' dir='ltr'><strong>debito</strong></span> <span class='ocrx_word' id='word_1_29' title='bbox 380 1089 492 1156; x_wconf 88' lang='lat' dir='ltr'><strong>ordine</strong></span> <span class='ocrx_word' id='word_1_30' title='bbox 509 1097 701 1172; x_wconf 80' lang='lat' dir='ltr'><strong>peragantur</strong></span> <span class='ocrx_word' id='word_1_31' title='bbox 716 1097 748 1154; x_wconf 88' lang='lat' dir='ltr'><strong>ot</strong></span> <span class='ocrx_word' id='word_1_32' title='bbox 763 1088 868 1154; x_wconf 92' lang='lat' dir='ltr'><strong>omnis</strong></span> <span class='ocrx_word' id='word_1_33' title='bbox 884 1087 1023 1154; x_wconf 82' lang='lat' dir='ltr'><strong>turbatio</strong></span> <span class='ocrx_word' id='word_1_34' title='bbox 1039 1089 1187 1154; x_wconf 86' lang='lat' dir='ltr'><strong>evitetur.</strong></span> 
     </span>
    </p>
   </div>
   <div class='ocr_carea' id='block_1_4' title="bbox 731 1237 867 1302">
    <p class='ocr_par' dir='ltr' id='par_1_4' title="bbox 731 1237 867 1302">
     <span class='ocr_line' id='line_1_7' title="bbox 731 1237 867 1302; baseline -0.015 -1"><span class='ocrx_word' id='word_1_35' title='bbox 731 1237 867 1302; x_wconf 83' lang='lat' dir='ltr'><strong>tttvttt.</strong></span> 
     </span>
    </p>
   </div>
   <div class='ocr_carea' id='block_1_5' title="bbox 257 1367 1347 2443">
    <p class='ocr_par' dir='ltr' id='par_1_5' title="bbox 257 1367 1347 2443">
     <span class='ocr_line' id='line_1_8' title="bbox 299 1367 1341 1453; baseline -0.001 -17"><span class='ocrx_word' id='word_1_36' title='bbox 299 1372 410 1446; x_wconf 83' lang='lat' dir='ltr'><strong>Porro,</strong></span> <span class='ocrx_word' id='word_1_37' title='bbox 438 1369 583 1451; x_wconf 80' lang='lat' dir='ltr'><strong>utrisque</strong></span> <span class='ocrx_word' id='word_1_38' title='bbox 612 1367 811 1442; x_wconf 84' lang='lat' dir='ltr'><strong>absentibus,</strong></span> <span class='ocrx_word' id='word_1_39' title='bbox 839 1379 902 1434; x_wconf 88' lang='lat' dir='ltr'><strong>tam</strong></span> <span class='ocrx_word' id='word_1_40' title='bbox 933 1367 1056 1434; x_wconf 88' lang='lat' dir='ltr'><strong>decano</strong></span> <span class='ocrx_word' id='word_1_41' title='bbox 1086 1369 1209 1435; x_wconf 89' lang='lat' dir='ltr'><strong>scillcet</strong></span> <span class='ocrx_word' id='word_1_42' title='bbox 1246 1387 1341 1453; x_wconf 87' lang='lat' dir='ltr'><strong>quam</strong></span> 
     </span>
     <span class='ocr_line' id='line_1_9' title="bbox 257 1466 1341 1550; baseline 0 -16"><span class='ocrx_word' id='word_1_43' title='bbox 257 1467 466 1544; x_wconf 82' lang='lat' dir='ltr'><strong>cancellario,</strong></span> <span class='ocrx_word' id='word_1_44' title='bbox 484 1468 533 1532; x_wconf 93' lang='lat' dir='ltr'><strong>vel</strong></span> <span class='ocrx_word' id='word_1_45' title='bbox 560 1467 700 1549; x_wconf 78' lang='lat' dir='ltr'><strong>legitime</strong></span> <span class='ocrx_word' id='word_1_46' title='bbox 726 1466 900 1550; x_wconf 91' lang='lat' dir='ltr'><strong>impeditis,</strong></span> <span class='ocrx_word' id='word_1_47' title='bbox 918 1467 967 1532; x_wconf 90' lang='lat' dir='ltr'><strong>vel</strong></span> <span class='ocrx_word' id='word_1_48' title='bbox 991 1467 1173 1534; x_wconf 83' lang='lat' dir='ltr'><strong>infirmitate</strong></span> <span class='ocrx_word' id='word_1_49' title='bbox 1196 1486 1341 1550; x_wconf 82' lang='lat' dir='ltr'><strong>praegra-</strong></span> 
     </span>
     <span class='ocr_line' id='line_1_10' title="bbox 259 1567 1341 1647; baseline 0.002 -15"><span class='ocrx_word' id='word_1_50' title='bbox 259 1569 352 1645; x_wconf 91' lang='lat' dir='ltr'><strong>vatis,</strong></span> <span class='ocrx_word' id='word_1_51' title='bbox 371 1577 403 1633; x_wconf 94' lang='lat' dir='ltr'><strong>ut</strong></span> <span class='ocrx_word' id='word_1_52' title='bbox 420 1569 458 1632; x_wconf 90' lang='lat' dir='ltr'><strong>ad</strong></span> <span class='ocrx_word' id='word_1_53' title='bbox 473 1567 728 1632; x_wconf 92' lang='lat' dir='ltr'><strong>benedictionem</strong></span> <span class='ocrx_word' id='word_1_54' title='bbox 747 1567 883 1631; x_wconf 92' lang='lat' dir='ltr'><strong>dandam</strong></span> <span class='ocrx_word' id='word_1_55' title='bbox 907 1583 1095 1647; x_wconf 90' lang='lat' dir='ltr'><strong>comparere</strong></span> <span class='ocrx_word' id='word_1_56' title='bbox 1118 1584 1180 1632; x_wconf 94' lang='lat' dir='ltr'><strong>non</strong></span> <span class='ocrx_word' id='word_1_57' title='bbox 1205 1568 1341 1644; x_wconf 86' lang='lat' dir='ltr'><strong>valeant,</strong></span> 
     </span>
     <span class='ocr_line' id='line_1_11' title="bbox 259 1666 1340 1750; baseline -0.002 -16"><span class='ocrx_word' id='word_1_58' title='bbox 259 1679 335 1734; x_wconf 91' lang='lat' dir='ltr'><strong>tunc</strong></span> <span class='ocrx_word' id='word_1_59' title='bbox 363 1667 404 1744; x_wconf 91' lang='lat' dir='ltr'><strong>is,</strong></span> <span class='ocrx_word' id='word_1_60' title='bbox 434 1668 487 1750; x_wconf 85' lang='lat' dir='ltr'><strong>qui</strong></span> <span class='ocrx_word' id='word_1_61' title='bbox 518 1684 535 1732; x_wconf 93' lang='lat' dir='ltr'><strong>a</strong></span> <span class='ocrx_word' id='word_1_62' title='bbox 566 1666 762 1733; x_wconf 86' lang='lat' dir='ltr'><strong>cancellario</strong></span> <span class='ocrx_word' id='word_1_63' title='bbox 792 1677 842 1732; x_wconf 90' lang='lat' dir='ltr'><strong>est</strong></span> <span class='ocrx_word' id='word_1_64' title='bbox 871 1666 1055 1748; x_wconf 89' lang='lat' dir='ltr'><strong>deputatus,</strong></span> <span class='ocrx_word' id='word_1_65' title='bbox 1086 1667 1340 1733; x_wconf 83' lang='lat' dir='ltr'><strong>benedictionum</strong></span> 
     </span>
     <span class='ocr_line' id='line_1_12' title="bbox 259 1764 1340 1848; baseline -0.001 -18"><span class='ocrx_word' id='word_1_66' title='bbox 259 1767 469 1848; x_wconf 88' lang='lat' dir='ltr'><strong>impartiatur,</strong></span> <span class='ocrx_word' id='word_1_67' title='bbox 493 1766 543 1832; x_wconf 88' lang='lat' dir='ltr'><strong>vel</strong></span> <span class='ocrx_word' id='word_1_68' title='bbox 569 1765 596 1831; x_wconf 92' lang='lat' dir='ltr'><strong>si</strong></span> <span class='ocrx_word' id='word_1_69' title='bbox 624 1765 840 1830; x_wconf 81' lang='lat' dir='ltr'><strong>cancellarius</strong></span> <span class='ocrx_word' id='word_1_70' title='bbox 870 1764 1026 1830; x_wconf 89' lang='lat' dir='ltr'><strong>neminem</strong></span> <span class='ocrx_word' id='word_1_71' title='bbox 1056 1765 1269 1846; x_wconf 84' lang='lat' dir='ltr'><strong>deputaverit,</strong></span> <span class='ocrx_word' id='word_1_72' title='bbox 1292 1768 1340 1832; x_wconf 91' lang='lat' dir='ltr'><strong>vel</strong></span> 
     </span>
     <span class='ocr_line' id='line_1_13' title="bbox 261 1863 1342 1947; baseline 0.001 -17"><span class='ocrx_word' id='word_1_73' title='bbox 261 1865 432 1947; x_wconf 88' lang='lat' dir='ltr'><strong>deputatus</strong></span> <span class='ocrx_word' id='word_1_74' title='bbox 461 1864 579 1930; x_wconf 86' lang='lat' dir='ltr'><strong>absens</strong></span> <span class='ocrx_word' id='word_1_75' title='bbox 608 1865 661 1942; x_wconf 89' lang='lat' dir='ltr'><strong>sit,</strong></span> <span class='ocrx_word' id='word_1_76' title='bbox 684 1863 734 1929; x_wconf 88' lang='lat' dir='ltr'><strong>vel</strong></span> <span class='ocrx_word' id='word_1_77' title='bbox 760 1878 947 1945; x_wconf 88' lang='lat' dir='ltr'><strong>comparere</strong></span> <span class='ocrx_word' id='word_1_78' title='bbox 974 1880 1037 1929; x_wconf 92' lang='lat' dir='ltr'><strong>non</strong></span> <span class='ocrx_word' id='word_1_79' title='bbox 1064 1863 1177 1940; x_wconf 90' lang='lat' dir='ltr'><strong>valeat,</strong></span> <span class='ocrx_word' id='word_1_80' title='bbox 1200 1865 1342 1931; x_wconf 88' lang='lat' dir='ltr'><strong>decanus</strong></span> 
     </span>
     <span class='ocr_line' id='line_1_14' title="bbox 262 1962 1344 2048; baseline -0.002 -19"><span class='ocrx_word' id='word_1_81' title='bbox 262 1965 399 2048; x_wconf 83' lang='lat' dir='ltr'><strong>aliquem</strong></span> <span class='ocrx_word' id='word_1_82' title='bbox 415 1963 599 2037; x_wconf 85' lang='lat' dir='ltr'><strong>constituat,</strong></span> <span class='ocrx_word' id='word_1_83' title='bbox 618 1971 713 2046; x_wconf 90' lang='lat' dir='ltr'><strong>prout</strong></span> <span class='ocrx_word' id='word_1_84' title='bbox 729 1962 890 2029; x_wconf 86' lang='lat' dir='ltr'><strong>Pontibeis</strong></span> <span class='ocrx_word' id='word_1_85' title='bbox 907 1962 1118 2029; x_wconf 77' lang='lat' dir='ltr'><strong>concessione</strong></span> <span class='ocrx_word' id='word_1_86' title='bbox 1134 1963 1344 2046; x_wconf 89' lang='lat' dir='ltr'><strong>permittitur;</strong></span> 
     </span>
     <span class='ocr_line' id='line_1_15' title="bbox 263 2063 1343 2142; baseline -0.002 -12"><span class='ocrx_word' id='word_1_87' title='bbox 263 2073 293 2130; x_wconf 88' lang='lat' dir='ltr'><strong>et</strong></span> <span class='ocrx_word' id='word_1_88' title='bbox 309 2065 336 2128; x_wconf 92' lang='lat' dir='ltr'><strong>is</strong></span> <span class='ocrx_word' id='word_1_89' title='bbox 351 2065 411 2128; x_wconf 89' lang='lat' dir='ltr'><strong>bac</strong></span> <span class='ocrx_word' id='word_1_90' title='bbox 431 2072 537 2129; x_wconf 89' lang='lat' dir='ltr'><strong>utatur</strong></span> <span class='ocrx_word' id='word_1_91' title='bbox 558 2063 694 2128; x_wconf 89' lang='lat' dir='ltr'><strong>lormula</strong></span> <span class='ocrx_word' id='word_1_92' title='bbox 719 2082 726 2128; x_wconf 92' lang='lat'>:</span> <span class='ocrx_word' id='word_1_93' title='bbox 751 2064 816 2127; x_wconf 85' lang='lat' dir='ltr'><strong>llloa</strong></span> <span class='ocrx_word' id='word_1_94' title='bbox 837 2063 1034 2142; x_wconf 66' lang='lat' dir='ltr'><strong>lididenopi</strong></span> <span class='ocrx_word' id='word_1_95' title='bbox 1057 2063 1118 2126; x_wconf 84' lang='lat' dir='ltr'><strong>diui</strong></span> <span class='ocrx_word' id='word_1_96' title='bbox 1141 2064 1223 2127; x_wconf 75' lang='lat' dir='ltr'><strong>Petri</strong></span> <span class='ocrx_word' id='word_1_97' title='bbox 1245 2066 1343 2129; x_wconf 84' lang='lat' dir='ltr'><strong>Loco·</strong></span> 
     </span>
     <span class='ocr_line' id='line_1_16' title="bbox 261 2162 1347 2246; baseline 0.002 -20"><span class='ocrx_word' id='word_1_98' title='bbox 261 2165 376 2228; x_wconf 82' lang='lat' dir='ltr'><strong>nieasia</strong></span> <span class='ocrx_word' id='word_1_99' title='bbox 403 2165 434 2227; x_wconf 90' lang='lat' dir='ltr'><strong>in</strong></span> <span class='ocrx_word' id='word_1_100' title='bbox 460 2163 628 2246; x_wconf 87' lang='lat' dir='ltr'><strong>apostolico</strong></span> <span class='ocrx_word' id='word_1_101' title='bbox 653 2163 749 2244; x_wconf 81' lang='lat' dir='ltr'><strong>ipsius</strong></span> <span class='ocrx_word' id='word_1_102' title='bbox 774 2162 951 2243; x_wconf 82' lang='lat' dir='ltr'><strong>prodeundi</strong></span> <span class='ocrx_word' id='word_1_103' title='bbox 973 2169 1120 2244; x_wconf 78' lang='lat' dir='ltr'><strong>potestate</strong></span> <span class='ocrx_word' id='word_1_104' title='bbox 1144 2165 1278 2226; x_wconf 81' lang='lat' dir='ltr'><strong>otcarius</strong></span> <span class='ocrx_word' id='word_1_105' title='bbox 1299 2166 1347 2228; x_wconf 85' lang='lat' dir='ltr'><strong>ael</strong></span> 
     </span>
     <span class='ocr_line' id='line_1_17' title="bbox 262 2261 1347 2338; baseline 0.001 -13"><span class='ocrx_word' id='word_1_106' title='bbox 262 2264 502 2338; x_wconf 81' lang='lat' dir='ltr'><strong>commissorias,</strong></span> <span class='ocrx_word' id='word_1_107' title='bbox 520 2261 547 2326; x_wconf 89' lang='lat' dir='ltr'><strong>si</strong></span> <span class='ocrx_word' id='word_1_108' title='bbox 565 2261 713 2326; x_wconf 90' lang='lat' dir='ltr'><strong>nimirum</strong></span> <span class='ocrx_word' id='word_1_109' title='bbox 729 2261 767 2324; x_wconf 89' lang='lat' dir='ltr'><strong>ad</strong></span> <span class='ocrx_word' id='word_1_110' title='bbox 786 2261 915 2325; x_wconf 92' lang='lat' dir='ltr'><strong>unicum</strong></span> <span class='ocrx_word' id='word_1_111' title='bbox 938 2261 1101 2326; x_wconf 84' lang='lat' dir='ltr'><strong>dumtaxat</strong></span> <span class='ocrx_word' id='word_1_112' title='bbox 1123 2270 1228 2327; x_wconf 88' lang='lat' dir='ltr'><strong>actum</strong></span> <span class='ocrx_word' id='word_1_113' title='bbox 1253 2263 1347 2328; x_wconf 89' lang='lat' dir='ltr'><strong>istius</strong></span> 
     </span>
     <span class='ocr_line' id='line_1_18' title="bbox 265 2359 941 2443; baseline -0.004 -17"><span class='ocrx_word' id='word_1_114' title='bbox 265 2361 431 2443; x_wconf 88' lang='lat' dir='ltr'><strong>potestatis</strong></span> <span class='ocrx_word' id='word_1_115' title='bbox 447 2360 660 2427; x_wconf 87' lang='lat' dir='ltr'><strong>exercendum</strong></span> <span class='ocrx_word' id='word_1_116' title='bbox 676 2359 718 2425; x_wconf 94' lang='lat' dir='ltr'><strong>sit</strong></span> <span class='ocrx_word' id='word_1_117' title='bbox 733 2359 941 2425; x_wconf 89' lang='lat' dir='ltr'><strong>constitutos.</strong></span> 
     </span>
    </p>
   </div>
   <div class='ocr_carea' id='block_1_6' title="bbox 749 2507 858 2572">
    <p class='ocr_par' dir='ltr' id='par_1_6' title="bbox 749 2507 858 2572">
     <span class='ocr_line' id='line_1_19' title="bbox 749 2507 858 2572; baseline -0.018 0"><span class='ocrx_word' id='word_1_118' title='bbox 749 2507 858 2572; x_wconf 82' lang='lat' dir='ltr'><strong>XLIX.</strong></span> 
     </span>
    </p>
   </div>
   <div class='ocr_carea' id='block_1_7' title="bbox 262 2637 1346 3018">
    <p class='ocr_par' dir='ltr' id='par_1_7' title="bbox 262 2637 1346 3018">
     <span class='ocr_line' id='line_1_20' title="bbox 305 2637 1343 2722; baseline 0 -15"><span class='ocrx_word' id='word_1_119' title='bbox 305 2641 464 2715; x_wconf 84' lang='lat' dir='ltr'><strong>Ceterum,</strong></span> <span class='ocrx_word' id='word_1_120' title='bbox 478 2639 610 2722; x_wconf 73' lang='lat' dir='ltr'><strong>quando</strong></span> <span class='ocrx_word' id='word_1_121' title='bbox 625 2638 742 2721; x_wconf 85' lang='lat' dir='ltr'><strong>aliquis</strong></span> <span class='ocrx_word' id='word_1_122' title='bbox 764 2639 832 2705; x_wconf 89' lang='lat' dir='ltr'><strong>sive</strong></span> <span class='ocrx_word' id='word_1_123' title='bbox 847 2655 864 2702; x_wconf 91' lang='lat' dir='ltr'><strong>a</strong></span> <span class='ocrx_word' id='word_1_124' title='bbox 880 2637 1077 2705; x_wconf 89' lang='lat' dir='ltr'><strong>Cancellario</strong></span> <span class='ocrx_word' id='word_1_125' title='bbox 1092 2639 1161 2705; x_wconf 91' lang='lat' dir='ltr'><strong>sive</strong></span> <span class='ocrx_word' id='word_1_126' title='bbox 1176 2657 1193 2704; x_wconf 95' lang='lat' dir='ltr'><strong>a</strong></span> <span class='ocrx_word' id='word_1_127' title='bbox 1209 2640 1343 2718; x_wconf 87' lang='lat' dir='ltr'><strong>decano,</strong></span> 
     </span>
     <span class='ocr_line' id='line_1_21' title="bbox 264 2737 1346 2821; baseline 0 -17"><span class='ocrx_word' id='word_1_128' title='bbox 264 2747 358 2820; x_wconf 91' lang='lat' dir='ltr'><strong>prout</strong></span> <span class='ocrx_word' id='word_1_129' title='bbox 380 2738 534 2820; x_wconf 91' lang='lat' dir='ltr'><strong>permittit</strong></span> <span class='ocrx_word' id='word_1_130' title='bbox 561 2737 715 2812; x_wconf 74' lang='lat' dir='ltr'><strong>Pontifex,</strong></span> <span class='ocrx_word' id='word_1_131' title='bbox 733 2737 771 2802; x_wconf 93' lang='lat' dir='ltr'><strong>ad</strong></span> <span class='ocrx_word' id='word_1_132' title='bbox 798 2737 1055 2803; x_wconf 80' lang='lat' dir='ltr'><strong>benedictionem</strong></span> <span class='ocrx_word' id='word_1_133' title='bbox 1082 2737 1218 2803; x_wconf 90' lang='lat' dir='ltr'><strong>dandam</strong></span> <span class='ocrx_word' id='word_1_134' title='bbox 1246 2739 1346 2821; x_wconf 88' lang='lat' dir='ltr'><strong>depu-</strong></span> 
     </span>
     <span class='ocr_line' id='line_1_22' title="bbox 263 2836 1345 2920; baseline 0.002 -18"><span class='ocrx_word' id='word_1_135' title='bbox 263 2845 358 2912; x_wconf 87' lang='lat' dir='ltr'><strong>tatur,</strong></span> <span class='ocrx_word' id='word_1_136' title='bbox 381 2838 408 2901; x_wconf 92' lang='lat' dir='ltr'><strong>is</strong></span> <span class='ocrx_word' id='word_1_137' title='bbox 437 2845 470 2902; x_wconf 91' lang='lat' dir='ltr'><strong>et</strong></span> <span class='ocrx_word' id='word_1_138' title='bbox 499 2836 640 2901; x_wconf 87' lang='lat' dir='ltr'><strong>habitum</strong></span> <span class='ocrx_word' id='word_1_139' title='bbox 667 2845 822 2912; x_wconf 90' lang='lat' dir='ltr'><strong>assumet,</strong></span> <span class='ocrx_word' id='word_1_140' title='bbox 843 2845 875 2901; x_wconf 91' lang='lat' dir='ltr'><strong>et</strong></span> <span class='ocrx_word' id='word_1_141' title='bbox 900 2837 1005 2910; x_wconf 91' lang='lat' dir='ltr'><strong>locum</strong></span> <span class='ocrx_word' id='word_1_142' title='bbox 1033 2837 1199 2916; x_wconf 91' lang='lat' dir='ltr'><strong>obtinebit,</strong></span> <span class='ocrx_word' id='word_1_143' title='bbox 1222 2847 1253 2902; x_wconf 92' lang='lat' dir='ltr'><strong>et</strong></span> <span class='ocrx_word' id='word_1_144' title='bbox 1275 2839 1345 2920; x_wconf 84' lang='lat' dir='ltr'><strong>jura</strong></span> 
     </span>
     <span class='ocr_line' id='line_1_23' title="bbox 262 2935 1030 3018; baseline 0.001 -17"><span class='ocrx_word' id='word_1_145' title='bbox 262 2937 408 3018; x_wconf 86' lang='lat' dir='ltr'><strong>accipiet,</strong></span> <span class='ocrx_word' id='word_1_146' title='bbox 427 2953 508 3017; x_wconf 87' lang='lat' dir='ltr'><strong>quae</strong></span> <span class='ocrx_word' id='word_1_147' title='bbox 524 2936 619 3001; x_wconf 90' lang='lat' dir='ltr'><strong>babet</strong></span> <span class='ocrx_word' id='word_1_148' title='bbox 633 2943 665 3001; x_wconf 93' lang='lat' dir='ltr'><strong>et</strong></span> <span class='ocrx_word' id='word_1_149' title='bbox 680 2936 837 3002; x_wconf 90' lang='lat' dir='ltr'><strong>debentur</strong></span> <span class='ocrx_word' id='word_1_150' title='bbox 853 2935 1030 3016; x_wconf 89' lang='lat' dir='ltr'><strong>deputanti.</strong></span> 
     </span>
    </p>
   </div>
   <div class='ocr_carea' id='block_1_8' title="bbox 597 3133 1010 3214">
    <p class='ocr_par' dir='ltr' id='par_1_8' title="bbox 597 3133 1010 3214">
     <span class='ocr_line' id='line_1_24' title="bbox 597 3133 1010 3214; baseline -0.002 -17"><span class='ocrx_word' id='word_1_151' title='bbox 597 3135 642 3197; x_wconf 82' lang='lat' dir='ltr'><strong>lle</strong></span> <span class='ocrx_word' id='word_1_152' title='bbox 662 3133 810 3214; x_wconf 75' lang='lat' dir='ltr'><strong>facultate</strong></span> <span class='ocrx_word' id='word_1_153' title='bbox 832 3133 1010 3212; x_wconf 79' lang='lat' dir='ltr'><strong>tlreolopico.</strong></span> 
     </span>
    </p>
   </div>
   <div class='ocr_carea' id='block_1_9' title="bbox 789 3279 824 3345">
    <p class='ocr_par' dir='ltr' id='par_1_9' title="bbox 789 3279 824 3345">
     <span class='ocr_line' id='line_1_25' title="bbox 789 3279 824 3345; baseline 0 0"><span class='ocrx_word' id='word_1_154' title='bbox 789 3279 824 3345; x_wconf 92' lang='lat' dir='ltr'><strong>L.</strong></span> 
     </span>
    </p>
   </div>
   <div class='ocr_carea' id='block_1_10' title="bbox 260 3411 1348 4284">
    <p class='ocr_par' dir='ltr' id='par_1_10' title="bbox 260 3411 1348 4284">
     <span class='ocr_line' id='line_1_26' title="bbox 303 3411 1347 3496; baseline 0.002 -19"><span class='ocrx_word' id='word_1_155' title='bbox 303 3411 458 3488; x_wconf 79' lang='lat' dir='ltr'><strong>Quondam</strong></span> <span class='ocrx_word' id='word_1_156' title='bbox 484 3421 589 3479; x_wconf 91' lang='lat' dir='ltr'><strong>autem</strong></span> <span class='ocrx_word' id='word_1_157' title='bbox 617 3411 796 3493; x_wconf 81' lang='lat' dir='ltr'><strong>theologica</strong></span> <span class='ocrx_word' id='word_1_158' title='bbox 822 3411 956 3476; x_wconf 82' lang='lat' dir='ltr'><strong>facultas</strong></span> <span class='ocrx_word' id='word_1_159' title='bbox 980 3411 1063 3477; x_wconf 91' lang='lat' dir='ltr'><strong>bene</strong></span> <span class='ocrx_word' id='word_1_160' title='bbox 1084 3411 1229 3478; x_wconf 91' lang='lat' dir='ltr'><strong>ordinata</strong></span> <span class='ocrx_word' id='word_1_161' title='bbox 1252 3423 1347 3496; x_wconf 82' lang='lat' dir='ltr'><strong>atque</strong></span> 
     </span>
     <span class='ocr_line' id='line_1_27' title="bbox 263 3509 1348 3593; baseline 0.006 -20"><span class='ocrx_word' id='word_1_162' title='bbox 263 3509 418 3586; x_wconf 87' lang='lat' dir='ltr'><strong>instituta,</strong></span> <span class='ocrx_word' id='word_1_163' title='bbox 448 3511 591 3593; x_wconf 83' lang='lat' dir='ltr'><strong>virisque</strong></span> <span class='ocrx_word' id='word_1_164' title='bbox 621 3511 818 3576; x_wconf 87' lang='lat' dir='ltr'><strong>doctissimis</strong></span> <span class='ocrx_word' id='word_1_165' title='bbox 850 3509 977 3586; x_wconf 78' lang='lat' dir='ltr'><strong>referta,</strong></span> <span class='ocrx_word' id='word_1_166' title='bbox 1006 3527 1154 3592; x_wconf 80' lang='lat' dir='ltr'><strong>maguum</strong></span> <span class='ocrx_word' id='word_1_167' title='bbox 1185 3513 1348 3580; x_wconf 80' lang='lat' dir='ltr'><strong>Ecclesiae</strong></span> 
     </span>
     <span class='ocr_line' id='line_1_28' title="bbox 264 3608 1347 3691; baseline 0.004 -19"><span class='ocrx_word' id='word_1_168' title='bbox 264 3609 317 3675; x_wconf 87' lang='lat' dir='ltr'><strong>llei</strong></span> <span class='ocrx_word' id='word_1_169' title='bbox 345 3618 395 3675; x_wconf 91' lang='lat' dir='ltr'><strong>est</strong></span> <span class='ocrx_word' id='word_1_170' title='bbox 420 3621 655 3686; x_wconf 86' lang='lat' dir='ltr'><strong>ornamentum,</strong></span> <span class='ocrx_word' id='word_1_171' title='bbox 678 3609 751 3675; x_wconf 92' lang='lat' dir='ltr'><strong>lidei</strong></span> <span class='ocrx_word' id='word_1_172' title='bbox 779 3608 1010 3691; x_wconf 81' lang='lat' dir='ltr'><strong>religionisque</strong></span> <span class='ocrx_word' id='word_1_173' title='bbox 1037 3617 1166 3674; x_wconf 88' lang='lat' dir='ltr'><strong>nostrae</strong></span> <span class='ocrx_word' id='word_1_174' title='bbox 1189 3611 1288 3675; x_wconf 92' lang='lat' dir='ltr'><strong>robur</strong></span> <span class='ocrx_word' id='word_1_175' title='bbox 1310 3627 1347 3676; x_wconf 90' lang='lat' dir='ltr'><strong>ac</strong></span> 
     </span>
     <span class='ocr_line' id='line_1_29' title="bbox 261 3709 1346 3785; baseline 0.002 -11"><span class='ocrx_word' id='word_1_176' title='bbox 261 3718 415 3784; x_wconf 88' lang='lat' dir='ltr'><strong>tutamen,</strong></span> <span class='ocrx_word' id='word_1_177' title='bbox 433 3710 668 3775; x_wconf 89' lang='lat' dir='ltr'><strong>haeretieorum</strong></span> <span class='ocrx_word' id='word_1_178' title='bbox 688 3709 848 3785; x_wconf 87' lang='lat' dir='ltr'><strong>conlusio,</strong></span> <span class='ocrx_word' id='word_1_179' title='bbox 866 3716 897 3773; x_wconf 89' lang='lat' dir='ltr'><strong>et</strong></span> <span class='ocrx_word' id='word_1_180' title='bbox 919 3718 1031 3774; x_wconf 90' lang='lat' dir='ltr'><strong>contra</strong></span> <span class='ocrx_word' id='word_1_181' title='bbox 1053 3725 1166 3775; x_wconf 87' lang='lat' dir='ltr'><strong>omncs</strong></span> <span class='ocrx_word' id='word_1_182' title='bbox 1185 3711 1346 3776; x_wconf 81' lang='lat' dir='ltr'><strong>Ecclesiae</strong></span> 
     </span>
     <span class='ocr_line' id='line_1_30' title="bbox 261 3807 1346 3890; baseline 0 -17"><span class='ocrx_word' id='word_1_183' title='bbox 261 3809 440 3874; x_wconf 87' lang='lat' dir='ltr'><strong>catholicae</strong></span> <span class='ocrx_word' id='word_1_184' title='bbox 462 3809 623 3874; x_wconf 83' lang='lat' dir='ltr'><strong>Romanae</strong></span> <span class='ocrx_word' id='word_1_185' title='bbox 646 3808 794 3872; x_wconf 91' lang='lat' dir='ltr'><strong>inimicos</strong></span> <span class='ocrx_word' id='word_1_186' title='bbox 818 3824 855 3872; x_wconf 92' lang='lat' dir='ltr'><strong>ac</strong></span> <span class='ocrx_word' id='word_1_187' title='bbox 878 3807 1064 3889; x_wconf 76' lang='lat' dir='ltr'><strong>ingruentes</strong></span> <span class='ocrx_word' id='word_1_188' title='bbox 1081 3825 1210 3874; x_wconf 77' lang='lat' dir='ltr'><strong>errores</strong></span> <span class='ocrx_word' id='word_1_189' title='bbox 1228 3825 1346 3890; x_wconf 94' lang='lat' dir='ltr'><strong>propu-</strong></span> 
     </span>
     <span class='ocr_line' id='line_1_31' title="bbox 260 3903 1346 3988; baseline 0.002 -18"><span class='ocrx_word' id='word_1_190' title='bbox 260 3907 443 3987; x_wconf 81' lang='lat' dir='ltr'><strong>gnaculum,</strong></span> <span class='ocrx_word' id='word_1_191' title='bbox 462 3906 547 3972; x_wconf 81' lang='lat' dir='ltr'><strong>narde</strong></span> <span class='ocrx_word' id='word_1_192' title='bbox 563 3924 601 3972; x_wconf 84' lang='lat' dir='ltr'><strong>ex</strong></span> <span class='ocrx_word' id='word_1_193' title='bbox 613 3905 790 3988; x_wconf 82' lang='lat' dir='ltr'><strong>juventutis</strong></span> <span class='ocrx_word' id='word_1_194' title='bbox 808 3915 870 3970; x_wconf 91' lang='lat' dir='ltr'><strong>tam</strong></span> <span class='ocrx_word' id='word_1_195' title='bbox 887 3903 918 3969; x_wconf 94' lang='lat' dir='ltr'><strong>in</strong></span> <span class='ocrx_word' id='word_1_196' title='bbox 936 3905 1009 3970; x_wconf 90' lang='lat' dir='ltr'><strong>lidei</strong></span> <span class='ocrx_word' id='word_1_197' title='bbox 1028 3905 1173 3972; x_wconf 88' lang='lat' dir='ltr'><strong>doctrina</strong></span> <span class='ocrx_word' id='word_1_198' title='bbox 1197 3923 1291 3988; x_wconf 79' lang='lat' dir='ltr'><strong>quam</strong></span> <span class='ocrx_word' id='word_1_199' title='bbox 1315 3908 1346 3972; x_wconf 95' lang='lat' dir='ltr'><strong>in</strong></span> 
     </span>
     <span class='ocr_line' id='line_1_32' title="bbox 262 4005 1347 4085; baseline 0 -17"><span class='ocrx_word' id='word_1_200' title='bbox 262 4021 385 4070; x_wconf 92' lang='lat' dir='ltr'><strong>morum</strong></span> <span class='ocrx_word' id='word_1_201' title='bbox 401 4015 546 4070; x_wconf 88' lang='lat' dir='ltr'><strong>accurata</strong></span> <span class='ocrx_word' id='word_1_202' title='bbox 563 4006 765 4071; x_wconf 88' lang='lat' dir='ltr'><strong>institutione</strong></span> <span class='ocrx_word' id='word_1_203' title='bbox 781 4005 963 4070; x_wconf 88' lang='lat' dir='ltr'><strong>uberrimus</strong></span> <span class='ocrx_word' id='word_1_204' title='bbox 979 4006 1016 4068; x_wconf 91' lang='lat' dir='ltr'><strong>ad</strong></span> <span class='ocrx_word' id='word_1_205' title='bbox 1031 4021 1158 4070; x_wconf 92' lang='lat' dir='ltr'><strong>omnem</strong></span> <span class='ocrx_word' id='word_1_206' title='bbox 1175 4006 1347 4085; x_wconf 90' lang='lat' dir='ltr'><strong>rempubli-</strong></span> 
     </span>
     <span class='ocr_line' id='line_1_33' title="bbox 260 4104 1346 4186; baseline 0.002 -18"><span class='ocrx_word' id='word_1_207' title='bbox 260 4119 330 4168; x_wconf 90' lang='lat' dir='ltr'><strong>cam</strong></span> <span class='ocrx_word' id='word_1_208' title='bbox 352 4104 559 4169; x_wconf 87' lang='lat' dir='ltr'><strong>christianam</strong></span> <span class='ocrx_word' id='word_1_209' title='bbox 584 4114 748 4186; x_wconf 89' lang='lat' dir='ltr'><strong>promanat</strong></span> <span class='ocrx_word' id='word_1_210' title='bbox 768 4105 903 4179; x_wconf 91' lang='lat' dir='ltr'><strong>lructus,</strong></span> <span class='ocrx_word' id='word_1_211' title='bbox 920 4104 958 4168; x_wconf 91' lang='lat' dir='ltr'><strong>ad</strong></span> <span class='ocrx_word' id='word_1_212' title='bbox 977 4113 1118 4169; x_wconf 88' lang='lat' dir='ltr'><strong>nostram</strong></span> <span class='ocrx_word' id='word_1_213' title='bbox 1140 4105 1346 4186; x_wconf 81' lang='lat' dir='ltr'><strong>singulariter</strong></span> 
     </span>
     <span class='ocr_line' id='line_1_34' title="bbox 261 4202 1343 4284; baseline 0.001 -18"><span class='ocrx_word' id='word_1_214' title='bbox 261 4217 370 4266; x_wconf 90' lang='lat' dir='ltr'><strong>curam</strong></span> <span class='ocrx_word' id='word_1_215' title='bbox 394 4202 554 4284; x_wconf 88' lang='lat' dir='ltr'><strong>pertinere</strong></span> <span class='ocrx_word' id='word_1_216' title='bbox 577 4203 789 4284; x_wconf 78' lang='lat' dir='ltr'><strong>iudicavimus</strong></span> <span class='ocrx_word' id='word_1_217' title='bbox 811 4203 1011 4278; x_wconf 88' lang='lat' dir='ltr'><strong>adlaborare,</strong></span> <span class='ocrx_word' id='word_1_218' title='bbox 1030 4211 1063 4267; x_wconf 92' lang='lat' dir='ltr'><strong>ut</strong></span> <span class='ocrx_word' id='word_1_219' title='bbox 1090 4203 1121 4266; x_wconf 94' lang='lat' dir='ltr'><strong>in</strong></span> <span class='ocrx_word' id='word_1_220' title='bbox 1149 4205 1207 4268; x_wconf 87' lang='lat' dir='ltr'><strong>lrac</strong></span> <span class='ocrx_word' id='word_1_221' title='bbox 1235 4211 1343 4268; x_wconf 89' lang='lat' dir='ltr'><strong>nostra</strong></span> 
     </span>
    </p>
   </div>
   <div class='ocr_carea' id='block_1_11' title="bbox 0 0 1634 4944">
    <p class='ocr_par' dir='ltr' id='par_1_11' title="bbox 0 0 1634 4944">
     <span class='ocr_line' id='line_1_35' title="bbox 0 0 1634 4944; baseline 0 0"><span class='ocrx_word' id='word_1_222' title='bbox 0 0 1634 4944; x_wconf 95' lang='lat' dir='ltr'><strong> </strong></span> 
     </span>
    </p>
   </div>
  </div>
 </body>
</html>
