3100 4942
599 461 791 526 -tss-.

141 644 274 720 gesimo
287 641 400 719 tercio,
415 641 592 708 indictione
604 649 708 716 sexta,
724 639 845 706 mensis
859 638 967 722 narcij,
983 638 1036 706 die
1049 639 1235 720 penultimo,

143 744 230 810 bora
245 741 421 810 torciacum
437 741 487 806 uel
505 741 611 824 quasi,
629 740 837 824 pontificatus
851 737 1047 806 sanctissimi
1068 740 1100 804 in
1115 739 1239 806 cbristo

149 841 253 920 patris
275 857 314 906 ac
335 839 457 908 domini
481 839 582 906 nostri
606 839 727 908 domini
748 837 879 922 Eugenij
903 837 1014 906 diuina
1038 837 1238 920 prouidentia

148 939 249 1006 buius
281 939 420 1006 numinis
451 954 532 1020 pape
561 939 665 1022 quarti
695 953 780 1004 anno
813 936 940 1004 decimo
969 935 1086 1011 tercio,
1114 936 1147 1000 in
1177 937 1239 1002 mei

148 1038 272 1122 notarii
308 1037 426 1120 pnbtiri
462 1037 658 1118 testiumque
693 1035 950 1118 subscriptorum
986 1035 1026 1102 ad
1057 1035 1238 1116 subscripta

146 1137 391 1206 testificandum
407 1144 603 1222 soculorum
617 1147 649 1204 et
664 1137 848 1218 specialiter
870 1145 1056 1218 regulorum
1080 1136 1240 1218 presentia

148 1237 370 1316 personaliter
391 1235 588 1302 constitutus
605 1235 723 1300 nobilis
746 1242 781 1302 et
800 1231 1044 1317 circonspectus
1066 1235 1116 1300 vir
1138 1235 1242 1302 domi·

146 1336 257 1400 celius
283 1335 368 1402 ilaso
391 1335 432 1400 de
448 1334 588 1410 Grauen,
606 1333 758 1400 dominus
782 1333 970 1416 temporalis
991 1333 1033 1400 de
1049 1333 1196 1402 ueneriis
1214 1343 1246 1400 et

151 1436 197 1502 de
214 1434 384 1509 blaleuien,
401 1433 618 1502 hereditarius
631 1433 828 1500 camerarius
851 1433 943 1500 ducis
966 1433 1148 1508 brabentie,
1166 1435 1243 1500 ieo-

152 1534 281 1600 diensis
303 1531 465 1616 dyocesis,
484 1549 542 1614 pro
565 1548 618 1608 se,
641 1531 711 1598 suis
734 1531 909 1598 heredibus
931 1541 962 1596 et
982 1532 1241 1606 successoribus,

156 1635 261 1713 palam
288 1649 441 1700 asserens
466 1641 499 1698 et
525 1648 679 1714 expresse
705 1647 742 1696 se
771 1631 890 1700 babere
914 1631 968 1712 jus
999 1637 1185 1711 patronatus
1211 1631 1243 1696 in

151 1733 286 1800 duobus
308 1731 476 1806 alteribus,
493 1729 645 1798 videlicet
665 1730 696 1796 in
719 1729 810 1796 altari
832 1739 945 1796 sancte
965 1729 1141 1803 Trinitatis.
1159 1739 1191 1796 et
1212 1731 1244 1796 in

152 1831 247 1896 altari
271 1830 363 1898 beate
387 1828 486 1894 blarie
501 1829 636 1910 uirginis
659 1829 803 1912 gloriose
824 1829 955 1904 erectis,
971 1829 1043 1894 sitis
1058 1837 1090 1894 et
1106 1829 1246 1896 insudatis

152 1931 189 1992 in
206 1929 331 2010 capella
347 1929 388 1994 dc
403 1925 540 1996 Ovcrloe
557 1945 656 2010 prope
670 1927 858 2004 tonantum,
871 1929 956 1994 dicte
969 1927 1157 1994 leodiensis
1169 1927 1247 2008 dpu-

155 2028 259 2102 eesis,
276 2045 339 2108 que
354 2027 485 2110 quidem
501 2027 565 2094 duo
580 2027 693 2094 altaria
710 2027 861 2094 solebant
873 2044 950 2094 esse
970 2027 1034 2094 due
1056 2027 1245 2108 capellanie,

157 2127 256 2192 modo
280 2135 384 2192 autem
409 2125 440 2190 in
456 2143 551 2191 vnum
569 2127 779 2208 capellaniam
795 2125 892 2201 unite,
910 2143 974 2192 nnn
990 2127 1181 2206 conpulsus
1195 2137 1249 2192 aut

156 2236 309 2298 coactus,
325 2235 380 2292 ant
396 2225 501 2307 aliqua
517 2225 560 2300 vi,
573 2225 649 2292 dolo
666 2233 816 2306 metuque
830 2225 880 2292 uei
894 2223 1103 2307 suggestione
1116 2224 1246 2290 sinistra

158 2325 198 2388 nd
232 2324 294 2388 boc
321 2323 564 2399 circonuontus,
591 2333 623 2388 vt
653 2325 807 2398 asseruit,
833 2323 890 2390 sed
921 2333 1036 2404 sponte
1065 2333 1097 2390 et
1122 2323 1246 2390 liberali

156 2423 268 2488 antimo
290 2422 391 2498 dedit,
408 2422 544 2488 contulit
560 2433 594 2488 ct
618 2423 752 2488 donauit
774 2440 812 2488 ac
838 2422 1014 2501 transtulit,
1032 2438 1132 2503 scone
1156 2437 1248 2486 reeo-

156 2521 281 2612 gnouit
305 2521 497 2607 contulisse,
527 2521 669 2588 donasse
698 2531 730 2588 et
759 2521 1016 2588 irrecusabiliter
1045 2521 1250 2588 transtulisse

158 2621 314 2686 urnnibus
338 2619 527 2706 melioribus
549 2621 663 2694 imma,
676 2620 763 2702 jure,
780 2621 828 2684 uia
844 2629 877 2686 et
893 2621 989 2688 nodo
1009 2619 1126 2702 ouibus
1150 2620 1250 2699 potuit

158 2737 200 2784 ac
215 2719 339 2794 debuit,
356 2737 414 2800 pro
437 2721 571 2794 sesols
593 2721 766 2788 heredibus
789 2729 822 2788 et
844 2721 1106 2796 successoribus,
1122 2719 1249 2786 circon-

161 2817 287 2898 spectis
310 2827 342 2884 et
361 2818 505 2900 procidis
529 2819 606 2886 viris
633 2819 907 2902 Burgimagistris,
935 2819 1083 2886 Scabinis
1111 2828 1142 2884 et
1167 2817 1250 2884 Gon·

164 2918 292 2984 solibus
318 2917 405 2998 opidi
433 2918 645 2986 Louaniensis
667 2935 726 2998 pro
742 2935 828 2984 nunc
849 2927 881 2984 et
896 2919 927 2984 in
946 2919 1086 2984 luterum
1111 2917 1251 2992 existen·

167 3016 254 3082 tibus
271 3017 399 3082 nomine
420 3027 451 3082 et
466 3017 506 3082 ad
527 3034 611 3098 opus
627 3018 762 3099 predicti
777 3018 864 3098 opidi
882 3016 1091 3084 tonantnnsis
1117 3033 1155 3082 ae
1171 3015 1248 3080 illud

161 3114 218 3194 jus
238 3115 481 3194 acceptantibus
505 3116 633 3182 nomine
649 3125 680 3182 et
702 3115 743 3180 ad
764 3133 847 3196 opus
874 3117 1021 3182 eiusdem
1044 3114 1130 3195 opidi
1149 3114 1251 3180 boua-

168 3213 302 3288 niensis,
319 3230 415 3277 ornne
426 3211 493 3295 jus,
510 3215 669 3282 actionem
689 3223 722 3280 et
738 3214 966 3296 proprietatem
981 3215 1069 3296 quod
1091 3214 1142 3281 vel
1154 3229 1251 3293 ,quam

167 3311 251 3376 idem
279 3311 472 3378 domicellus
502 3313 588 3378 llaso
614 3329 819 3396 quocumque
844 3313 919 3394 jure
948 3311 1043 3380 luerit
1071 3311 1166 3376 babet
1195 3327 1253 3378 scu

168 3409 287 3474 babere
310 3410 428 3490 poterit
448 3410 566 3492 injure
587 3420 778 3494 patronatus
799 3412 935 3480 duorum
955 3410 1103 3476 alterium
1127 3409 1250 3490 predic·

167 3517 274 3572 torum
297 3525 354 3574 scu
381 3509 526 3592 predicte
546 3511 806 3592 capellaniejam
823 3511 922 3587 unite,
940 3509 1125 3590 trabemque
1143 3508 1197 3589 jus
1220 3508 1253 3570 in

166 3606 282 3672 codem
307 3605 381 3688 jure
416 3617 604 3692 patronatus
638 3609 864 3676 conseruando
892 3610 975 3676 dane
1008 3615 1039 3676 et
1068 3607 1253 3674 concedens

170 3715 365 3774 memoratus
383 3705 575 3776 domicellus
600 3709 686 3776 Raso
711 3708 865 3790 predictis
887 3706 1159 3790 Burgintagistris,
1176 3705 1253 3772 Sca·

169 3803 253 3868 binis
278 3813 312 3868 ct
332 3805 539 3882 Consulibus,
564 3807 620 3890 qui
642 3807 709 3890 iam
737 3817 813 3874 sunt
838 3819 871 3872 et
901 3824 958 3888 pro
990 3815 1134 3887 temporo
1160 3813 1256 3872 erunt

171 3903 299 3968 numine
322 3921 387 3984 quo
402 3921 499 3986 supra
523 3906 648 3988 plenam
673 3915 868 3987 potestatem
882 3906 967 3972 dicta
990 3905 1055 3974 duo
1069 3904 1181 3970 altaria
1197 3921 1254 3970 seu

170 4001 346 4078 predictam
375 4003 598 4086 capellaniam,
627 4005 704 4070 dum
740 4005 951 4088 ieiunando
980 4004 1168 4072 vacauerint
1198 4019 1256 4070 sou

169 4101 344 4176 racauerit,
362 4100 562 4176 conterendi,
579 4113 611 4170 et
636 4104 674 4168 ad
701 4119 738 4170 ca
761 4103 813 4168 vel
834 4119 904 4169 eum
930 4103 1070 4185 aliquem
1093 4101 1255 4184 ydoneum

168 4197 347 4273 doctorem,
365 4198 562 4264 licentiatum
583 4201 633 4266 vel
649 4201 855 4266 baeallarium
878 4202 911 4266 in
926 4219 988 4266 vna
1004 4212 1141 4284 quatuor
1157 4199 1256 4264 lacul-
