3246 4944
759 420 937 484 „ata-

222 649 228 662 .
309 621 384 667 sese
399 602 575 684 adjungere
591 603 741 684 dignetur
759 603 796 666 ad
823 602 998 682 praemissa
1023 602 1241 669 illustrissimo
1262 603 1397 668 dontinc

310 701 433 767 Nuncio
456 701 635 782 apostolico
658 711 690 766 et
712 703 912 782 amplissimo
934 701 1066 767 domiuo
1082 703 1267 768 consiliario
1283 705 1397 782 steyn-

311 801 433 882 lrupscrr
451 802 677 866 insinuandum
694 811 724 867 et
740 802 975 882 expromendum.
1061 834 1063 839 ·

352 998 529 1064 «Litterae
573 998 797 1064 Urtiversilatis
844 1001 882 1063 ad
932 999 1183 1064 illustrissimum
1227 1001 1393 1065 deminum

306 1096 463 1162 Nuncium
479 1097 619 1163 directae
636 1121 644 1162 ε

352 1295 607 1360 «illustrissimo
630 1313 668 1360 ac
691 1295 960 1361 reverendissimo
982 1296 1113 1360 domiuo
1139 1296 1268 1361 dominu
1295 1297 1394 1362 tucio

306 1395 561 1475 urctrleplscopo
605 1394 818 1475 ilydruntium
864 1394 895 1458 in
941 1394 1084 1474 partibus
1128 1395 1225 1476 Belgii
1271 1397 1393 1460 Nunciu

305 1493 495 1573 apostolica.

840 1592 1062 1658 illustrissime
1080 1593 1224 1659 Domine.

349 1690 517 1754 «Litteras
547 1690 782 1756 illustrissimae
812 1691 938 1756 Gratiae
967 1691 1052 1756 Tuae
1090 1708 1150 1754 uua
1187 1709 1258 1758 cum
1298 1693 1391 1758 Brevi

305 1789 484 1868 apostolico
498 1791 537 1852 iis
550 1790 701 1854 adiuncto
715 1789 894 1869 recepimus
907 1799 939 1854 et
951 1789 1037 1854 iuxta
1050 1791 1233 1867 earumdem
1243 1801 1388 1858 tenorem

305 1888 543 1953 illustrissimae
558 1889 642 1953 Tuae
658 1889 785 1953 Gratiae
806 1889 987 1954 mandalum
1011 1889 1090 1953 illud
1106 1889 1389 1970 quinterrrionibus

306 1989 425 2052 uostris
443 1987 571 2051 inscribi
588 2003 626 2052 ac
643 1989 844 2067 postmodnm
868 1987 1009 2052 arclriuis
1025 1987 1252 2052 Uniuersilalis
1268 1989 1389 2053 includi

304 2086 500 2157 eurauimus.
522 2086 689 2165 cupientes
711 2087 1014 2151 reuerendissimam
1037 2085 1135 2150 Tuam
1162 2087 1300 2150 Gratiam
1327 2089 1391 2152 buc

305 2196 454 2250 testatum
472 2185 589 2250 babere
608 2185 683 2248 uilril
709 2185 840 2265 perinde
862 2205 901 2250 ex
918 2194 993 2250 vulo
1015 2185 1110 2250 buius
1133 2186 1302 2272 academie
1321 2187 1391 2252 lcrc

182 2345 186 2350 .
305 2300 399 2365 (ruam
417 2283 680 2364 propensissimis
695 2283 810 2348 animis
826 2301 863 2348 ea
878 2283 991 2365 exequi
1014 2302 1076 2371 que
1099 2302 1117 2348 a
1139 2285 1202 2350 Sua
1218 2286 1391 2351 Sanctitate

306 2382 474 2470 presertim
500 2383 538 2446 ad
568 2393 709 2447 nostram
741 2393 989 2464 nostrorumque
1019 2384 1154 2448 salutem
1185 2384 1327 2449 iacienda
1357 2395 1392 2450 ct

304 2482 490 2561 exequenda
513 2492 747 2562 proponuntur.
772 2482 938 2546 Postulunt
961 2483 990 2546 id
1015 2482 1137 2546 iulluita
1160 2483 1303 2548 eiusdem
1326 2485 1390 2572 Sue

303 2580 485 2644 sanctitatis
502 2581 532 2642 in
550 2581 778 2660 rempublicam
804 2583 886 2645 ltauc
909 2582 1096 2646 litterariam
1113 2581 1389 2650 abundantissime

303 2688 334 2744 ct
350 2688 495 2742 recenter
515 2679 630 2743 collata
653 2679 822 2754 benelrcia;
846 2690 979 2760 agentes
1003 2679 1134 2760 insuper
1155 2681 1274 2761 gratias
1295 2682 1388 2747 illus·

304 2776 445 2864 trissime
473 2777 538 2864 Tne
568 2777 673 2864 Gratie
702 2786 764 2840 lam
792 2795 849 2856 pro
877 2778 938 2843 lton
964 2796 1058 2858 quam
1086 2797 1144 2860 pro
1171 2779 1242 2860 alijs
1267 2781 1386 2861 quibus

303 2875 551 2940 Uniuersitatem
568 2876 722 2940 lmctenus
738 2876 845 2942 allecil
861 2876 1043 2957 benellcijs;
1060 2888 1091 2941 et
1107 2877 1137 2940 in
1159 2878 1260 2942 vicum
1283 2878 1384 2943 Deum

303 2985 351 3038 ter
386 2974 545 3054 Optimum
581 2973 748 3038 blaximum
781 2974 965 3055 rogabimus
995 2984 1026 3038 rt
1055 2975 1198 3040 eamdem
1230 2976 1324 3040 nobis
1354 2987 1387 3042 el

304 3072 478 3160 reipublice
507 3071 682 3159 clnistiane
708 3089 802 3152 quam
829 3072 1010 3137 diutissime
1036 3081 1218 3140 conseruet.
1242 3075 1386 3156 Lemnii,

304 3173 356 3234 ta·
370 3171 519 3252 lebruarij
538 3171 630 3234 tnta.

468 3368 691 3456 illustrissime
706 3367 813 3455 Gratie
827 3368 892 3456 Tne
908 3368 1111 3434 deuotissimi

605 3567 722 3636 Reclor
737 3577 769 3633 el
786 3565 983 3634 Vniuersitas
1000 3567 1218 3634 lovaniensis.
