3100 4942
768 451 956 518 -lttc-

319 631 441 698 diocesi
463 631 665 708 attentarem,
682 631 720 697 ad
743 649 838 714 opus.
856 632 1034 714 proiectum
1056 640 1089 699 et
1109 631 1276 698 utilitatem
1301 639 1406 698 certo·

322 745 391 796 rum
412 727 640 800 venerabiiium
665 740 790 812 patrum
812 731 1017 798 dominorum
1041 731 1210 798 doctorum
1234 737 1267 796 et
1289 727 1406 812 magis·

322 837 445 896 trorum
467 827 520 910 qui
544 827 575 892 in
591 829 767 894 venerabili
789 831 999 898 uniuersitate
1021 829 1119 896 studii
1144 828 1177 894 iu
1199 828 1288 894 dicto
1309 827 1407 910 opido

322 925 514 994 Louaniensi
533 925 565 990 in
589 927 792 994 facultatibus
814 928 978 1011 requisitis
999 929 1107 1012 legent
1122 927 1239 994 tuturis
1255 923 1407 1006 tempori-

321 1023 382 1090 ltus
394 1034 427 1090 vt
438 1033 488 1090 est
500 1025 611 1100 moris,
627 1035 721 1106 prout
733 1026 793 1092 laec
804 1036 836 1094 et
851 1028 911 1092 alia
927 1027 960 1092 in
978 1028 1058 1107 ipsis
1073 1026 1190 1092 litteris
1206 1023 1407 1112 apostolicis,

320 1139 400 1204 quas
423 1123 475 1190 ltic
496 1123 605 1190 ltaberi
622 1125 770 1190 nolumus
794 1141 852 1205 pro
875 1126 1019 1202 insertis,
1037 1124 1164 1206 plenius
1187 1122 1409 1196 eontinentur,

321 1221 439 1286 luimus
455 1237 513 1303 pro
530 1231 619 1302 parte
634 1224 820 1290 eorumdem
843 1224 1182 1308 Burgimagistrurum,
1200 1220 1407 1288 scabinorum

321 1327 353 1385 et
374 1321 543 1386 consulum
565 1321 640 1386 dicti
663 1322 750 1402 opidi
774 1323 987 1389 bononiensis
1013 1322 1120 1388 debita
1145 1337 1222 1386 cum
1249 1318 1409 1385 instancia

307 1419 423 1500 *rogati
445 1428 479 1488 et
498 1420 644 1502 requisiti
660 1429 819 1502 quatenus
836 1422 1019 1488 huiusmodi
1037 1419 1292 1500 incorporationi
1308 1417 1410 1484 dicta·

307 1534 392 1584 -rum
405 1518 616 1584 ecclesiarum
629 1519 691 1586 sult
704 1531 813 1586 nostra
825 1520 1052 1600 jurisdictione
1067 1519 1317 1588 constitutarum
1335 1532 1412 1584 nos

322 1625 405 1682 trum
427 1617 616 1684 auctoritate
638 1619 800 1684 ordinaria
817 1629 927 1686 nostra
945 1619 1079 1700 prebere
1095 1618 1254 1684 vellemus
1269 1631 1412 1682 eonsen-

321 1731 393 1782 sum
410 1715 527 1796 pariter
542 1723 574 1782 el
589 1732 772 1782 assensum.
792 1717 872 1783 ilinc
889 1735 949 1784 nos
964 1718 1069 1784 eidem
1086 1715 1260 1782 venerabili
1278 1713 1410 1779 rainer·

321 1813 406 1878 sitati
429 1813 527 1880 studii
545 1815 767 1890 lucuniensis,
786 1816 817 1880 in
834 1832 895 1897 oua
912 1824 1022 1882 nostra
1045 1815 1244 1894 sumpsimus
1264 1811 1410 1883 exordia,

310 1911 409 1991 ,pium
439 1921 605 1993 gestantes
634 1913 789 1988 sanorem,
821 1915 967 1980 volentes
996 1915 1099 1980 eciam
1129 1911 1268 1978 ecclesie
1299 1919 1414 1982 nostre

322 2010 545 2077 camaracensi
577 2029 634 2093 pro
669 2029 766 2094 posse
803 2013 987 2094 prouidere,
1021 2030 1061 2078 nc
1097 2020 1229 2094 propter
1265 2019 1413 2082 nostrum

323 2109 466 2176 sanorem
493 2109 524 2174 in
548 2111 617 2176 suis
639 2111 767 2192 juribus
793 2112 960 2194 dispendia
988 2112 1138 2192 patiatur,
1163 2119 1285 2176 matura
1313 2124 1417 2190 super

325 2209 494 2289 premissis
516 2227 588 2275 curu
612 2210 751 2276 oonsilio
774 2211 1036 2293 jurisperitorum
1061 2209 1225 2291 prehabita
1252 2207 1414 2274 delibera·
1536 2279 1537 2290 χ

326 2307 425 2381 tione,
453 2309 637 2375 huiusmodi
663 2310 889 2392 supplicationi
915 2310 992 2375 dicti
1023 2309 1111 2391 opidi
1137 2318 1169 2374 et
1198 2308 1301 2389 ipsius
1328 2306 1415 2371 alme

310 2407 545 2473 uniuersitatis
567 2407 786 2474 commoditati
809 2409 1029 2474 lacerabiliter
1048 2407 1204 2484 inclinati,
1222 2405 1414 2488 incorpora·

324 2505 402 2570 lieni
419 2501 576 2572 dictarum
594 2507 805 2572 eeclesiarum
821 2508 862 2574 de
877 2507 969 2588 irps,
987 2509 1114 2582 lireolrt,
1131 2507 1172 2571 de
1187 2505 1307 2570 Boeme
1323 2513 1356 2570 ct
1371 2503 1412 2568 dc
1535 2589 1536 2594 ἵ

307 2603 427 2670 ¹Scclle
445 2604 538 2670 nobis
553 2605 753 2671 subditarum
770 2607 972 2688 quantumin
990 2605 1160 2678 cedisosi,
1179 2613 1325 2668 nostrum
1342 2619 1416 2685 prc-

324 2701 437 2767 bemus
452 2719 647 2770 consensum
665 2705 785 2785 pariter
806 2713 838 2770 et
853 2721 1036 2780 assensum,
1054 2704 1146 2769 salue
1162 2714 1267 2768 tamen
1290 2711 1414 2767 etcum

325 2802 563 2882 protestacione
585 2819 717 2884 pernes
739 2805 777 2867 ad
796 2804 858 2868 lroc
874 2803 1064 2869 solemniter
1086 2801 1217 2875 emissa,
1235 2800 1321 2882 quod
1339 2815 1415 2881 pre·

325 2901 522 2966 sentationes
544 2911 576 2967 et
597 2902 816 2969 institutiones
839 2903 1030 2969 vicariorum
1053 2903 1085 2966 in
1110 2901 1241 2984 prelatis
1263 2899 1417 2966 ecclesiis

327 2997 421 3064 nobis
437 2999 575 3064 subditis
591 3002 767 3066 secundum
785 3011 930 3068 tenorem
946 3001 1102 3066 dictarum
1118 3000 1297 3066 litterarum
1316 3015 1415 3080 apos-

309 3095 495 3163 tolicarum
512 3099 794 3174 instituendorum,
811 3101 864 3180 oui
882 3101 914 3165 in
930 3100 1027 3166 dictis
1043 3097 1299 3180 parrochialibus
1314 3097 1418 3163 eccle·

326 3196 384 3263 siis
399 3209 431 3264 et
446 3199 587 3281 qualibet
602 3201 787 3266 earumdem
804 3218 862 3280 pro
878 3201 990 3266 diuino
1006 3198 1113 3265 officio
1134 3197 1328 3269 exercendo.
1345 3197 1417 3260 ani-

327 3311 448 3362 marum
476 3313 551 3362 cura
577 3298 843 3375 administranda,
870 3297 1158 3364 sacramentalibus
1183 3295 1419 3361 ecclesiasticis
1533 3299 1534 3316 *

326 3393 592 3461 administrandis
608 3405 640 3461 et
651 3395 779 3477 juribus
796 3396 1027 3478 temporalibus
1042 3396 1128 3461 diota
1146 3393 1286 3460 ecclesie
1305 3403 1417 3461 nostre

328 3494 564 3573 persoluenda,
582 3495 795 3576 personaliter
808 3496 924 3562 iaciens
937 3495 1163 3568 residendum,
1178 3494 1211 3558 in
1224 3503 1418 3574 perpetuum

327 3591 367 3655 ad
383 3591 458 3657 illos
472 3593 664 3673 spectabunt
676 3603 709 3658 ct
724 3594 931 3675 pertinebunt
942 3594 981 3658 ad
998 3609 1081 3674 quos
1092 3603 1167 3657 ante
1179 3591 1417 3671 incorporatio-

329 3704 402 3754 nem
430 3691 604 3770 predictam
630 3702 778 3772 spectare
805 3691 964 3758 solebant.
994 3693 1151 3772 Quodque
1177 3689 1280 3770 iidem
1303 3688 1416 3754 vicarii

328 3786 423 3852 uobis
445 3797 476 3852 et
500 3789 747 3855 successoribus
770 3790 893 3856 nostris
915 3790 947 3854 in
969 3790 1055 3856 omni
1079 3788 1265 3872 pugnitione
1287 3805 1416 3854 correc-

327 3883 415 3950 tione
430 3894 462 3950 et
477 3887 690 3960 subiectione,
707 3905 745 3954 ac
761 3888 862 3953 eciam
886 3889 919 3952 in
936 3888 1087 3953 omuibus
1105 3887 1235 3970 iuribus
1257 3895 1417 3965 tempera·

314 3982 753 4059 -libns‚visitaoionescilicct
765 3987 1139 4069 expenstsspnodalieus
1151 3994 1183 4050 et
1194 3983 1417 4059 cathedratici,

330 4095 367 4146 ac
382 4081 624 4150 aliisonerilaus
640 4101 697 4166 per
712 4093 858 4151 rectores
872 4085 1083 4152 eeclesiarum
1106 4083 1321 4166 predictarum
1344 4083 1418 4148 hao-

316 4187 426 4246 tenus
447 4182 635 4249 sustentatis
655 4192 687 4248 et
708 4200 765 4265 per
784 4183 866 4249 alios
882 4189 1013 4248 curatos
1030 4181 1123 4249 nobis
1138 4180 1421 4246 subditos-deinde
