3222 4944
708 470 958 536 -ill-·

250 649 460 715 nouissimam
489 651 776 742 congregacionem
803 652 1023 718 vniucrsitutis
1049 654 1080 717 in
1105 654 1234 718 materia
1262 655 1335 736 nouj

250 749 358 830 statuti
385 757 461 814 tunc
482 749 631 830 publicatj
649 758 717 814 acta
742 751 880 815 luerunt.
899 751 936 816 Et
958 753 1031 834 quia
1056 753 1086 816 in
1111 753 1336 818 additamentis
1395 821 1400 828 ,

207 831 214 847 ‘
252 865 308 929 per
332 848 512 912 t'acultatem
541 849 646 930 legum
670 849 754 914 datis
781 859 810 914 et
833 851 930 913 certis
953 851 1024 931 alijs
1050 851 1156 931 dubiis
1185 853 1280 916 motis
1299 851 1333 932 jn

251 947 346 1012 modo
373 946 501 1027 tenendj
529 948 656 1022 tutelas,
678 947 717 1011 ad
745 949 874 1028 plenum
901 965 963 1013 non
992 959 1226 1026 conuenerunt,
1248 950 1333 1030 jdem

250 1045 400 1111 dominus
431 1046 589 1111 Robcrtus
625 1048 791 1127 proposuit
825 1049 909 1129 quod
940 1050 1067 1114 creceio
1103 1049 1272 1114 tutelarum
1305 1050 1334 1113 in

248 1162 367 1228 genere
390 1145 618 1226 publicaretur,
636 1153 666 1210 et
689 1146 843 1210 maturius
866 1147 1096 1212 deliberaretur
1112 1148 1152 1212 de
1170 1149 1289 1228 regulis
1305 1158 1336 1213 ct

248 1243 511 1309 ordinacionibus
534 1261 571 1309 ac
588 1245 683 1309 modo
708 1246 836 1326 tenendi
854 1247 981 1319 tutelas,
999 1256 1030 1311 et
1049 1263 1103 1312 eas
1120 1247 1279 1328 visitandi.
1297 1247 1335 1310 Et

245 1345 289 1424 jta
314 1343 432 1424 placuit
455 1343 665 1424 vttiuersitatj,
684 1355 716 1409 et
742 1344 826 1424 quod
850 1345 968 1427 singuli
993 1347 1161 1412 studentes
1178 1347 1208 1408 in
1233 1348 1333 1411 alteru

245 1441 365 1523 jnrium
396 1442 455 1506 sub
491 1441 598 1522 sigillo
628 1443 766 1508 rectorie
801 1443 927 1524 publice
955 1455 1146 1510 vocarentur
1180 1445 1219 1508 ad
1249 1445 1332 1509 diem

248 1543 323 1607 lune
346 1541 489 1623 proxime
512 1551 680 1606 venturum
702 1543 736 1624 jn
762 1543 932 1608 retentoria
953 1545 1083 1613 tratrem
1101 1543 1331 1608 deremitarum

147 1696 150 1701 .
248 1640 599 1722 augustinensem&
618 1640 662 1722 jta
686 1641 787 1721 vocati
816 1639 1017 1718 l'uerunt;'et
1036 1640 1157 1722 ibidem
1182 1643 1332 1706 dominus

167 1745 169 1752 ⁴
248 1741 408 1805 llobertus
420 1739 604 1804 huiusmodi
618 1739 817 1804 creceioncm
833 1742 1001 1805 tutelarum
1016 1744 1046 1803 in
1059 1741 1131 1820 jnre
1145 1741 1329 1820 publicauit,

216 1911 220 1922 Α
246 1849 277 1903 et
295 1859 351 1920 pro
375 1849 450 1904 tunc
472 1840 573 1904 eciam
599 1839 755 1920 publicata
779 1849 810 1903 et
833 1841 913 1904 lecta
938 1841 1065 1904 luerunt
1088 1849 1204 1903 stanna
1229 1841 1330 1904 mino·

247 1956 363 2003 rennes
404 1939 641 2003 concernentia.
683 1939 822 2018 tnsoper
859 1940 890 2002 in
926 1940 1036 2004 eadum
1074 1939 1331 2020 congregacione

247 2037 382 2101 lacunas
405 2037 486 2117 juris
510 2037 654 2118 cartonio]
681 2037 857 2102 nominauit
879 2038 1048 2118 deputatos
1071 2055 1161 2110 snos,
1183 2037 1330 2102 videlicet

248 2135 366 2200 dictum
390 2135 553 2200 dominum
579 2135 753 2200 ltobertum
774 2137 814 2202 de
838 2137 932 2214 Lacu,
952 2137 1136 2218 magistrum
1152 2135 1329 2201 lobannem

246 2234 440 2308 belhimo,
473 2235 658 2316 magistrum
688 2234 865 2300 lobanoem
897 2237 936 2300 de
967 2235 1053 2299 buna
1083 2245 1113 2298 et
1144 2235 1328 2312 magistrum

246 2334 478 2399 Theodericum
503 2335 542 2398 de
558 2333 760 2408 Viridiualle;
779 2335 913 2398 incultas
937 2351 1012 2398 vero
1035 2335 1149 2398 artium
1172 2334 1327 2398 decanum

245 2434 388 2498 eiusdem
402 2433 560 2498 facultatis
573 2434 759 2514 magistrum
773 2433 931 2514 tamardo
942 2435 1084 2498 Turnout
1098 2443 1128 2497 et
1142 2433 1326 2512 magistrum

245 2531 408 2597 Nicolaum
436 2534 475 2597 de
500 2531 659 2606 traiecto,
680 2533 717 2596 ad
745 2533 955 2596 ordinandum
985 2533 1112 2613 regulas
1139 2541 1169 2596 ct
1200 2531 1328 2594 modom

248 2631 374 2712 tenendj
402 2633 517 2696 tutelas
547 2643 607 2696 etc.
640 2631 793 2696 Similiter
819 2633 879 2696 alie
906 2632 1073 2696 facultates
1099 2631 1332 2695 cornmiscrunt

246 2731 378 2796 eandem
396 2747 461 2795 rem
479 2732 639 2812 deputatis
658 2749 714 2812 per
729 2731 892 2796 dominum
911 2742 1068 2795 rectorem
1086 2729 1250 2793 vocandis.

692 2900 761 2951 Acta
779 2896 981 2960 Universalem,
1000 2897 1044 2961 lV,
1061 2899 1108 2954 iol.
1129 2895 1160 2950 18
1175 2906 1200 2950 r⁰
1214 2901 1240 2950 el
1255 2903 1292 2952 v⁰.

288 3103 302 3166 l
320 3104 441 3166 octobre
457 3103 546 3167 tltt.
567 3103 715 3168 lleclorat
730 3103 769 3168 de
787 3103 931 3166 boninus
949 3102 1062 3167 llirnli.
1121 3125 1131 3157 a

285 3319 363 3396 lpso
393 3316 444 3381 die
474 3316 577 3380 sancti
609 3315 741 3396 Remigii
781 3325 853 3396 post
880 3315 1090 3380 collacionem
1128 3316 1240 3378 l'actam
1272 3331 1328 3393 per

246 3414 458 3478 venerabilem
486 3413 588 3476 virum
616 3415 803 3494 magistrum
825 3415 1002 3478 Jolrtnnem
1026 3412 1183 3477 llosclare
1212 3412 1327 3476 artium

246 3513 432 3594 magistrum
462 3522 494 3577 et
524 3512 554 3574 in
586 3529 676 3576 sacra
707 3513 867 3593 tlreologia
902 3511 1113 3576 baccalarium
1144 3510 1325 3585 formatum,

246 3628 369 3676 necnon
401 3611 654 3691 publicacionem
684 3621 877 3676 statutorum
903 3610 1133 3685 uniuersitatis,
1156 3620 1240 3674 tenta
1271 3610 1329 3673 luit

244 3711 458 3791 congregacio
475 3711 693 3775 uniuersitatis
710 3711 740 3773 in
758 3711 928 3775 ret‘cctorio
946 3710 1077 3773 tratrem
1094 3708 1325 3773 deremitarum

243 3809 542 3890 Augustinensiom.

282 4006 419 4088 insuper
435 4007 464 4069 in
482 4007 592 4071 eadem
616 4006 873 4086 congregacione
889 4005 1039 4070 dominos
1060 4013 1166 4070 rector
1180 4005 1329 4086 exposuit

243 4105 380 4186 qualiter
406 4122 422 4168 u
448 4123 508 4169 suo
532 4097 714 4168 immediate
741 4121 931 4185 precessore
955 4104 1156 4184 intellexerat
1181 4104 1265 4184 qood
1294 4104 1325 4166 in

245 4207 374 4268 materia
399 4206 567 4291 tutelarum
595 4214 771 4268 erectarum
795 4203 874 4267 alias
896 4203 959 4268 duc
983 4203 1160 4278 facultates,
1178 4201 1324 4269 videlicet
