3112 4942
588 477 752 542 ..qq-

104 655 307 738 Apostolica
332 657 426 723 nobis
449 657 582 723 turmam
606 666 637 722 et
652 655 830 722 secundum
856 654 1060 737 presencium
1085 663 1220 722 nosoc-

110 772 195 820 rum
212 768 427 838 processuum
442 755 681 822 continenciam
702 764 736 821 et
757 763 916 820 tenorem.
932 754 978 819 lta
999 763 1107 820 meu
1121 753 1217 836 qest

107 852 223 934 iidem
238 853 438 937 subdelrgati
455 854 558 920 nostri
577 853 675 920 nichil
693 854 727 918 in
749 852 960 936 preludiciam
976 851 1213 927 Vniuersitatis,

110 953 319 1034 recentium,
335 952 523 1034 legentium,
538 951 738 1020 undantium
753 952 803 1017 rel
824 951 1066 1033 suppositorum
1088 950 1215 1033 predic-

109 1050 460 1128 communitorios
476 1051 632 1130 ipsorum,
647 1067 704 1116 seu
722 1051 924 1133 presencium
941 1060 1126 1116 nostrorum
1140 1065 1214 1133 pro-

107 1165 279 1215 cessuum
295 1149 421 1215 calcent
440 1157 643 1232 attempterc;
669 1167 729 1216 nec
748 1149 834 1214 circa
854 1159 892 1215 ea
914 1165 1018 1230 neque
1037 1149 1124 1216 circa
1144 1163 1216 1231 pre-

107 1247 228 1314 dictus
243 1247 422 1313 sententies
439 1263 495 1328 per
515 1264 575 1312 uos
596 1248 676 1314 letes
697 1248 899 1314 absolueudu
913 1247 963 1312 uel
985 1248 1215 1329 suspendendo

109 1346 244 1429 aliquid
261 1347 441 1420 immutare,
459 1363 557 1427 super
571 1346 689 1428 quibus
704 1346 753 1412 eis
768 1353 799 1412 et
815 1361 926 1411 eorum
943 1345 1034 1411 elteri
1055 1345 1216 1412 omnimo-

111 1445 199 1509 dam
237 1451 427 1526 potestatem
464 1441 672 1526 denegamus.
703 1443 742 1510 lit
774 1444 802 1508 si
832 1444 996 1525 coritinqut
1026 1461 1087 1510 nos
1116 1457 1216 1526 super

117 1544 298 1626 premissis
323 1543 355 1608 in
381 1543 489 1626 aliquo
517 1543 712 1624 procedere.
737 1545 778 1609 de
803 1561 868 1626 quo
898 1543 993 1608 nobis
1023 1551 1212 1625 potestatem

111 1643 344 1710 omnimodum
357 1657 573 1719 reseruemus,
590 1659 654 1708 uun
666 1642 863 1707 intendimus
878 1649 1046 1723 propterea
1061 1641 1214 1706 commis·

118 1745 253 1808 sionem
270 1747 412 1806 nostram
429 1740 612 1806 huiusmodi
630 1741 661 1804 in
677 1739 784 1823 aliquo
799 1757 966 1816 reuocare,
984 1739 1046 1803 nisi
1062 1739 1102 1803 de
1118 1753 1213 1804 reuo-

119 1840 257 1906 catioue
285 1839 355 1919 ipsa
384 1839 557 1920 specialem
587 1849 619 1904 et
648 1855 834 1920 expressam
870 1839 902 1902 in
941 1837 1062 1903 nostris
1098 1837 1213 1902 litteris

116 1938 300 2005 fecerimus
316 1938 521 2004 mentionem.
537 1937 597 2002 Per
613 1953 802 2020 processum
818 1947 925 2004 autem
940 1947 1086 2002 nostrum
1104 1935 1213 2000 buius·

121 2036 212 2102 modi
240 2037 392 2102 nolumus
419 2053 479 2101 uec
500 2036 698 2102 intendimus
725 2036 846 2101 nostris
872 2035 903 2099 in
927 2035 1035 2118 aliquo
1057 2037 1214 2115 derogare

116 2133 359 2217 collegisque
375 2135 480 2200 minus
495 2135 557 2216 ipsi
573 2135 622 2199 rel
637 2151 750 2200 eorum
767 2135 858 2209 ulter,
875 2134 1013 2199 ecruutis
1028 2142 1133 2199 tamen
1151 2130 1213 2212 biis

123 2233 251 2298 uostris
270 2233 491 2314 processibus,
509 2233 635 2315 possint
655 2249 723 2298 seu·
730 2233 833 2314 possit
848 2233 881 2296 in
898 2232 1080 2298 buiusmodi
1096 2246 1213 2300 excoli·

122 2331 226 2398 tionis
242 2331 379 2412 negocio
394 2331 528 2397 ulterius
543 2332 720 2414 procedere
736 2349 793 2414 per
809 2349 845 2397 sc
859 2332 909 2398 vel
925 2331 1022 2397 alium
1038 2347 1095 2396 seu
1116 2330 1210 2404 abes,

122 2439 223 2511 prout
245 2429 327 2511 ipsis
344 2429 393 2496 uel
414 2447 526 2495 eorum
546 2430 637 2494 elteri
654 2431 756 2495 visum
779 2431 872 2496 luerit
892 2430 1055 2511 expedire.
1073 2427 1214 2496 Preietos

117 2545 256 2611 quoque
279 2529 403 2595 litteras
429 2529 625 2610 apostolicas
651 2539 682 2596 et
706 2531 766 2594 bos
789 2545 964 2612 processus
988 2537 1119 2594 nostrus
1139 2543 1213 2592 cum

118 2643 238 2692 mum
259 2627 402 2710 sequelis
424 2629 572 2694 volumus
599 2643 698 2709 penes
721 2628 968 2694 Vniuersitcteut
994 2626 1214 2707 supradictam

122 2741 304 2800 remouere.
321 2737 353 2791 et
370 2741 432 2790 nou
449 2741 507 2807 per
522 2743 581 2792 vos
596 2727 646 2792 vel
663 2727 800 2808 aliquem
818 2736 972 2802 vestrum,
990 2741 1047 2790 seu
1064 2723 1212 2806 quemuis

117 2823 233 2900 ulium,
252 2825 374 2906 absque
389 2825 459 2890 eius
481 2839 643 2891 consensu
668 2843 725 2892 seu
749 2826 819 2906 ipse
842 2825 955 2898 inuito,
972 2823 1214 2906 quomodolibet

118 2923 276 2988 detineri.
300 2923 502 2989 Contrarium
529 2941 605 2989 rero
632 2925 787 2992 incientes
810 2923 944 3006 prelatis
965 2922 1134 3004 sententiis
1156 2935 1214 3003 per

122 3039 185 3087 nos
207 3021 280 3087 latis
302 3023 450 3089 uolumus
472 3023 544 3103 ipso
567 3023 651 3088 lacto
672 3023 850 3088 subiacere.
870 3022 1113 3086 Absolutionem
1135 3035 1212 3086 vero

118 3121 266 3186 omnium
287 3131 321 3186 et
344 3121 545 3203 singulorum
569 3123 622 3204 qui
646 3122 785 3204 prelatas
808 3131 936 3186 nostras
960 3121 1137 3186 sententias
1160 3128 1213 3186 out

117 3235 234 3283 earum
249 3219 386 3300 aliquam
403 3219 597 3285 incurrerint
613 3237 743 3302 quoquo
760 3221 867 3296 modo,
882 3219 976 3284 uobis
988 3219 1038 3284 uel
1051 3217 1212 3300 superiori

122 3317 226 3382 nostri
243 3318 464 3384 tamtummodo
480 3335 696 3384 reseruemus.

162 3413 353 3496 inquorum
375 3417 518 3482 omnium
542 3427 573 3482 et
588 3417 791 3500 singulorum
818 3415 912 3482 iidem
936 3425 966 3482 et
992 3415 1210 3480 testimonium

118 3513 354 3594 premissorum
368 3523 534 3596 presentes
548 3516 671 3581 litteras
685 3517 755 3581 siue
768 3532 903 3597 presens
916 3513 1077 3596 publicum
1093 3514 1210 3578 instru-

120 3621 277 3690 mentum,
290 3613 473 3678 buiusmodi
488 3623 618 3679 nostros
636 3631 810 3696 processus
824 3615 854 3677 iu
872 3631 907 3679 se
919 3614 1124 3679 continentes
1139 3611 1210 3678 siue

115 3710 301 3787 continens,
317 3711 431 3778 exinde
447 3711 515 3778 lieri
532 3724 564 3778 et
580 3731 638 3794 per
652 3713 812 3778 notarium
824 3730 881 3778 seu
899 3712 1043 3778 notarios
1060 3711 1209 3792 publicos

117 3807 344 3890 infrascriptos
365 3811 526 3876 subscribi
550 3822 582 3876 ct
608 3811 763 3894 publicari
788 3811 1024 3886 mandauimus,
1041 3810 1209 3892 nostrique

114 3909 361 3976 conseruatorie
374 3909 472 3994 sigilli
484 3909 645 3990 jussimus
658 3909 856 3992 appensione
872 3908 1078 3974 communiri.
1094 3907 1207 3972 batum

116 4013 147 4069 et
171 4015 280 4071 actum
309 4007 450 4085 lmuauii,
474 4005 556 4072 infru
582 4008 700 4074 limites
727 4009 911 4090 monasterii
936 4007 1124 4090 supradicti,
1148 4006 1208 4072 sub

112 4119 234 4170 anuos
250 4106 415 4173 natiuitute
436 4107 559 4174 domiui
584 4107 755 4173 millesimo
780 4106 1099 4190 quadringentesimo
1122 4105 1205 4170 uice·

114 4204 199 4269 simo
224 4206 377 4285 septimo,
404 4205 580 4273 indictione
606 4206 726 4288 quinta,
753 4207 805 4272 die
830 4223 909 4272 vero
939 4206 1051 4270 martis
1081 4204 1207 4270 decima
1249 4222 1254 4236 ·

115 4303 240 4368 mensis
260 4303 360 4387 lunii,
378 4305 457 4370 bora
480 4306 583 4388 prime
605 4306 654 4372 vel
677 4305 819 4382 circiter,
840 4303 1046 4388 ponunestus
1067 4301 1207 4370 cuncus·
