<?xml version="1.0" encoding="UTF-8"?>
<!DOCTYPE html PUBLIC "-//W3C//DTD XHTML 1.0 Transitional//EN"
    "http://www.w3.org/TR/xhtml1/DTD/xhtml1-transitional.dtd">
<html xmlns="http://www.w3.org/1999/xhtml" xml:lang="en" lang="en">
 <head>
  <title>
</title>
<meta http-equiv="Content-Type" content="text/html;charset=utf-8" />
  <meta name='ocr-system' content='tesseract 3.04.00' />
  <meta name='ocr-capabilities' content='ocr_page ocr_carea ocr_par ocr_line ocrx_word'/>
</head>
<body>
  <div class='ocr_page' id='page_1' title='image "./documentsrelati00reusgoog_0247.png"; bbox 0 0 3194 4940; ppageno 0'>
   <div class='ocr_carea' id='block_1_1' title="bbox 675 425 859 490">
    <p class='ocr_par' dir='ltr' id='par_1_1' title="bbox 675 425 859 490">
     <span class='ocr_line' id='line_1_1' title="bbox 675 425 859 490; baseline 0.011 -18"><span class='ocrx_word' id='word_1_1' title='bbox 675 425 859 490; x_wconf 68' lang='lat'>..235-</span> 
     </span>
    </p>
   </div>
   <div class='ocr_carea' id='block_1_2' title="bbox 164 605 1368 1184">
    <p class='ocr_par' dir='ltr' id='par_1_2' title="bbox 214 605 1345 1086">
     <span class='ocr_line' id='line_1_2' title="bbox 215 605 1305 706; baseline 0.002 -34"><span class='ocrx_word' id='word_1_2' title='bbox 215 614 249 672; x_wconf 88' lang='lat' dir='ltr'><strong>et</strong></span> <span class='ocrx_word' id='word_1_3' title='bbox 270 623 288 670; x_wconf 88' lang='lat' dir='ltr'><strong>a</strong></span> <span class='ocrx_word' id='word_1_4' title='bbox 310 615 399 673; x_wconf 85' lang='lat' dir='ltr'><strong>eeete</strong></span> <span class='ocrx_word' id='word_1_5' title='bbox 422 606 464 672; x_wconf 82' lang='lat' dir='ltr'><strong>tin</strong></span> <span class='ocrx_word' id='word_1_6' title='bbox 488 606 559 673; x_wconf 81' lang='lat' dir='ltr'><strong>leun</strong></span> <span class='ocrx_word' id='word_1_7' title='bbox 581 605 716 689; x_wconf 72' lang='lat' dir='ltr'><strong>abijciet</strong></span> <span class='ocrx_word' id='word_1_8' title='bbox 738 606 887 706; x_wconf 61' lang='grc' dir='ltr'><strong>ηοεᾱίοιει</strong></span> <span class='ocrx_word' id='word_1_9' title='bbox 909 607 1021 673; x_wconf 77' lang='lat' dir='ltr'><strong>lettres</strong></span> <span class='ocrx_word' id='word_1_10' title='bbox 1048 616 1213 688; x_wconf 82' lang='lat' dir='ltr'><strong>patentes,</strong></span> <span class='ocrx_word' id='word_1_11' title='bbox 1240 625 1305 692; x_wconf 80' lang='lat' dir='ltr'><strong>que</strong></span> 
     </span>
     <span class='ocr_line' id='line_1_3' title="bbox 214 703 1307 788; baseline 0 -18"><span class='ocrx_word' id='word_1_12' title='bbox 214 704 348 771; x_wconf 82' lang='lat' dir='ltr'><strong>seeoita</strong></span> <span class='ocrx_word' id='word_1_13' title='bbox 364 705 435 772; x_wconf 85' lang='lat' dir='ltr'><strong>tenn</strong></span> <span class='ocrx_word' id='word_1_14' title='bbox 449 706 549 788; x_wconf 74' lang='lat' dir='ltr'><strong>grand</strong></span> <span class='ocrx_word' id='word_1_15' title='bbox 566 703 711 781; x_wconf 76' lang='lat' dir='ltr'><strong>interest,</strong></span> <span class='ocrx_word' id='word_1_16' title='bbox 726 721 808 772; x_wconf 87' lang='lat' dir='ltr'><strong>nens</strong></span> <span class='ocrx_word' id='word_1_17' title='bbox 824 705 1002 788; x_wconf 72' lang='lat' dir='ltr'><strong>renuerans</strong></span> <span class='ocrx_word' id='word_1_18' title='bbox 1018 722 1075 771; x_wconf 82' lang='lat' dir='ltr'><strong>sur</strong></span> <span class='ocrx_word' id='word_1_19' title='bbox 1090 723 1129 774; x_wconf 85' lang='lat' dir='ltr'><strong>ne</strong></span> <span class='ocrx_word' id='word_1_20' title='bbox 1144 707 1192 772; x_wconf 85' lang='lat' dir='ltr'><strong>tea</strong></span> <span class='ocrx_word' id='word_1_21' title='bbox 1210 724 1307 788; x_wconf 81' lang='lat' dir='ltr'><strong>ponn-</strong></span> 
     </span>
     <span class='ocr_line' id='line_1_4' title="bbox 218 803 1307 886; baseline -0.001 -15"><span class='ocrx_word' id='word_1_22' title='bbox 218 805 320 871; x_wconf 83' lang='lat' dir='ltr'><strong>ueein.</strong></span> <span class='ocrx_word' id='word_1_23' title='bbox 340 803 426 870; x_wconf 80' lang='lat' dir='ltr'><strong>Pone</strong></span> <span class='ocrx_word' id='word_1_24' title='bbox 440 821 478 872; x_wconf 87' lang='lat' dir='ltr'><strong>ee</strong></span> <span class='ocrx_word' id='word_1_25' title='bbox 493 813 544 870; x_wconf 88' lang='lat' dir='ltr'><strong>est</strong></span> <span class='ocrx_word' id='word_1_26' title='bbox 558 804 581 870; x_wconf 86' lang='lat' dir='ltr'><strong>it</strong></span> <span class='ocrx_word' id='word_1_27' title='bbox 596 821 660 886; x_wconf 82' lang='lat' dir='ltr'><strong>que</strong></span> <span class='ocrx_word' id='word_1_28' title='bbox 676 821 776 882; x_wconf 86' lang='lat' dir='ltr'><strong>nous,</strong></span> <span class='ocrx_word' id='word_1_29' title='bbox 793 805 843 872; x_wconf 84' lang='lat' dir='ltr'><strong>ies</strong></span> <span class='ocrx_word' id='word_1_30' title='bbox 858 805 977 872; x_wconf 84' lang='lat' dir='ltr'>choses</span> <span class='ocrx_word' id='word_1_31' title='bbox 988 805 1214 872; x_wconf 67' lang='lat' dir='ltr'><strong>‚nessusdietea</strong></span> <span class='ocrx_word' id='word_1_32' title='bbox 1228 822 1307 872; x_wconf 86' lang='lat' dir='ltr'><strong>eon·</strong></span> 
     </span>
     <span class='ocr_line' id='line_1_5' title="bbox 217 897 1307 987; baseline 0.002 -19"><span class='ocrx_word' id='word_1_33' title='bbox 217 902 375 978; x_wconf 81' lang='lat' dir='ltr'><strong>sidenees,</strong></span> <span class='ocrx_word' id='word_1_34' title='bbox 392 918 409 966; x_wconf 92' lang='lat' dir='ltr'><strong>a</strong></span> <span class='ocrx_word' id='word_1_35' title='bbox 426 902 531 968; x_wconf 85' lang='lat' dir='ltr'><strong>inentx</strong></span> <span class='ocrx_word' id='word_1_36' title='bbox 546 902 715 984; x_wconf 77' lang='lat' dir='ltr'><strong>supptians</strong></span> <span class='ocrx_word' id='word_1_37' title='bbox 732 897 925 970; x_wconf 81' lang='lat' dir='ltr'><strong>inctinansa</strong></span> <span class='ocrx_word' id='word_1_38' title='bbox 948 901 1123 970; x_wconf 86' lang='lat' dir='ltr'><strong>lennsdiete</strong></span> <span class='ocrx_word' id='word_1_39' title='bbox 1145 903 1307 987; x_wconf 75' lang='lat' dir='ltr'><strong>supplies·</strong></span> 
     </span>
     <span class='ocr_line' id='line_1_6' title="bbox 217 1001 1345 1086; baseline 0.001 -20"><span class='ocrx_word' id='word_1_40' title='bbox 217 1001 297 1072; x_wconf 86' lang='lat' dir='ltr'><strong>tien.</strong></span> <span class='ocrx_word' id='word_1_41' title='bbox 314 1003 443 1068; x_wconf 79' lang='lat' dir='ltr'><strong>attende</strong></span> <span class='ocrx_word' id='word_1_42' title='bbox 460 1009 673 1070; x_wconf 84' lang='lat' dir='ltr'><strong>mesmenent</strong></span> <span class='ocrx_word' id='word_1_43' title='bbox 685 1019 747 1084; x_wconf 85' lang='lat' dir='ltr'><strong>que</strong></span> <span class='ocrx_word' id='word_1_44' title='bbox 761 1001 918 1082; x_wconf 77' lang='lat' dir='ltr'><strong>teadietea</strong></span> <span class='ocrx_word' id='word_1_45' title='bbox 929 1001 1096 1070; x_wconf 80' lang='lat' dir='ltr'><strong>tettresde</strong></span> <span class='ocrx_word' id='word_1_46' title='bbox 1108 1003 1306 1076; x_wconf 82' lang='lat' dir='ltr'><strong>nominatinn</strong></span> <span class='ocrx_word' id='word_1_47' title='bbox 1342 1081 1345 1086; x_wconf 22' lang='lat'>¹</span> 
     </span>
    </p>

    <p class='ocr_par' dir='ltr' id='par_1_3' title="bbox 164 1093 1368 1184">
     <span class='ocr_line' id='line_1_7' title="bbox 164 1093 1368 1184; baseline -0.002 -14"><span class='ocrx_word' id='word_1_48' title='bbox 164 1161 170 1170; x_wconf 87' lang='lat'>.</span> <span class='ocrx_word' id='word_1_49' title='bbox 215 1109 274 1175; x_wconf 85' lang='lat' dir='ltr'><strong>ent</strong></span> <span class='ocrx_word' id='word_1_50' title='bbox 288 1093 438 1182; x_wconf 79' lang='lat' dir='ltr'><strong>despieea</strong></span> <span class='ocrx_word' id='word_1_51' title='bbox 455 1117 512 1182; x_wconf 83' lang='lat' dir='ltr'><strong>nar</strong></span> <span class='ocrx_word' id='word_1_52' title='bbox 526 1101 600 1166; x_wconf 84' lang='lat' dir='ltr'><strong>eulx</strong></span> <span class='ocrx_word' id='word_1_53' title='bbox 614 1105 683 1166; x_wconf 84' lang='lat' dir='ltr'><strong>este</strong></span> <span class='ocrx_word' id='word_1_54' title='bbox 697 1097 856 1177; x_wconf 65' lang='lat' dir='ltr'><strong>attenues</strong></span> <span class='ocrx_word' id='word_1_55' title='bbox 869 1101 1024 1168; x_wconf 76' lang='lat' dir='ltr'><strong>etnnoiet</strong></span> <span class='ocrx_word' id='word_1_56' title='bbox 1044 1117 1062 1166; x_wconf 86' lang='lat' dir='ltr'><strong>e</strong></span> <span class='ocrx_word' id='word_1_57' title='bbox 1084 1102 1159 1168; x_wconf 85' lang='lat' dir='ltr'><strong>eutx</strong></span> <span class='ocrx_word' id='word_1_58' title='bbox 1180 1101 1310 1184; x_wconf 69' lang='lat' dir='ltr'><strong>nentin-</strong></span> <span class='ocrx_word' id='word_1_59' title='bbox 1363 1129 1368 1136; x_wconf 94' lang='lat'><strong>·</strong></span> 
     </span>
    </p>
   </div>
   <div class='ocr_carea' id='block_1_3' title="bbox 216 1198 1488 1286">
    <p class='ocr_par' dir='ltr' id='par_1_4' title="bbox 216 1198 1488 1286">
     <span class='ocr_line' id='line_1_8' title="bbox 216 1198 1488 1286; baseline 0.002 -22"><span class='ocrx_word' id='word_1_60' title='bbox 216 1215 320 1282; x_wconf 82' lang='lat' dir='ltr'><strong>anons</strong></span> <span class='ocrx_word' id='word_1_61' title='bbox 339 1199 537 1266; x_wconf 78' lang='lat' dir='ltr'><strong>dentaireet</strong></span> <span class='ocrx_word' id='word_1_62' title='bbox 557 1198 742 1284; x_wconf 77' lang='lat' dir='ltr'><strong>deeiainons</strong></span> <span class='ocrx_word' id='word_1_63' title='bbox 766 1207 952 1286; x_wconf 39' lang='lat' dir='ltr'><strong>nar‘eestes</strong></span> <span class='ocrx_word' id='word_1_64' title='bbox 976 1216 1061 1268; x_wconf 90' lang='lat' dir='ltr'><strong>nous</strong></span> <span class='ocrx_word' id='word_1_65' title='bbox 1084 1208 1182 1266; x_wconf 84' lang='lat' dir='ltr'><strong>auant</strong></span> <span class='ocrx_word' id='word_1_66' title='bbox 1203 1200 1308 1274; x_wconf 77' lang='lat' dir='ltr'><strong>diates</strong></span> <span class='ocrx_word' id='word_1_67' title='bbox 1389 1247 1393 1254; x_wconf 84' lang='lat'><em>-</em></span> <span class='ocrx_word' id='word_1_68' title='bbox 1483 1241 1488 1248; x_wconf 91' lang='lat'>·</span> 
     </span>
    </p>
   </div>
   <div class='ocr_carea' id='block_1_4' title="bbox 216 1297 1309 1872">
    <p class='ocr_par' dir='ltr' id='par_1_5' title="bbox 216 1297 1309 1872">
     <span class='ocr_line' id='line_1_9' title="bbox 216 1297 1308 1388; baseline 0.003 -27"><span class='ocrx_word' id='word_1_69' title='bbox 216 1297 329 1364; x_wconf 77' lang='lat' dir='ltr'><strong>lettres</strong></span> <span class='ocrx_word' id='word_1_70' title='bbox 345 1306 491 1378; x_wconf 81' lang='lat' dir='ltr'><strong>patentes</strong></span> <span class='ocrx_word' id='word_1_71' title='bbox 508 1314 570 1364; x_wconf 85' lang='lat' dir='ltr'><strong>non</strong></span> <span class='ocrx_word' id='word_1_72' title='bbox 587 1315 623 1364; x_wconf 88' lang='lat' dir='ltr'><strong>se</strong></span> <span class='ocrx_word' id='word_1_73' title='bbox 638 1297 792 1365; x_wconf 79' lang='lat' dir='ltr'><strong>extendre</strong></span> <span class='ocrx_word' id='word_1_74' title='bbox 816 1315 856 1363; x_wconf 89' lang='lat' dir='ltr'><strong>ne</strong></span> <span class='ocrx_word' id='word_1_75' title='bbox 877 1297 993 1364; x_wconf 81' lang='lat' dir='ltr'><strong>deuoir</strong></span> <span class='ocrx_word' id='word_1_76' title='bbox 1016 1297 1212 1379; x_wconf 81' lang='lat' dir='ltr'><strong>pneiudinien</strong></span> <span class='ocrx_word' id='word_1_77' title='bbox 1230 1315 1308 1388; x_wconf 65' lang='lat' dir='ltr'><strong>tute</strong></span> 
     </span>
     <span class='ocr_line' id='line_1_10' title="bbox 218 1396 1308 1481; baseline -0.001 -19"><span class='ocrx_word' id='word_1_78' title='bbox 218 1397 303 1464; x_wconf 84' lang='lat' dir='ltr'><strong>diets</strong></span> <span class='ocrx_word' id='word_1_79' title='bbox 322 1397 544 1464; x_wconf 78' lang='lat' dir='ltr'><strong>nominatione</strong></span> <span class='ocrx_word' id='word_1_80' title='bbox 566 1397 711 1463; x_wconf 82' lang='lat' dir='ltr'><strong>desdints</strong></span> <span class='ocrx_word' id='word_1_81' title='bbox 733 1413 908 1481; x_wconf 79' lang='lat' dir='ltr'><strong>exposans,</strong></span> <span class='ocrx_word' id='word_1_82' title='bbox 927 1396 1008 1476; x_wconf 85' lang='lat' dir='ltr'><strong>mais</strong></span> <span class='ocrx_word' id='word_1_83' title='bbox 1028 1397 1141 1464; x_wconf 86' lang='lat' dir='ltr'><strong>ieeties</strong></span> <span class='ocrx_word' id='word_1_84' title='bbox 1161 1397 1308 1467; x_wconf 87' lang='lat' dir='ltr'><strong>nomina·</strong></span> 
     </span>
     <span class='ocr_line' id='line_1_11' title="bbox 217 1494 1309 1574; baseline 0.001 -13"><span class='ocrx_word' id='word_1_85' title='bbox 217 1496 303 1561; x_wconf 89' lang='lat' dir='ltr'><strong>tions</strong></span> <span class='ocrx_word' id='word_1_86' title='bbox 314 1496 390 1562; x_wconf 84' lang='lat' dir='ltr'><strong>teun</strong></span> <span class='ocrx_word' id='word_1_87' title='bbox 403 1505 491 1564; x_wconf 85' lang='lat' dir='ltr'><strong>estre</strong></span> <span class='ocrx_word' id='word_1_88' title='bbox 512 1505 544 1562; x_wconf 90' lang='lat' dir='ltr'><strong>et</strong></span> <span class='ocrx_word' id='word_1_89' title='bbox 559 1496 729 1561; x_wconf 80' lang='lat' dir='ltr'><strong>dementer</strong></span> <span class='ocrx_word' id='word_1_90' title='bbox 745 1496 810 1561; x_wconf 87' lang='lat' dir='ltr'><strong>dun</strong></span> <span class='ocrx_word' id='word_1_91' title='bbox 827 1497 869 1560; x_wconf 89' lang='lat' dir='ltr'><strong>tei</strong></span> <span class='ocrx_word' id='word_1_92' title='bbox 886 1494 982 1562; x_wconf 74' lang='lat' dir='ltr'><strong>effect</strong></span> <span class='ocrx_word' id='word_1_93' title='bbox 997 1504 1029 1562; x_wconf 91' lang='lat' dir='ltr'><strong>et</strong></span> <span class='ocrx_word' id='word_1_94' title='bbox 1043 1495 1166 1574; x_wconf 73' lang='lat' dir='ltr'><strong>vatent,</strong></span> <span class='ocrx_word' id='word_1_95' title='bbox 1181 1511 1309 1564; x_wconf 83' lang='lat' dir='ltr'><strong>nomme</strong></span> 
     </span>
     <span class='ocr_line' id='line_1_12' title="bbox 219 1594 1307 1678; baseline 0.001 -17"><span class='ocrx_word' id='word_1_96' title='bbox 219 1594 299 1662; x_wconf 84' lang='lat' dir='ltr'><strong>elles</strong></span> <span class='ocrx_word' id='word_1_97' title='bbox 314 1595 454 1660; x_wconf 89' lang='lat' dir='ltr'><strong>estoient</strong></span> <span class='ocrx_word' id='word_1_98' title='bbox 469 1603 668 1676; x_wconf 78' lang='lat' dir='ltr'><strong>anpaaeuant</strong></span> <span class='ocrx_word' id='word_1_99' title='bbox 691 1594 919 1678; x_wconf 78' lang='lat' dir='ltr'><strong>l&#39;irnnetration</strong></span> <span class='ocrx_word' id='word_1_100' title='bbox 942 1595 984 1661; x_wconf 89' lang='lat' dir='ltr'><strong>de</strong></span> <span class='ocrx_word' id='word_1_101' title='bbox 1007 1595 1307 1672; x_wconf 80' lang='lat' dir='ltr'><strong>noadintes-tettnes</strong></span> 
     </span>
     <span class='ocr_line' id='line_1_13' title="bbox 218 1693 1308 1776; baseline -0.004 -12"><span class='ocrx_word' id='word_1_102' title='bbox 218 1701 380 1773; x_wconf 72' lang='lat' dir='ltr'><strong>¹tenentes.</strong></span> <span class='ocrx_word' id='word_1_103' title='bbox 396 1693 429 1758; x_wconf 90' lang='lat' dir='ltr'><strong>Si</strong></span> <span class='ocrx_word' id='word_1_104' title='bbox 445 1709 525 1758; x_wconf 88' lang='lat' dir='ltr'><strong>vous</strong></span> <span class='ocrx_word' id='word_1_105' title='bbox 548 1693 707 1758; x_wconf 85' lang='lat' dir='ltr'><strong>mandens</strong></span> <span class='ocrx_word' id='word_1_106' title='bbox 729 1710 791 1775; x_wconf 80' lang='lat' dir='ltr'><strong>qne</strong></span> <span class='ocrx_word' id='word_1_107' title='bbox 803 1693 854 1776; x_wconf 81' lang='lat' dir='ltr'><strong>¹‹ie</strong></span> <span class='ocrx_word' id='word_1_108' title='bbox 870 1702 981 1759; x_wconf 81' lang='lat' dir='ltr'><strong>nostre</strong></span> <span class='ocrx_word' id='word_1_109' title='bbox 997 1694 1308 1775; x_wconf 77' lang='lat' dir='ltr'><strong>presentedeeiana·</strong></span> 
     </span>
     <span class='ocr_line' id='line_1_14' title="bbox 222 1791 1308 1872; baseline 0.005 -16"><span class='ocrx_word' id='word_1_110' title='bbox 222 1792 301 1868; x_wconf 85' lang='lat' dir='ltr'><strong>tion,</strong></span> <span class='ocrx_word' id='word_1_111' title='bbox 318 1792 409 1858; x_wconf 87' lang='lat' dir='ltr'><strong>selon</strong></span> <span class='ocrx_word' id='word_1_112' title='bbox 432 1801 465 1858; x_wconf 90' lang='lat' dir='ltr'><strong>et</strong></span> <span class='ocrx_word' id='word_1_113' title='bbox 481 1807 538 1872; x_wconf 79' lang='lat' dir='ltr'><strong>pan</strong></span> <span class='ocrx_word' id='word_1_114' title='bbox 553 1791 582 1856; x_wconf 88' lang='lat' dir='ltr'><strong>ia</strong></span> <span class='ocrx_word' id='word_1_115' title='bbox 598 1791 739 1858; x_wconf 86' lang='lat' dir='ltr'><strong>maniene</strong></span> <span class='ocrx_word' id='word_1_116' title='bbox 753 1791 850 1870; x_wconf 86' lang='lat' dir='ltr'><strong>diets,</strong></span> <span class='ocrx_word' id='word_1_117' title='bbox 868 1808 949 1858; x_wconf 86' lang='lat' dir='ltr'><strong>vous</strong></span> <span class='ocrx_word' id='word_1_118' title='bbox 964 1801 998 1860; x_wconf 88' lang='lat' dir='ltr'><strong>et</strong></span> <span class='ocrx_word' id='word_1_119' title='bbox 1012 1791 1156 1858; x_wconf 81' lang='lat' dir='ltr'><strong>chasnen</strong></span> <span class='ocrx_word' id='word_1_120' title='bbox 1170 1793 1211 1859; x_wconf 85' lang='lat' dir='ltr'><strong>de</strong></span> <span class='ocrx_word' id='word_1_121' title='bbox 1227 1809 1308 1860; x_wconf 80' lang='lat' dir='ltr'><strong>vous</strong></span> 
     </span>
    </p>
   </div>
   <div class='ocr_carea' id='block_1_5' title="bbox 220 1889 1316 2463">
    <p class='ocr_par' dir='ltr' id='par_1_6' title="bbox 220 1889 1316 2370">
     <span class='ocr_line' id='line_1_15' title="bbox 224 1889 1313 1974; baseline 0.001 -17"><span class='ocrx_word' id='word_1_122' title='bbox 224 1907 265 1957; x_wconf 91' lang='lat' dir='ltr'><strong>en</strong></span> <span class='ocrx_word' id='word_1_123' title='bbox 280 1907 341 1958; x_wconf 85' lang='lat' dir='ltr'><strong>son</strong></span> <span class='ocrx_word' id='word_1_124' title='bbox 362 1891 475 1974; x_wconf 73' lang='lat' dir='ltr'><strong>regand</strong></span> <span class='ocrx_word' id='word_1_125' title='bbox 500 1890 612 1956; x_wconf 80' lang='lat' dir='ltr'><strong>saintes</strong></span> <span class='ocrx_word' id='word_1_126' title='bbox 634 1899 666 1956; x_wconf 89' lang='lat' dir='ltr'><strong>et</strong></span> <span class='ocrx_word' id='word_1_127' title='bbox 689 1889 828 1956; x_wconf 81' lang='lat' dir='ltr'><strong>snuffrez</strong></span> <span class='ocrx_word' id='word_1_128' title='bbox 851 1891 983 1956; x_wconf 84' lang='lat' dir='ltr'><strong>lesdiets</strong></span> <span class='ocrx_word' id='word_1_129' title='bbox 1005 1907 1167 1974; x_wconf 84' lang='lat' dir='ltr'><strong>exposans</strong></span> <span class='ocrx_word' id='word_1_130' title='bbox 1191 1891 1313 1973; x_wconf 78' lang='lat' dir='ltr'><strong>pieine·</strong></span> 
     </span>
     <span class='ocr_line' id='line_1_16' title="bbox 222 1988 1313 2070; baseline 0.001 -16"><span class='ocrx_word' id='word_1_131' title='bbox 222 1999 310 2056; x_wconf 88' lang='lat' dir='ltr'><strong>ment</strong></span> <span class='ocrx_word' id='word_1_132' title='bbox 325 1999 357 2054; x_wconf 85' lang='lat' dir='ltr'><strong>et</strong></span> <span class='ocrx_word' id='word_1_133' title='bbox 373 1989 603 2070; x_wconf 70' lang='lat' dir='ltr'><strong>paysiblement</strong></span> <span class='ocrx_word' id='word_1_134' title='bbox 619 1988 703 2054; x_wconf 76' lang='lat' dir='ltr'><strong>ionia</strong></span> <span class='ocrx_word' id='word_1_135' title='bbox 718 1999 749 2054; x_wconf 89' lang='lat' dir='ltr'><strong>et</strong></span> <span class='ocrx_word' id='word_1_136' title='bbox 765 2005 850 2056; x_wconf 82' lang='lat' dir='ltr'><strong>aser.</strong></span> <span class='ocrx_word' id='word_1_137' title='bbox 868 1988 1008 2056; x_wconf 79' lang='lat' dir='ltr'><strong>cessans</strong></span> <span class='ocrx_word' id='word_1_138' title='bbox 1027 1999 1101 2056; x_wconf 87' lang='lat' dir='ltr'><strong>tous</strong></span> <span class='ocrx_word' id='word_1_139' title='bbox 1115 1990 1313 2056; x_wconf 78' lang='lat' dir='ltr'><strong>eonnenieta</strong></span> 
     </span>
     <span class='ocr_line' id='line_1_17' title="bbox 223 2087 1316 2182; baseline 0 -28"><span class='ocrx_word' id='word_1_140' title='bbox 223 2096 256 2154; x_wconf 94' lang='lat' dir='ltr'><strong>et</strong></span> <span class='ocrx_word' id='word_1_141' title='bbox 277 2089 556 2169; x_wconf 79' lang='lat' dir='ltr'><strong>empesenemens.</strong></span> <span class='ocrx_word' id='word_1_142' title='bbox 574 2092 635 2150; x_wconf 82' lang='lat' dir='ltr'><strong>Can</strong></span> <span class='ocrx_word' id='word_1_143' title='bbox 656 2087 737 2152; x_wconf 83' lang='lat' dir='ltr'><strong>ainsi</strong></span> <span class='ocrx_word' id='word_1_144' title='bbox 756 2104 838 2154; x_wconf 86' lang='lat' dir='ltr'><strong>nous</strong></span> <span class='ocrx_word' id='word_1_145' title='bbox 855 2087 950 2168; x_wconf 82' lang='lat' dir='ltr'><strong>plaist</strong></span> <span class='ocrx_word' id='word_1_146' title='bbox 966 2087 1000 2151; x_wconf 89' lang='lat' dir='ltr'><strong>it.</strong></span> <span class='ocrx_word' id='word_1_147' title='bbox 1020 2088 1133 2154; x_wconf 85' lang='lat' dir='ltr'><strong>Denne</strong></span> <span class='ocrx_word' id='word_1_148' title='bbox 1147 2106 1186 2154; x_wconf 91' lang='lat' dir='ltr'><strong>en</strong></span> <span class='ocrx_word' id='word_1_149' title='bbox 1205 2097 1316 2182; x_wconf 78' lang='lat' dir='ltr'><strong>nostre</strong></span> 
     </span>
     <span class='ocr_line' id='line_1_18' title="bbox 224 2184 1313 2268; baseline 0.002 -20"><span class='ocrx_word' id='word_1_150' title='bbox 224 2187 299 2252; x_wconf 84' lang='lat' dir='ltr'><strong>viiie</strong></span> <span class='ocrx_word' id='word_1_151' title='bbox 315 2187 485 2260; x_wconf 70' lang='lat' dir='ltr'><strong>d&#39;etnuens</strong></span> <span class='ocrx_word' id='word_1_152' title='bbox 504 2187 533 2251; x_wconf 89' lang='lat' dir='ltr'><strong>le</strong></span> <span class='ocrx_word' id='word_1_153' title='bbox 548 2195 619 2250; x_wconf 79' lang='lat' dir='ltr'><strong>xxv·</strong></span> <span class='ocrx_word' id='word_1_154' title='bbox 631 2184 707 2267; x_wconf 82' lang='lat' dir='ltr'><strong>joun</strong></span> <span class='ocrx_word' id='word_1_155' title='bbox 721 2185 888 2251; x_wconf 78' lang='lat' dir='ltr'><strong>d&#39;ontobre</strong></span> <span class='ocrx_word' id='word_1_156' title='bbox 905 2185 954 2250; x_wconf 85' lang='lat' dir='ltr'><strong>lan</strong></span> <span class='ocrx_word' id='word_1_157' title='bbox 972 2187 1014 2252; x_wconf 85' lang='lat' dir='ltr'><strong>de</strong></span> <span class='ocrx_word' id='word_1_158' title='bbox 1028 2204 1125 2268; x_wconf 79' lang='lat' dir='ltr'><strong>grace</strong></span> <span class='ocrx_word' id='word_1_159' title='bbox 1149 2187 1204 2252; x_wconf 88' lang='lat' dir='ltr'><strong>mit</strong></span> <span class='ocrx_word' id='word_1_160' title='bbox 1225 2203 1313 2254; x_wconf 84' lang='lat' dir='ltr'><strong>eene.</strong></span> 
     </span>
     <span class='ocr_line' id='line_1_19' title="bbox 220 2285 1303 2370; baseline -0.005 -20"><span class='ocrx_word' id='word_1_161' title='bbox 220 2295 348 2364; x_wconf 79' lang='lat' dir='ltr'><strong>euattne</strong></span> <span class='ocrx_word' id='word_1_162' title='bbox 364 2285 470 2366; x_wconf 80' lang='lat' dir='ltr'><strong>vingts</strong></span> <span class='ocrx_word' id='word_1_163' title='bbox 486 2294 517 2348; x_wconf 90' lang='lat' dir='ltr'><strong>et</strong></span> <span class='ocrx_word' id='word_1_164' title='bbox 532 2293 671 2370; x_wconf 82' lang='lat' dir='ltr'><strong>qnattne.</strong></span> <span class='ocrx_word' id='word_1_165' title='bbox 1299 2341 1303 2360; x_wconf 86' lang='lat'><em>,</em></span> 
     </span>
    </p>

    <p class='ocr_par' dir='ltr' id='par_1_7' title="bbox 266 2382 1312 2463">
     <span class='ocr_line' id='line_1_20' title="bbox 266 2382 1312 2463; baseline 0.006 -17"><span class='ocrx_word' id='word_1_166' title='bbox 266 2383 325 2447; x_wconf 80' lang='lat' dir='ltr'><strong>Pan</strong></span> <span class='ocrx_word' id='word_1_167' title='bbox 339 2384 568 2463; x_wconf 79' lang='lat' dir='ltr'><strong>monseignenn</strong></span> <span class='ocrx_word' id='word_1_168' title='bbox 580 2382 756 2446; x_wconf 83' lang='lat' dir='ltr'><strong>t&#39;anonidne</strong></span> <span class='ocrx_word' id='word_1_169' title='bbox 771 2399 787 2444; x_wconf 89' lang='lat' dir='ltr'><strong>a</strong></span> <span class='ocrx_word' id='word_1_170' title='bbox 804 2392 914 2446; x_wconf 78' lang='lat' dir='ltr'><strong>vostre</strong></span> <span class='ocrx_word' id='word_1_171' title='bbox 932 2383 1091 2448; x_wconf 71' lang='lat' dir='ltr'><strong>natatione</strong></span> <span class='ocrx_word' id='word_1_172' title='bbox 1112 2383 1146 2448; x_wconf 82' lang='grc' dir='ltr'><strong>Β.</strong></span> <span class='ocrx_word' id='word_1_173' title='bbox 1161 2384 1312 2452; x_wconf 61' lang='lat' dir='ltr'><strong>Laenas:-</strong></span> 
     </span>
    </p>
   </div>
   <div class='ocr_carea' id='block_1_6' title="bbox 0 0 1612 4940">
    <p class='ocr_par' dir='ltr' id='par_1_8' title="bbox 0 0 1612 4940">
     <span class='ocr_line' id='line_1_21' title="bbox 0 0 1612 4940; baseline 0 0"><span class='ocrx_word' id='word_1_174' title='bbox 0 0 1612 4940; x_wconf 95' lang='lat' dir='ltr'><strong> </strong></span> 
     </span>
    </p>
   </div>
  </div>
 </body>
</html>
