3246 4944
749 397 871 464 -636
892 434 931 446 -

296 588 449 662 aptusque
476 589 673 662 promoveat,
703 597 765 646 non
794 589 856 644 tam
886 581 1033 662 personis
1063 597 1157 661 onam
1188 581 1319 646 selvolae
1349 589 1385 646 et

295 678 489 760 reipublicae
506 678 587 744 bene
604 679 814 760 providendo.
838 679 884 744 nd
902 696 994 761 quem
1017 677 1112 745 linem
1140 679 1328 744 ordinamus
1351 690 1385 746 ut

297 795 467 859 numquam
494 777 532 841 ad
558 777 695 860 aliquam
723 777 893 843 lectionem
921 777 1148 844 conterendam
1178 779 1384 860 magistratus

297 877 459 958 procedat,
488 877 547 942 nisi
575 878 663 958 prins
690 877 788 961 (quod
817 887 848 942 et
881 895 938 944 nos
968 877 1191 960 observamus)
1222 878 1319 960 petito
1350 887 1384 944 et

297 975 405 1042 habito
417 976 457 1041 de
469 975 676 1057 qualitatibus
691 976 983 1057 promovendorum
994 976 1115 1058 judicio
1125 977 1196 1059 ejvs
1209 976 1381 1051 facultatis,

296 1076 335 1139 ad
362 1073 454 1157 eujus
480 1075 648 1141 lectionem
675 1083 749 1140 sunt
777 1075 997 1155 promovendi.
1025 1073 1062 1139 tn
1088 1076 1140 1157 qni
1167 1076 1259 1141 aliter
1286 1075 1383 1141 luerit

298 1182 475 1254 promotus,
494 1175 643 1239 nolumus
660 1191 731 1237 enm
750 1174 809 1237 lrui
827 1175 1061 1256 stipendiorum
1079 1184 1250 1256 augmento
1270 1175 1383 1240 laetio-

298 1273 392 1338 nibus
418 1289 435 1337 a
461 1273 561 1339 Nobis
587 1274 810 1354 superadditm
839 1275 895 1338 sed
923 1275 1028 1338 statim
1056 1273 1181 1339 durabit
1210 1274 1384 1354 deputatus

298 1379 420 1448 noster,
440 1381 471 1436 ut
491 1371 707 1453 suspendatur
729 1372 806 1437 dieti
832 1373 992 1454 augmenti
1016 1373 1148 1448 solutio,
1165 1373 1268 1438 donee
1284 1372 1386 1460 Nobis

180 1505 187 1517 ι
299 1469 329 1534 id
347 1471 577 1552 significaverit
592 1481 623 1537 et
639 1490 674 1537 ex
692 1482 800 1537 nostra
816 1471 1018 1537 ordinatione
1037 1471 1156 1538 dietum
1181 1481 1386 1554 augmentum

300 1568 506 1650 applicaverit
529 1569 576 1632 illi
595 1569 738 1651 ejusdem
765 1569 922 1636 facultatis
938 1569 1079 1666 lectioni,
1097 1570 1148 1636 eui
1165 1570 1264 1636 Nobis
1280 1571 1385 1635 visum

302 1669 396 1734 fuerit
412 1669 646 1751 applicandum.

805 1819 877 1883 CLI.

329 1961 528 2032 'llandamns
555 1967 687 2049 insuper
714 1967 939 2058 Universitatis
970 1978 1099 2034 nostrae
1130 1967 1257 2034 Rectori
1285 1969 1390 2034 omni-

303 2067 426 2147 busque
453 2065 523 2148 rjus
553 2067 741 2147 suppositis,
773 2067 832 2132 sub
864 2085 967 2148 poena
1000 2077 1128 2132 nostrae
1160 2067 1391 2148 indignationis

303 2165 427 2246 aliaque
443 2167 479 2228 ud
499 2165 648 2245 placitum
673 2175 817 2231 nostrum
842 2167 1046 2248 imponenda,
1064 2173 1098 2231 nt
1120 2183 1156 2232 ea
1180 2165 1285 2230 omnia
1308 2181 1392 2247 quae

303 2266 362 2329 liae
384 2263 566 2328 visitatione
582 2281 599 2327 a
620 2264 719 2329 Nonis
736 2275 810 2329 snm
827 2265 973 2330 ordinata
989 2265 1164 2330 observent
1178 2275 1209 2330 et
1224 2263 1391 2329 observari

303 2371 486 2444 procurent,
504 2363 650 2427 volentes
668 2379 833 2441 expresse,
849 2371 881 2427 ut
897 2363 1003 2428 dietae
1021 2373 1150 2430 nostrae
1166 2362 1393 2427 Universitatis

304 2471 469 2541 promotor
499 2477 618 2541 poenas
648 2461 716 2525 sive
747 2477 763 2524 a
795 2461 893 2526 Nobis
931 2463 999 2527 sive
1036 2480 1054 2526 a
1094 2471 1205 2526 nostro
1241 2463 1394 2542 deputatu

308 2560 480 2640 impositas·
504 2560 625 2640 absque
659 2575 746 2624 more
776 2571 807 2625 et
836 2560 1094 2625 dissimulatione
1121 2569 1307 2642 exequatur,
1331 2559 1393 2624 suli

307 2675 407 2738 poena
425 2669 553 2723 nostrae
569 2657 798 2739 indignationis
815 2677 851 2723 ae
868 2659 1055 2741 privationis
1071 2657 1168 2724 officii
1185 2659 1247 2723 sui.

806 2824 893 2890 Cbll.

356 2957 570 3039 Praecipimus
597 2976 724 3040 quoque
750 2958 947 3038 singularum
974 2957 1157 3023 facultatum
1183 2954 1330 3031 bedellis,
1359 2963 1395 3018 ut

312 3055 484 3122 observent
499 3067 531 3121 et
548 3067 656 3122 notent
672 3058 799 3139 quoties
815 3056 932 3138 singuli
950 3057 1151 3137 professores
1169 3071 1270 3136 neque
1288 3071 1343 3133 per
1359 3071 1398 3118 se

312 3173 415 3237 neque
439 3173 495 3236 per
517 3156 725 3222 substitutum
750 3157 878 3232 docent,
896 3165 960 3221 eta
978 3164 1089 3220 nostro
1114 3153 1266 3235 deputato
1280 3151 1396 3218 ¹mnrnti

312 3256 360 3321 vel
379 3255 522 3338 requisiti
539 3255 642 3322 eidem
660 3255 755 3337 huius
772 3255 816 3320 rei
833 3255 996 3321 veritatem
1013 3255 1168 3337 aperiant.

801 3420 904 3485 GLlll.

354 3548 1400 3635 Nequisautemhorumnostrorummandatorum.ordinationum

312 3660 343 3716 et
366 3661 557 3716 statutorum
583 3653 719 3734 aliquam
745 3650 954 3732 ignorantiam
977 3649 1185 3732 praetendere
1202 3646 1314 3728 possit,
1332 3645 1401 3709 dis·

313 3749 405 3814 triete
432 3751 619 3815 mandamns
648 3752 789 3824 lieston,
819 3760 852 3814 ut
878 3749 1014 3830 singulis
1045 3748 1137 3810 arinis
1168 3748 1252 3810 eirea
1283 3745 1399 3810 lestum

313 3847 449 3913 Bavonis
483 3858 512 3914 et
549 3851 689 3914 Paschae
728 3868 785 3930 per
823 3849 978 3913 notarium
1011 3844 1235 3910 Universitatis
1265 3844 1295 3907 in
1327 3843 1401 3907 aula

313 3948 496 4012 monasterii
530 3949 631 4012 saneti
662 3948 827 4028 Augustini
859 3947 943 4011 clare
969 3962 1048 4010 voce
1075 3961 1110 4008 ea
1140 3944 1200 4025 legi
1229 3949 1396 4024 procuret;

314 4045 459 4111 volentes
483 4047 578 4110 etiam
605 4056 636 4110 ut
659 4063 769 4110 eorum
793 4045 956 4125 exemplar
976 4045 1006 4107 in
1024 4043 1164 4107 arohivis
1179 4039 1403 4106 Universitatis

317 4156 491 4226 reponetur
507 4155 538 4210 et
554 4144 724 4225 diligenter
739 4153 936 4210 asservetur.
