3194 4940
707 498 746 514 ·-
769 463 833 530 258¹
851 498 891 513 -·

256 643 1346 731 siuowprstrnorcngcnenrirsenstminnsspnmsnotte

257 743 330 827 riis,
349 745 572 813 cmtuddiiitts
595 755 626 813 ot
654 748 805 829 personis
832 745 976 829 prototo,
991 745 1046 811 toi
1070 743 1243 827 ombusuis
1257 743 1343 818 ndis,

257 843 471 910 communiter
492 848 542 911 ret
566 845 717 922 diuisirn,
737 857 758 910 tr
780 846 863 912 diota
887 844 929 910 sit
955 845 1036 910 sedo
1056 843 1234 920 irtduitnm,
1258 841 1344 924 quod

256 941 296 1007 ad
312 943 530 1024 remptionem
544 943 600 1009 rei
614 944 834 1026 promsitrnom
849 943 989 1009 otiosius
1009 941 1147 1008 minimo
1157 939 1345 1018 tteumntor,

257 1049 290 1106 ot
308 1042 346 1106 ad
361 1042 399 1106 'id
418 1043 583 1124 comperti,
599 1052 654 1108 aot
675 1043 763 1126 quoi
784 1042 947 1118 interdici,
964 1041 1121 1124 suspendi
1140 1041 1192 1107 iet
1212 1043 1347 1106 eandm*

257 1139 413 1206 munioni
435 1155 497 1205 non
514 1141 823 1226 pessimumque
842 1143 882 1209 de
899 1141 1145 1208 normannos
1159 1139 1344 1222 nurerum

259 1238 330 1319 dis,
358 1240 692 1307 adntntnrmionious
721 1251 752 1308 et
788 1241 922 1318 officiis,
960 1240 1142 1322 ceterisque
1179 1237 1348 1306 beneflciis

258 1339 508 1416 ecciesiasticis,
526 1342 564 1404 ad
583 1357 694 1406 corum
712 1341 936 1418 cotiationem,
954 1338 1192 1422 precisionem,
1211 1354 1345 1419 presen-

258 1436 424 1511 tationem,
438 1439 641 1514 eiectionem,
655 1457 713 1506 scu
730 1441 877 1522 quamvis
892 1439 986 1504 aliam
1003 1437 1349 1521 dispositionemcon·

258 1536 390 1602 iunctim
417 1539 467 1604 uei
494 1539 667 1620 separatim
694 1539 930 1624 spectantibus,
954 1537 1037 1606 ordii
1055 1536 1159 1606 valeat
1181 1535 1345 1618 prouideri

259 1653 317 1718 per
338 1635 448 1704 literas
471 1633 668 1719 apostolicas
692 1655 756 1705 non
779 1633 933 1706 facientes
954 1634 1083 1722 plenam
1105 1646 1137 1704 et
1160 1653 1346 1720 expressam

257 1749 295 1799 ao
311 1735 350 1799 de
365 1736 464 1801 verbo
479 1733 517 1800 ati
534 1735 668 1802 verbum
685 1739 725 1803 de
742 1737 867 1802 indulto
884 1737 1065 1802 huiusmodi
1088 1735 1296 1812 mentionem,
1314 1745 1346 1800 ct

257 1833 398 1914 quatiunt
421 1835 482 1898 aiis
505 1835 592 1901 dicte
614 1835 703 1900 sedis
727 1835 939 1919 indulgentia,
958 1837 1099 1918 generati
1124 1835 1173 1898 cei
1197 1833 1345 1914 spectati,

257 1933 491 2014 cuiuscumque
520 1935 643 1999 tenoris
669 1937 803 2012 existat,
831 1951 890 2016 per
916 1949 1013 2017 onam
1045 1933 1249 2014 presmtiius
1280 1947 1344 1996 non

256 2043 455 2111 expressam,
473 2033 521 2098 vai
539 2035 681 2099 totaiiter
696 2051 758 2098 non
776 2035 948 2108 insertam,
966 2031 1101 2098 oiiectus
1116 2047 1225 2097 earum
1244 2032 1347 2112 impe*

245 2119 319 2192 ¹diri
336 2131 437 2194 raieat
453 2133 695 2212 quomodoiioet
711 2136 759 2198 rei
776 2133 910 2206 differri,
925 2145 956 2198 ct
971 2133 1012 2198 de
1027 2150 1088 2214 qna
1103 2133 1262 2212 cuiusque
1277 2139 1348 2196 toto

257 2236 370 2293 tenore
387 2229 531 2295 habenda
548 2232 636 2296 sitin
655 2234 776 2298 nostris
792 2234 895 2298 litoris
912 2231 1031 2296 montio
1047 2229 1217 2311 speciaiisr
1241 2239 1295 2293 aut
1316 2229 1344 2293 si

256 2329 410 2390 nominati
434 2331 568 2408 predicti
593 2341 762 2411 presentes
786 2347 848 2395 oon
872 2330 991 2395 tuerint
1012 2329 1051 2394 ad
1076 2329 1282 2410 prestandum
1303 2323 1347 2393 de

254 2423 469 2490 obseruandis
485 2430 613 2493 staturis
626 2441 661 2493 ct
676 2429 966 2495 consuetudinibus
982 2429 1206 2500 ecclesiarum,
1224 2427 1255 2491 in
1272 2425 1343 2508 nui·

255 2523 315 2587 ius
338 2524 521 2592 huiusmodi
545 2527 701 2592 beneticis
724 2538 756 2594 et
771 2527 877 2594 officia
894 2529 1023 2600 tuerint,
1040 2527 1135 2592 soiita
1152 2527 1343 2600 iuramenta,

252 2621 427 2688 dnmmodo
444 2628 476 2687 in
494 2626 638 2691 absentia
657 2633 715 2692 soa
733 2645 791 2708 per
807 2638 1035 2708 procuratores
1050 2627 1204 2699 idoneos,
1222 2635 1343 2689 etcum

253 2721 292 2783 ad
310 2722 467 2788 ecclesias
483 2723 571 2805 ipsas
587 2728 796 2801 accesserint,
812 2726 1024 2807 corporaliter
1039 2726 1091 2789 itio
1108 2733 1269 2805 prostadis
1285 2737 1343 2788 scu

254 2820 281 2882 si
301 2819 460 2886 hodierni
477 2823 558 2888 aiias
580 2835 654 2888 ante
671 2827 718 2889 rei
741 2837 824 2905 post,
843 2841 900 2905 pro
920 2825 1048 2890 aliove!
1069 2824 1152 2897 otiis,
1170 2823 1208 2887 ad
1231 2823 1342 2886 troius-

256 2920 342 2981 modi
359 2920 516 2986 beneflcio
532 2924 580 2987 vri
598 2923 703 2988 officia
723 2925 762 2990 ad
782 2925 1000 2997 certationem,
1019 2923 1252 3004 prouisiouem,
1272 2937 1343 3001 prc-

254 3020 483 3097 sectationem,
508 3022 701 3088 eiectionem
723 3041 781 3088 seu
805 3024 953 3105 quamuis
977 3023 1071 3086 aliam
1092 3022 1342 3102 dispositionem

252 3117 461 3196 prelatorum,
488 3120 714 3199 capitotornm,
732 3123 957 3204 collegiorum,
974 3131 1191 3186 concentuum
1215 3131 1246 3184 et
1269 3137 1343 3201 por-

251 3229 406 3279 sonarum
420 3219 650 3298 predictorum,
664 3221 902 3286 autoniusiibet
913 3221 1113 3296 eorumdem,
1126 3219 1343 3284 communiter

250 3313 303 3378 roi
318 3314 449 3379 diuisim
466 3318 714 3396 pertinentibus,
732 3330 843 3385 nostre
859 3329 913 3384 aut
929 3320 1015 3384 dicto
1033 3319 1121 3383 sedis
1143 3319 1234 3383 litero
1254 3327 1341 3382 emt·

252 3415 413 3478 cauerint.
427 3414 495 3479 Nos
509 3416 593 3480 enim
610 3425 674 3481 tarn
692 3418 764 3482 iiias
779 3435 874 3500 quam
892 3418 1129 3502 nominationes
1142 3417 1340 3498 presentium

252 3510 366 3592 rigore
381 3512 545 3578 iaciendas
567 3514 716 3580 effectum
739 3519 847 3582 sortiri
863 3519 1024 3595 volumus,
1041 3532 1243 3598 quacumque
1263 3531 1341 3580 con-

251 3611 421 3676 stitutione
434 3613 611 3693 apostoiica
628 3616 789 3680 contraria
806 3631 869 3682 non
886 3617 1047 3681 obstante

648 3831 803 3904 santerna
819 3840 844 3884 cr
862 3835 935 3886 dois.

292 4011 377 4078 ttctti
399 4029 479 4097 crgo
500 4017 632 4082 omnino
655 4019 821 4082 nominum
837 4018 932 4083 iioeat
955 4017 1038 4083 hanc
1057 4017 1202 4099 paginam
1226 4021 1339 4084 nostre

251 4113 489 4190 concessionis,
507 4115 633 4192 induiti,
650 4117 772 4193 statuti,
788 4117 1017 4194 ordinationis,
1032 4116 1244 4191 inhibitionis,
1260 4129 1341 4182 con·

251 4211 443 4289 cinctionis,
473 4213 611 4278 mandnti
639 4219 671 4279 ct
700 4213 875 4280 voluntatis
904 4215 1166 4296 infringereve!
1196 4214 1223 4279 ei
1255 4211 1335 4280 ausu
