3240 4946
763 405 806 455 '-
829 393 889 472 lul
912 437 948 451 -

319 587 526 666 lessedene
548 589 702 666 senene,
720 589 759 656 «le
782 589 932 673 lliebung.
951 587 991 653 de
1014 587 1133 653 Nemus·
1156 593 1187 652 el
1202 585 1242 652 de
1256 585 1401 668 Zulnhen

319 689 430 764 Conle,
451 688 605 769 seigneur
629 689 670 753 lle
697 688 784 754 Frisu
810 705 867 753 suu
892 689 921 751 lu
952 686 1090 764 Merene,
1112 686 1336 762 duseleuonle
1362 687 1403 750 de

318 787 521 862 Porteneuen
544 786 583 853 (le
605 785 710 851 Salius
734 797 765 852 θι
787 786 827 851 de
850 785 1035 852 llalines.ll
1057 792 1130 848 lons
1152 785 1244 850 eeulx
1268 784 1321 866 qui
1345 802 1401 850 ces

319 896 486 968 presentes
502 887 612 952 leuues
627 896 768 960 verrunt,
786 885 886 950 Salul.
903 884 1036 949 Seauolr
1059 884 1180 948 laisons
1204 901 1286 950 nnus
1309 885 1402 949 euoil·

318 1003 413 1052 neuun
430 985 571 1050 lluumble
587 985 799 1066 supplleuliun
812 985 851 1050 de
864 1000 944 1050 ceux
957 982 996 1050 de
1010 991 1119 1049 noslue
1132 983 1196 1048 lllle
1207 982 1401 1049 anluensile

317 1084 358 1150 de
395 1083 548 1160 louvain,
578 1085 750 1148 nuntensnl
786 1099 911 1149 somme
947 1099 1003 1163 per
1038 1082 1159 1146 euluus
1198 1100 1256 1148 nos
1289 1083 1402 1148 lennes

317 1191 472 1264 pelenles,
490 1191 520 1247 el
544 1199 624 1264 noun·
647 1182 695 1246 les
718 1198 831 1246 causes
854 1201 872 1262 y
888 1189 1075 1256 uunlenuez,
1094 1198 1176 1246 nous
1192 1197 1294 1246 eunus
1311 1183 1399 1263 pleeu

316 1283 392 1348 luiul
421 1282 586 1348 deffendre
615 1290 688 1346 lons
718 1281 765 1346 les
795 1280 1058 1346 Consuuuuluuies
1087 1281 1128 1345 de
1159 1298 1217 1346 uos
1256 1297 1332 1362 pays
1369 1292 1400 1346 el

316 1381 528 1464 seigneuules
543 1379 730 1445 inleudlsanl
747 1396 763 1444 e
780 1389 852 1444 tuus
866 1378 1120 1444 Conserueleurs
1133 1380 1173 1444 de
1186 1379 1258 1460 plus
1271 1397 1344 1444 vseu
1360 1398 1399 1446 ne

317 1482 389 1546 eulx
412 1486 618 1546 entremellre
636 1479 676 1544 de
691 1479 778 1543 leurs
794 1477 1072 1543 Conseuuutoules.
1092 1478 1208 1558 Depuls
1225 1479 1400 1560 lesquelles

318 1580 469 1646 delenues
498 1577 578 1642 ainsi
610 1577 732 1651 saintes,
765 1576 878 1641 lesdils
908 1576 1087 1656 supplienls
1116 1575 1277 1641 doublens
1313 1585 1400 1644 estre

208 1713 211 1719 ·
317 1679 482 1760 sompnus
498 1677 637 1764 esdl'eles
653 1677 817 1753 delens-es,
830 1675 1001 1740 uneluduus
1013 1675 1099 1756 quilz
1110 1692 1150 1740 ne
1162 1692 1199 1741 se
1211 1677 1399 1756 pounoient

317 1780 513 1843 bonnemenl
535 1775 721 1854 enlrelenin,
738 1792 815 1840 sens
833 1783 919 1840 esne
935 1791 1033 1856 payez
1048 1775 1087 1839 de
1103 1775 1172 1840 leun
1188 1775 1300 1842 debles
1315 1777 1399 1857 quilz

317 1894 357 1942 ne
373 1877 498 1941 lussenl
512 1874 664 1940 distraels
679 1874 719 1939 de
734 1873 804 1939 leur
819 1873 944 1948 estude
963 1872 1035 1936 affin
1052 1873 1160 1939 deslue
1183 1874 1334 1940 resliluez
1356 1893 1397 1940 θη

315 1977 346 2040 1η
377 1975 569 2056 iouyssunne
598 1974 638 2038 de
667 1973 736 2038 leun
765 1972 1024 2048 conseruatorie
1055 1981 1251 2054 enuoyerenl
1280 1990 1399 2040 enuers

317 2091 399 2140 uuus
428 2075 515 2138 leurs
545 2073 680 2152 deputez
709 2088 747 2136 θη
778 2071 906 2137 ηοῑθηΙθ
936 2071 1082 2146 nombre,
1109 2080 1140 2136 el
1169 2089 1251 2137 nous
1282 2073 1397 2138 leireul

317 2173 460 2256 supplies
475 2182 506 2238 el
528 2171 672 2252 sequeris
694 2171 741 2235 les
763 2170 888 2235 vuulolr
912 2170 1041 2236 soulluir
1063 2179 1094 2236 et
1116 2170 1232 2236 luisses
1253 2170 1344 2251 iouyn
1365 2181 1398 2236 'el

317 2289 388 2337 vser
414 2271 454 2335 de
479 2269 633 2335 leurdiule
660 2267 906 2333 Conserunturie
931 2269 1021 2333 selon
1048 2277 1080 2334 et
1105 2279 1284 2350 ensuyuanl
1309 2270 1397 2335 leurs

318 2369 501 2452 priuileges
523 2379 708 2434 uouslumes
730 2375 761 2432 et
785 2384 930 2432 vsanees.
949 2368 1031 2433 llont
1053 2385 1133 2450 pour
1148 2369 1397 2450 pourveoiuaux

316 2469 396 2534 abuz
419 2479 449 2533 et
471 2483 578 2544 esces,
595 2483 681 2547 quun
704 2466 891 2532 malnlenuil
913 2476 999 2532 estre
1021 2467 1155 2532 comunis
1182 2483 1238 2549 pur
1264 2468 1396 2533 lesdlels

315 2567 571 2634 conseruaueurs
597 2563 698 2630 soubs
723 2564 834 2629 umbre
858 2564 899 2630 de
925 2565 1012 2630 leurs
1038 2565 1267 2643 iurisdictione,
1291 2567 1397 2632 lureul

313 2667 381 2732 lons
398 2681 454 2747 per
470 2681 551 2730 nous
567 2664 729 2728 ordonnez
746 2672 776 2728 el
792 2663 927 2730 nummis
943 2664 1078 2730 nuleuns
1091 2667 1131 2731 de
1144 2675 1254 2732 nostre
1266 2665 1394 2732 Conseil

313 2773 418 2832 eslans
440 2765 486 2830 lez
510 2779 603 2836 nous,
622 2779 702 2842 pour
721 2781 777 2827 suu
792 2780 829 2828 ee
845 2764 1089 2846 communiqueu
1104 2781 1180 2830 aven
1196 2765 1244 2829 les
1260 2765 1394 2844 depulez

313 2866 353 2930 de
375 2863 491 2929 ludiele
513 2862 715 2936 Vniuenslle3
739 2862 876 2943 lesquelz
902 2862 1064 2928 aniserenu
1090 2880 1146 2944 par
1172 2864 1336 2929 ensemble
1362 2875 1394 2929 el

313 2971 508 3028 conceunent
533 2960 672 3026 eeneins
699 2961 836 3042 poluels,
859 2961 988 3026 enlcles
1011 2971 1042 3028 el
1068 2961 1302 3028 modificatione
1324 2964 1393 3028 lurs

295 3079 370 3146 ¹neu
403 3079 484 3126 nous
521 3076 703 3142 upprouuez
740 3076 796 3140 par
833 3060 953 3126 aullres
991 3077 1050 3126 nos
1086 3061 1197 3126 leuues
1234 3069 1391 3143 petentes,

311 3160 494 3242 lesquelles
510 3159 539 3223 le
555 3169 668 3224 teneus
683 3158 806 3223 sensuit
824 3175 831 3221 :

350 3357 421 3424 Suit
447 3360 486 3422 lei
510 3359 540 3421 lu
563 3357 665 3421 uluurle
686 3357 728 3420 du
750 3355 786 3418 ul
811 3356 966 3420 decembre
990 3357 1081 3436 lello,
1104 3359 1176 3422 deul
1197 3377 1275 3424 nous
1297 3377 1391 3427 nuens

309 3457 464 3539 repruduil
480 3457 507 3520 le
522 3462 604 3520 lente
618 3457 781 3530 ci-ulessun
798 3473 851 3537 pp.
866 3455 926 3518 480
941 3473 1006 3520 suu.

352 3652 411 3717 Par
439 3651 613 3734 lesquelles
644 3669 704 3718 nos
733 3652 845 3718 leuues
875 3655 939 3718 lust
970 3669 1025 3734 per
1055 3671 1137 3719 nous
1166 3667 1323 3738 eonsenty
1359 3665 1392 3722 et

307 3753 445 3818 seconde
481 3753 626 3816 euxdlels
663 3751 843 3832 sepulianus
879 3771 952 3833 que,
986 3769 1049 3818 nou
1079 3753 1207 3818 obstant
1238 3755 1390 3821 lesdieles

306 3850 481 3925 dullenees,
498 3851 536 3913 ilz
552 3853 737 3932 puuuroienl
753 3850 970 3932 doresnauant
986 3851 1056 3932 loys
1073 3860 1104 3917 el
1120 3870 1204 3930 uses,
1223 3853 1389 3936 iusquese

308 3957 417 4014 nostre
433 3949 557 4040 sanuel,
574 3949 613 4014 de
629 3949 765 4014 leurdlel
781 3947 1028 4014 Conseruelouie
1044 3951 1134 4030 selon
1151 3951 1198 4017 les
1215 3953 1389 4036 priuileges

308 4047 392 4127 quils
408 4065 446 4111 θη
463 4057 530 4124 οηι,
547 4059 578 4114 el
596 4048 695 4112 soubs
719 4049 766 4113 les
790 4048 1036 4128 mudlllculiuns‚
1055 4051 1180 4131 pulnels
1205 4061 1234 4117 el
1257 4054 1389 4120 articles

309 4153 486 4212 eunlenues
521 4165 560 4211 en
598 4146 760 4212 nosdicles
788 4146 899 4214 lellres
928 4147 1045 4214 dessus
1075 4150 1230 4228 inseuees
1262 4161 1294 4217 el
1323 4169 1387 4218 non
