3240 4946
755 467 940 547 -bdl'-

307 665 367 732 aun
379 665 492 731 ordine
504 665 576 731 data
588 665 758 731 defunctus
772 664 905 730 deberet
918 663 1040 728 babere
1056 661 1156 728 libere
1168 677 1261 726 suum
1275 651 1391 736 locum,

306 765 502 846 sepulturam
524 773 556 830 et
579 771 699 830 vestem
723 764 902 830 secundnm
929 771 1046 828 statum
1076 777 1169 827 suum
1198 761 1229 823 in
1257 759 1392 826 ecclesia

307 864 355 928 vel
380 873 479 928 extra.
498 865 535 929 Et
557 881 620 945 quo
643 864 681 929 ad
699 863 772 930 illos
795 863 826 927 in
851 864 952 928 tribus
976 861 1088 943 primis
1111 859 1281 925 ordinibus
1304 875 1393 924 com-

307 963 485 1043 prehensos
501 970 647 1044 possunt,
666 971 697 1029 et
711 963 844 1045 quilibet
867 969 984 1043 potest,
1002 961 1123 1041 eligere
1148 977 1207 1040 pro
1223 959 1306 1024 dicta
1322 966 1392 1022 taxa

306 1061 411 1127 locum
430 1063 460 1126 in
478 1062 613 1128 ecclesia
630 1063 807 1128 secundum
823 1060 1013 1142 exigentiam
1030 1058 1079 1140 suj
1098 1067 1215 1133 status,
1234 1057 1307 1139 quia
1324 1057 1391 1120 loca

308 1169 382 1226 sunt
404 1161 574 1243 inequalia.
600 1161 637 1226 Et
659 1179 722 1242 quo
745 1160 783 1224 ad
807 1161 881 1225 illos
904 1159 935 1222 in
960 1167 1086 1240 quarto,
1111 1158 1223 1238 quinto
1249 1164 1281 1220 el
1303 1162 1392 1220 sexto

306 1259 474 1325 ordinibus
496 1260 749 1340 comprehensos
771 1259 888 1324 debent
910 1275 985 1323 esse
1000 1256 1141 1337 contenlj
1167 1255 1206 1320 de
1227 1254 1392 1335 sepultura

307 1371 393 1424 extra
424 1359 593 1424 ecclesiam
623 1367 655 1424 et
684 1359 715 1421 in
741 1357 911 1424 cimiterio.
939 1357 971 1420 Sl
999 1365 1104 1420 tamen
1136 1354 1252 1436 aliquis
1282 1371 1318 1420 ex
1347 1352 1394 1419 eis

306 1457 440 1540 clegerit
461 1475 550 1524 suam
567 1459 763 1539 sepulturam
789 1459 819 1520 ln
837 1457 986 1532 ecclesia,
1005 1473 1042 1521 ex
1059 1465 1136 1521 tunc
1152 1471 1223 1520 cum
1247 1463 1316 1518 taxa
1333 1451 1393 1533 sibj

307 1557 338 1620 in
356 1573 416 1622 sun
431 1557 544 1622 ordine
566 1557 638 1622 data
656 1557 743 1622 dabit
766 1566 797 1622 et
813 1556 919 1622 soluet
942 1565 1080 1637 quatuor
1095 1563 1215 1636 petros.
1233 1555 1314 1619 ltem
1331 1569 1393 1635 quo

308 1655 346 1720 ad
373 1656 541 1720 articulum
568 1656 608 1720 de
634 1655 777 1737 exequijs
804 1655 920 1720 llendis
946 1672 1004 1736 pro
1031 1655 1173 1736 qualibet
1197 1661 1258 1719 etc.
1289 1659 1394 1717 manet

307 1754 500 1820 uniuersitas
522 1755 552 1818 in
577 1755 704 1820 eodem.
731 1756 769 1819 Et
792 1771 868 1820 casu
894 1772 957 1836 quo
982 1754 1117 1837 exequie
1140 1754 1309 1820 actualiter
1331 1769 1395 1818 non

309 1854 434 1930 tierent,
458 1854 597 1935 desuper
619 1854 746 1920 ordinat
768 1863 799 1920 et
821 1853 975 1930 declarat,
995 1871 1032 1918 ac
1058 1853 1298 1919 distinctionem
1322 1852 1396 1916 lacit

268 2035 271 2042 Δ
309 1951 501 2032 uniuersims
524 1951 607 2018 inter
626 1969 782 2034 personas
798 1952 882 2017 iuxta
905 1952 1037 2017 ordines
1055 1968 1146 2027 suos,
1165 1952 1214 2017 sic
1235 1953 1319 2034 quod
1338 1968 1396 2033 pro

309 2051 413 2115 anima
429 2051 568 2133 deluuntj
586 2052 680 2117 etiam
694 2051 724 2115 in
740 2051 890 2116 omnibus
907 2051 1076 2116 ordinibus
1091 2051 1144 2116 bet
1161 2068 1221 2116 vna
1235 2053 1352 2125 mtssa;
1367 2059 1399 2114 et

310 2149 437 2214 babebit
453 2151 610 2231 presbiter
626 2149 793 2214 celebrans
809 2149 848 2213 ab
864 2148 1014 2215 omnibus
1031 2149 1061 2213 ln
1080 2150 1183 2230 primo
1204 2157 1235 2214 et
1250 2149 1393 2215 secundo

308 2247 476 2312 ordinibus
499 2249 743 2330 comprehensis
767 2265 825 2328 pro
849 2247 1032 2328 bulusmodj
1059 2247 1156 2312 missa
1179 2257 1211 2314 et
1232 2249 1395 2314 oblatione

309 2353 341 2411 et
355 2347 497 2412 candelis
513 2347 869 2413 offertorialibussimul
887 2347 997 2412 decem
1012 2347 1153 2412 stuleros
1169 2355 1200 2414 et
1217 2359 1279 2416 non
1294 2348 1390 2420 vltra;

308 2452 339 2509 et
356 2461 413 2525 pru
435 2445 538 2510 cereis
562 2446 697 2528 magnis,
716 2462 777 2526 que
799 2445 1016 2510 verisimiliter
1039 2445 1122 2510 circa
1146 2446 1297 2513 teretrum
1314 2445 1392 2512 luis·

214 2554 217 2562 ’
306 2552 379 2609 sent
403 2543 518 2624 posite,
537 2561 600 2609 non
625 2545 753 2610 soluant
776 2553 966 2610 executores
988 2545 1037 2610 vel
1055 2545 1191 2612 beredes
1213 2545 1294 2611 vltra
1311 2545 1393 2610 duos

313 2650 434 2725 petros.
847 2706 849 2712 s

354 2741 474 2806 Deinde
496 2741 535 2806 de
558 2740 691 2823 reliquis
708 2741 887 2818 ordinibus
905 2742 1054 2808 videlicet
1077 2743 1117 2808 de
1134 2744 1246 2821 tercio,
1266 2753 1392 2827 quarto,

314 2839 425 2922 quinto
448 2847 479 2906 et
505 2849 608 2916 sexto,
633 2841 760 2906 soluant
787 2857 844 2923 pro
872 2840 981 2917 missa,
1005 2841 1167 2906 oblatione
1196 2852 1227 2908 et
1253 2846 1397 2910 candelis

317 2938 566 3005 ollertcrialibus
583 2939 689 3018 simul,
708 2949 801 3020 prout
823 2939 854 3004 in
871 2940 1053 3022 septenario
1076 2946 1106 3006 ct
1122 2940 1295 3008 tricenario
1311 2943 1396 3007 ordi-

318 3047 425 3104 natum
449 3047 510 3114 est,
529 3039 674 3106 uidelicet
698 3057 754 3105 sex
776 3041 929 3106 stulcros.
953 3041 991 3106 Et
1014 3058 1077 3122 quo
1101 3041 1138 3104 ad
1163 3042 1314 3108 candelas
1336 3061 1398 3126 que

314 3137 400 3203 cirea
427 3139 577 3204 teretrum
601 3139 738 3204 luissent
761 3139 876 3220 posito,
902 3157 963 3204 nou
987 3141 1114 3206 sulcant
1139 3140 1200 3222 ipsi
1231 3141 1271 3207 de
1294 3143 1397 3208 tercio

313 3238 426 3304 ordine
448 3238 527 3303 vltra
551 3256 617 3304 sexw
631 3239 781 3314 stulcius,
800 3248 830 3304 et
853 3239 892 3304 de
915 3247 1006 3305 sexto
1022 3239 1134 3305 ordine
1155 3241 1237 3304 ultra
1261 3250 1398 3323 quatuor

313 3339 465 3406 stateres.

356 3435 521 3501 Postremo
543 3435 737 3500 uniuersitas
760 3434 813 3501 dat
836 3435 911 3512 illis,
932 3436 969 3500 ad
995 3453 1076 3518 quos
1096 3435 1167 3518 jura
1190 3437 1398 3521 exequiarum

315 3534 497 3618 supradicta
523 3543 680 3616 spectant,
699 3535 859 3617 optionem
882 3553 921 3600 an
938 3536 1036 3602 velint
1058 3553 1188 3602 manere
1210 3539 1240 3603 in
1263 3540 1399 3606 articulo

316 3640 410 3714 prout
423 3633 518 3714 lacet,
537 3633 684 3698 videlicet
705 3633 789 3715 quod
807 3633 943 3716 quisque
963 3633 1023 3698 erit
1043 3635 1196 3700 astrictus
1218 3638 1256 3700 ad
1281 3637 1399 3704 lacien-

315 3732 390 3796 dum
420 3731 488 3813 lierj
519 3732 681 3814 exequias.
713 3732 750 3796 Et
779 3731 811 3795 io
839 3749 915 3797 casu
947 3749 1010 3814 quo
1036 3744 1236 3810 executores
1261 3735 1397 3804 heredes

314 3831 362 3894 vel
386 3831 642 3912 apprehensores
665 3831 822 3896 bonorum
848 3841 980 3912 possent
1004 3849 1059 3913 per
1081 3832 1163 3896 viam
1183 3833 1266 3914 iuris
1285 3847 1396 3902 curtlia

314 3929 408 3992 talem
440 3930 615 4008 procedere
644 3931 694 3995 vel
726 3930 757 3993 in
790 3931 886 3996 modo
916 3931 1000 3996 dicte
1035 3932 1249 3998 recusationis
1279 3933 1398 4015 eligere

316 4026 564 4092 moderationem
595 4039 626 4094 et
661 4029 910 4094 declarationem
942 4031 1117 4112 predictam
1152 4049 1245 4113 quum
1276 4033 1398 4116 absque

317 4126 569 4192 contradictione
591 4128 749 4193 interesse
770 4129 924 4193 babentes
948 4130 978 4191 in
997 4131 1089 4194 bonis
1112 4130 1252 4212 detunctj
1270 4133 1401 4196 soluere

318 4223 490 4302 nabebunt,
507 4237 538 4291 et
553 4226 590 4290 ad
609 4226 670 4292 lino
686 4227 769 4292 bona
785 4227 925 4309 detunctj
943 4244 1071 4310 semper
1085 4229 1222 4309 obligato
1239 4238 1345 4295 erunt.
