3236 4944
670 479 852 548 *stlt-

216 667 381 745 lationem,
405 667 449 736 uti
469 668 567 753 vulgo
588 673 722 750 recepto
741 666 786 732 ihi
807 661 965 731 vocabulo
985 661 1174 746 loquantur,
1194 656 1304 742 adspi-

216 779 299 845 rant,
326 769 380 835 ubi
407 771 447 836 ad
474 768 695 852 quaestionem
723 765 785 832 sibi
809 783 828 831 a
854 762 1002 846 praeside
1023 776 1083 828 sua
1105 758 1304 842 propositam

216 884 255 934 ax
281 867 426 934 interiori
452 867 525 934 looa
552 867 803 950 responderant,
829 878 1011 932 conscensa
1038 859 1112 926 dein
1138 857 1303 935 cathedra,

216 966 366 1049 pileoaue
381 983 439 1034 saa
456 966 561 1034 bireto
578 966 753 1049 magistrali
770 983 787 1030 a
804 962 954 1048 praeside
968 960 1064 1044 capiti
1081 958 1247 1042 imposito,
1264 957 1304 1024 ab

214 1066 342 1143 eodem
360 1074 519 1148 potestate
544 1065 605 1131 sibi
629 1067 722 1141 lacta,
740 1065 892 1130 doctores
916 1079 972 1126 seu
995 1058 1140 1142 magistri
1161 1073 1304 1141 pronun·

215 1165 345 1240 tiantur;
360 1181 421 1232 nac
434 1165 487 1231 hic
497 1183 625 1248 auoque
638 1174 746 1248 partes
757 1163 884 1246 aliquae
897 1169 972 1228 sunt
983 1157 1302 1242 cancellarij.llerum

216 1263 246 1328 id
260 1263 344 1346 juris
360 1264 501 1329 lacultati
516 1281 554 1329 ex
571 1263 702 1346 speciali
726 1271 911 1344 competere
934 1257 1149 1325 consessione
1171 1272 1188 1322 a
1211 1271 1304 1339 prae-

216 1363 335 1444 posita,
361 1362 541 1444 eodemque
567 1362 778 1434 cancellario,
804 1358 968 1443 pontificia
994 1357 1182 1423 auctoritate
1208 1355 1302 1430 lacta,

214 1460 312 1526 didici
330 1462 534 1542 postmodum
552 1479 590 1527 ex
603 1462 693 1527 Actis
710 1461 855 1542 ejusdem
872 1457 1033 1524 facultatis
1049 1456 1089 1520 ad
1108 1472 1228 1522 annum
1244 1473 1302 1520 cm.

213 1577 297 1626 acac.
314 1579 412 1624 xxxva.
440 1560 588 1627 kalendis
615 1561 763 1644 martii.»
792 1559 837 1624 lta
853 1559 1006 1624 Vaasraus
1031 1559 1184 1633 napaeas,
1213 1558 1305 1622 Fasti

215 1659 392 1734 academici,
410 1660 461 1725 ed.
479 1660 590 1739 altera,
609 1659 739 1726 lovanii
757 1659 848 1737 1650,
867 1675 920 1739 pp.
937 1655 1045 1722 ill-59.

262 1857 360 1924 «llos
380 1866 485 1924 autera
507 1858 695 1926 conterendi
718 1859 860 1924 honores
882 1855 1098 1933 academicos,
1122 1853 1165 1920 ait
1181 1853 1303 1920 Verna-

217 1956 308 2022 laeus
337 1956 391 2022 lnic
406 1965 468 2022 est.
486 1956 605 2024 Exacta
618 1957 800 2026 stadiorum
824 1955 940 2039 spatia,
963 1954 1153 2020 candidatus
1174 1953 1304 2035 praevio

217 2055 364 2121 examine
386 2055 536 2133 idoneus,
561 2056 614 2138 ani
639 2056 822 2124 academica
844 2055 954 2120 laurea
976 2053 1127 2130 donatur,
1142 2052 1306 2136 judicatas

217 2161 248 2220 ct
274 2154 435 2220 iaoaltatis
461 2155 621 2220 sententia
648 2155 825 2232 admissus,
852 2152 1052 2220 cancellario
1082 2153 1220 2218 sistitur.
1247 2151 1306 2229 Qui

216 2251 313 2330 sistit,
331 2252 445 2319 doctor
460 2254 619 2336 quispiam
642 2264 703 2333 est,
726 2263 822 2336 atoue
844 2253 873 2320 is
896 2253 929 2318 in
953 2251 1133 2334 theologica
1157 2251 1306 2317 laoaltate

217 2367 349 2432 praeses
371 2369 389 2417 a
412 2353 582 2418 candidato
605 2354 747 2432 electus;
772 2353 804 2418 in
824 2353 898 2435 J'urc
921 2361 952 2420 et
976 2351 1135 2418 medicina
1151 2350 1252 2433 prior,
1270 2361 1304 2416 ut

217 2460 350 2526 rooaat3
368 2451 399 2515 in
417 2451 531 2518 artium
549 2453 700 2518 lacrrltate
715 2453 870 2519 decanus.
888 2451 1134 2518 llicorationam
1147 2449 1306 2532 imprimis

218 2550 346 2630 publice
363 2551 489 2624 recitat,
506 2567 544 2616 aa
561 2552 750 2632 plerumque
765 2551 805 2617 dc
818 2550 914 2632 studij
932 2549 1027 2615 istius
1042 2549 1198 2632 dignitate
1214 2566 1306 2630 prac-

179 2651 182 2658 ’
216 2647 408 2728 stantiaque,
425 2659 479 2713 aut
496 2649 536 2715 de
551 2650 699 2731 quapiam
716 2651 778 2716 alia
794 2650 882 2731 scari
905 2658 936 2715 et
951 2649 991 2713 ad
1008 2665 1101 2714 usum
1126 2656 1306 2729 temporum

216 2748 458 2813 accommodata
476 2749 620 2814 materia.
638 2750 695 2813 Vlti
714 2749 889 2832 peroravit,
906 2748 1111 2814 candidatum
1128 2747 1167 2812 ab
1184 2746 1306 2824 indole,

214 2845 388 2910 virtutibus
412 2847 586 2929 studioque
609 2857 641 2914 et
663 2848 810 2914 doctrina
826 2848 1041 2922 commendat,
1060 2846 1255 2929 monitisque
1269 2845 1302 2910 in

219 2954 384 3024 posterum
408 2945 606 3012 salutaribus
631 2963 860 3028 noranuuuuam
884 2946 1026 3012 instruit.
1046 2946 1124 3010 Turn
1147 2961 1308 3012 conuerso

215 3044 253 3107 ad
268 3043 500 3109 Caaccllarium
513 3062 674 3120 sermone,
688 3047 891 3112 candidatum
905 3046 951 3110 illl
965 3053 1160 3127 praesentat,
1175 3045 1308 3126 dignam

217 3141 1309 3227 petitolronorefacultatissaaejadioiodeaunciat,etutaamcon-

216 3241 301 3307 lerrc
317 3241 362 3304 illi
379 3243 467 3317 velit,
486 3260 546 3309 suo
562 3254 594 3308 et
610 3244 770 3308 facultatis
793 3260 870 3308 suae
887 3243 1016 3309 nomine
1040 3252 1143 3325 rogat.
1161 3243 1308 3307 Formula

216 3341 443 3420 praesentandi
468 3342 628 3424 ejusmodi
645 3353 694 3408 est
714 3365 720 3405 :
742 3345 784 3407 Te
798 3345 895 3424 ipttur
909 3344 950 3408 Ν.
968 3343 1009 3406 Ν.
1026 3342 1273 3416 buccaleonum,
1290 3360 1309 3404 a

214 3443 359 3524 laculiate
380 3451 487 3509 nostra
509 3447 732 3522 examinatum,
749 3446 891 3509 idoneam
907 3451 1059 3526 tapetium
1081 3452 1111 3508 ct
1127 3444 1306 3518 admissum,

215 3542 338 3606 nomiae
352 3545 486 3622 ejusdem
502 3545 657 3624 facultatis
668 3544 1174 3626 praesenloatimodumreverendo
1186 3542 1308 3623 amplis·

213 3643 353 3723 sinopae
373 3643 438 3706 ciro
460 3661 497 3706 ac
519 3644 652 3717 domitto,
676 3645 800 3707 damino
820 3644 861 3706 Ν.
885 3645 940 3717 lt,
964 3642 1141 3723 collepiatae
1166 3641 1310 3706 ccclesiae

213 3741 315 3803 sancti
334 3741 420 3805 Petri
439 3743 568 3824 Locaaij
587 3746 770 3825 praeposito,
787 3748 814 3806 et
837 3741 1049 3806 celeberrimae
1070 3741 1161 3804 laius
1182 3741 1309 3803 Vniuer-

212 3839 317 3902 st'talis
334 3839 526 3905 cancellario
541 3842 628 3923 loupe
643 3843 835 3923 dipnissimo,
852 3843 885 3906 ia
899 3844 941 3906 N.
958 3841 1082 3904 lieentia
1102 3839 1310 3904 decorantium

213 3944 241 4000 et
256 3939 496 4019 insipnieadurn.
513 3939 643 4005 Pernrtn
662 3941 934 4022 praesentatione,
948 3940 1140 4004 candidatus
1157 3939 1188 4001 in
1206 3953 1309 4021 genua

215 4037 396 4116 procumbit
412 4060 420 4101 ε
438 4037 656 4104 Carracllarius
672 4050 777 4106 autem
795 4039 931 4104 editiore
944 4039 974 4102 in
988 4040 1062 4105 loco
1079 4039 1210 4114 sedens,
1225 4037 1308 4102 linea

216 4143 247 4198 et
263 4135 442 4200 canonicali
460 4139 595 4203 amictus
611 4149 713 4216 veste,
730 4139 839 4204 laurea
855 4139 944 4204 illum
960 4138 1069 4211 donat,
1087 4138 1309 4219 honoremque

215 4241 247 4300 et
269 4233 402 4320 gradum
425 4237 643 4309 academicum
666 4237 860 4325 impertitur.
885 4237 1044 4316 dormale,
1062 4252 1156 4326 qaam
1179 4236 1304 4314 recitat,
