3240 4946
696 452 881 529 ssblll-

245 654 353 713 autem
378 663 437 710 cro.
457 663 539 710 cccc.
560 643 699 721 taurin,
722 661 784 710 non
811 642 967 709 absimilis
993 641 1165 710 insolentia
1191 644 1330 726 graviter

246 752 296 812 est
312 744 430 826 punita.
449 743 704 809 Curtcuaoenscs
719 743 847 826 quidam
862 765 869 807 :
886 742 1026 808 loarrues
1042 742 1173 819 Metten,
1189 743 1331 812 loannes

246 843 389 924 Gepelle,
425 842 568 909 Judocus
605 841 733 918 stacte,
773 840 929 908 llenrlous
970 839 1102 914 llarion,
1140 841 1331 910 Academiae

247 943 356 1010 itidem
381 942 525 1008 nuntium
550 940 767 1008 llermaunuur
787 940 912 1005 Vander
928 939 1047 1022 lleyen,
1065 957 1083 1005 a
1098 942 1332 1010 conservatore

247 1059 320 1108 cnm
347 1041 495 1107 mandato
521 1040 668 1114 missurn,
685 1040 881 1116 invaserant,
898 1049 1137 1120 percusserant,
1159 1039 1274 1108 litteris
1300 1053 1332 1108 et

248 1140 394 1222 pecuniis
430 1139 620 1221 spoliarant.
658 1139 869 1220 Posteaquam
909 1137 1012 1203 delate
1050 1137 1089 1202 ad
1129 1139 1331 1206 Academiam

247 1239 377 1322 quercla
392 1242 453 1315 est,
470 1239 574 1304 coacti
596 1247 670 1303 sunt
693 1237 764 1318 ipso
789 1235 978 1302 Purilicatae
1001 1235 1141 1318 Virginis
1159 1238 1215 1304 die
1237 1238 1332 1306 lineis

247 1338 354 1404 amicti
379 1337 523 1405 vestibus
549 1338 580 1400 iu
607 1336 707 1402 cboro
735 1337 799 1400 divi
822 1335 919 1410 Petri,
944 1336 1036 1401 etad
1060 1337 1332 1419 Rectorisgenua

248 1436 411 1519 prostrati,
452 1436 578 1502 veniam
618 1434 797 1518 deprecari,
839 1443 905 1500 tum
945 1443 1019 1500 ante
1059 1435 1165 1516 ipsum
1204 1453 1330 1504 ceream

213 1543 411 1618 ·gcstantcs
434 1535 611 1612 candelam,
633 1535 708 1599 dum
732 1533 858 1615 publica
881 1534 1048 1615 processio
1071 1533 1117 1608 tlt.
1136 1537 1330 1616 procedere;

248 1633 387 1716 denique
417 1633 520 1716 pridie
554 1633 704 1699 calendas
739 1631 841 1714 martii
878 1634 909 1696 in
947 1632 1158 1698 rectoralibus
1193 1635 1332 1717 comitiis

248 1749 357 1798 coram
377 1733 560 1798 academico
575 1731 692 1798 Senatu
709 1732 859 1797 delictum
875 1747 969 1797 suum
984 1730 1149 1809 confiteri;
1168 1742 1332 1813 postremo

249 1831 416 1898 cortenaci
428 1832 527 1898 altera
543 1830 802 1896 Resurrectionis
818 1830 1003 1896 [lominicae
1018 1830 1083 1902 die.
1099 1839 1132 1896 ut
1147 1831 1209 1897 lroc
1224 1849 1332 1899 exem-

251 1931 305 2012 plo
320 1931 438 1997 caeteri
454 1947 567 1996 omnes
579 1919 776 1996 *Academiae
797 1929 1023 1994 authoritatem
1046 1941 1283 2010 revererentur,
1301 1933 1332 1997 iu

251 2029 346 2095 lineis
377 2029 493 2096 iterum
523 2028 666 2094 vestibus
697 2028 847 2094 indictam
876 2027 1143 2109 supplicationem
1173 2031 1332 2114 comitari.

250 2128 454 2210 supersedeo
469 2126 619 2194 consulto
636 2126 796 2208 pluribus.
813 2126 859 2191 db
881 2125 942 2192 boc
965 2125 1116 2192 tribunali
1138 2127 1178 2192 ad
1199 2130 1334 2211 aposto-

250 2227 344 2294 licam
360 2227 474 2294 Sedent
492 2226 679 2310 provocatio
695 2233 756 2292 cst.

292 2426 380 2489 Liste
414 2425 470 2488 des
501 2426 755 2489 conservateurs
789 2423 846 2486 des
873 2421 1064 2506 privileges.
1089 2424 1168 2488 Bien
1199 2445 1263 2509 que
1291 2428 1335 2491 les
1399 2440 1401 2444 ·

251 2523 438 2589 documents
454 2522 646 2606 pontificaux
668 2522 884 2604 designassent
906 2523 995 2596 trois,
1012 2533 1042 2586 et
1064 2523 1213 2601 memes
1236 2529 1335 2608 partir

251 2623 290 2686 de
304 2623 425 2686 l'annee
444 2624 531 2696 1562,
547 2625 594 2686 six
609 2621 793 2704 dignitaires
807 2621 1054 2704 ecclesiastiques
1069 2641 1150 2704 pour
1165 2623 1195 2687 la
1210 2623 1335 2690 defense

250 2721 306 2784 des
321 2720 485 2804 privileges
503 2722 734 2805 academiques,
751 2733 782 2786 et
803 2741 877 2803 que,
894 2739 951 2801 par
970 2721 1174 2802 consequent,
1191 2722 1230 2786 de
1251 2723 1335 2790 droit

250 2841 293 2884 on
318 2823 393 2884 erait
420 2823 498 2884 libre
522 2821 561 2884 de
586 2822 725 2904 requerir
748 2819 1012 2884 indifferemment
1034 2818 1100 2882 l'un
1121 2820 1240 2886 d'entre
1261 2842 1331 2898 eux.

250 2920 400 2983 toutefois
425 2919 542 3001 l'usage
566 2919 604 2982 de
629 2939 668 2982 ne
694 2917 858 2982 s'adresser
883 2918 955 3001 qu'b
984 2937 1028 2980 nn
1058 2919 1125 2982 seul
1152 2921 1287 2986 s’etablit
1316 2925 1334 2986 d

251 3019 392 3101 l'otigiue
416 3019 455 3082 de
481 3019 692 3083 l'Universite.
713 3020 756 3082 Le
778 3019 851 3101 plus
873 3033 1005 3083 souvent
1027 3015 1128 3082 labbe
1150 3019 1189 3084 de
1211 3023 1334 3086 Sainte-

251 3117 407 3185 Gertrude
441 3117 480 3181 de
515 3119 659 3180 Lonvein
695 3118 884 3199 templissait
920 3118 987 3180 seul
1023 3118 1067 3182 les
1102 3118 1260 3184 fonctions
1295 3121 1334 3186 de

251 3220 494 3282 Conservateur.
526 3217 572 3280 Ce
607 3235 646 3279 ne
684 3216 730 3280 lut
761 3215 855 3298 qu'eu
889 3217 964 3279 1513
994 3235 1056 3298 que
1084 3216 1139 3279 des
1167 3216 1335 3284 difficultas

249 3335 421 3380 surrenues
449 3328 535 3379 entre
564 3315 665 3377 l'abbe'
690 3314 729 3377 de
759 3313 1044 3378 sainte-Gertrude
1073 3328 1103 3380 et
1132 3315 1337 3384 l'Universlte

248 3415 423 3498 obligerent
455 3415 575 3478 celle-ci
604 3414 622 3477 ὲ
651 3415 740 3478 avoir
769 3431 895 3476 recours
923 3433 986 3476 aux
1017 3414 1097 3478 bons
1125 3413 1232 3478 offices
1260 3417 1335 3481 d'un

248 3515 363 3579 second
380 3515 625 3578 Conservateur.

169 3657 173 3665 ·
293 3637 306 3675 u
326 3615 373 3678 Ex
395 3634 446 3677 sex
468 3634 486 3677 a
503 3613 583 3677 Sede
596 3613 769 3695 apostolica
786 3613 958 3677 nominatis
973 3611 1143 3688 iudicibus,
1160 3614 1207 3677 dit
1222 3615 1335 3682 Valere

248 3713 374 3777 Addere
390 3713 507 3789 Andre,
524 3713 719 3778 Vniversitas
738 3714 803 3775 sive
825 3711 997 3775 Academia
1019 3712 1133 3794 eligere
1154 3733 1256 3777 unum
1279 3730 1335 3782 aut

248 3813 353 3896 plures
379 3825 498 3896 potest;
528 3813 678 3877 hactenus
700 3825 806 3876 tamen
828 3813 886 3874 uui
909 3811 1075 3875 dumtaxat
1097 3814 1257 3894 provincia
1281 3815 1334 3879 itta

249 3925 444 3996 praesentata
468 3933 503 3976 ac
524 3911 627 3976 delata
650 3911 711 3976 fuit
733 3912 793 3974 sub
815 3913 906 3975 certis
928 3911 1064 3992 legibus,
1085 3910 1334 3993 conditionibus,

248 4013 513 4093 promissionibus
541 4012 580 4076 de
603 4011 735 4074 fideliter
756 4009 1008 4074 administrando
1031 4011 1092 4074 hoc
1118 4009 1224 4074 officio
1249 4012 1335 4093 juxta

247 4124 389 4175 tenorem
406 4111 564 4173 bullarum
581 4111 840 4192 apostolicarum,
858 4110 896 4172 de
912 4107 1099 4192 recipiendis
1112 4121 1142 4173 et
1165 4111 1336 4176 observan-

246 4209 296 4276 dis
322 4210 598 4274 reformationibus
621 4227 675 4292 per
697 4209 940 4276 Vniversitatem
962 4210 1043 4272 circu
1066 4207 1204 4274 delectus
1225 4213 1331 4274 curiae
