3100 4942
736 438 899 504 -tu-
994 497 997 502 i

275 623 416 706 blagistri
434 621 562 703 singuli,
582 619 783 701 singulorum
799 634 931 682 suorum
948 615 1199 682 canonicatuum
1216 625 1249 682 et
1268 617 1273 698 Ι
1293 632 1361 696 prc-

275 723 451 788 bendarum
465 720 681 800 predictorum
694 717 817 782 tructus
830 717 974 782 redditus
985 725 1017 781 et
1034 725 1209 797 prouentus
1225 715 1259 778 io
1275 715 1360 780 dicto

276 820 383 886 studio
403 818 541 900 legendo
561 827 593 882 et
612 816 760 881 docendo
781 815 866 880 iuxta
882 815 1101 880 uniuersitatis
1118 813 1360 895 priuilegiorum

275 919 452 1001 apostolica
465 917 655 982 auctoritate
667 931 895 980 concessorum
910 914 1138 978 continentiam
1152 913 1277 994 integre
1293 929 1363 994 per-

275 1019 383 1099 cipere
401 1025 533 1096 possent
548 1024 579 1079 et
595 1014 749 1078 deberent
768 1015 773 1096 Ι
794 1013 957 1076 nonnullis
972 1014 1004 1076 in
1031 1013 1200 1092 premissis
1223 1023 1254 1076 et
1278 1013 1362 1076 circa

275 1133 312 1180 ea
335 1114 579 1179 rationabilibus
601 1123 633 1178 et
657 1112 803 1178 honestis
827 1111 1085 1176 ordinationibus
1105 1110 1251 1187 adiectis,
1270 1117 1363 1189 prout

276 1216 309 1278 in
336 1213 471 1294 quadam
497 1212 675 1276 auctentico
702 1211 806 1274 littera
832 1210 935 1291 ipsius
962 1209 1099 1290 Plrilippi
1129 1209 1223 1274 bools
1253 1208 1362 1290 sigilio

276 1313 406 1394 sigillita
434 1311 560 1392 plenius
582 1310 775 1382 continetur.
800 1325 837 1372 ac
861 1325 918 1388 pro
942 1317 1031 1389 parte
1059 1308 1194 1389 Philippi
1225 1307 1343 1388 bucisl

277 1427 402 1476 necnon
419 1458 439 1473 ..
458 1409 606 1474 Rectoris
620 1407 843 1472 uniuersitatis
858 1425 896 1472 ac
912 1406 1239 1489 Burgimagistrorum
1255 1405 1362 1472 Scabi-

277 1526 391 1573 norum
412 1518 443 1572 et
462 1506 638 1572 Consulum
660 1505 876 1588 predictorum
894 1506 997 1570 eidem
1015 1505 1242 1585 predecessori
1257 1504 1362 1568 bumi-

276 1609 350 1672 liter
365 1607 556 1686 supplicato,
576 1615 608 1670 ut
624 1605 787 1670 donationi
806 1605 966 1686 largitioni
984 1605 1139 1668 uoluntati
1156 1603 1360 1669 concessioni

276 1716 308 1771 et
323 1705 517 1772 ordinationi
536 1705 688 1786 predictis
713 1704 851 1784 olijsoue
869 1703 874 1784 Ι
893 1704 924 1766 in
948 1704 1043 1768 dictis
1066 1703 1181 1768 litteris
1203 1701 1362 1768 contentis

278 1821 336 1884 pro
355 1804 487 1867 illorum·
499 1803 706 1867 subsistentia
724 1803 868 1876 firmiori,
887 1802 984 1867 robur
1000 1801 1177 1881 apostolice
1192 1799 1365 1866 confirma·

278 1902 375 1966 tionis
390 1900 529 1981 adjicere
545 1902 585 1966 de
601 1900 795 1981 benignitate
810 1900 987 1979 apostolica
1003 1901 1201 1982 dignaretur,

625 2065 788 2122 Concession
807 2070 841 2118 de
860 2071 888 2118 lo
906 2071 1016 2130 favour.

317 2185 404 2250 ldem
430 2185 642 2265 predecessor
668 2185 851 2250 huiusmodi
875 2185 1166 2266 supplicationibus
1188 2185 1361 2250 inclinatus

279 2283 484 2347 donationem
505 2290 510 2354 Ι
530 2284 730 2364 largitionem
751 2285 946 2348 uoluntatem
963 2284 1205 2349 concessionem
1228 2291 1260 2348 et
1276 2284 1362 2348 ordi·

279 2383 440 2446 nationem
465 2383 615 2460 prelatas,
632 2383 757 2462 aliaque.
782 2383 813 2444 in
840 2382 935 2448 dictis
958 2383 1072 2446 litteris
1093 2393 1256 2458 contenta.
1274 2383 1363 2447 uide-

274 2579 467 2642 auctoritate
493 2578 668 2656 apostolica
694 2596 733 2642 ex
758 2590 845 2644 certa
868 2580 1001 2644 scientia
1020 2581 1025 2660 Ι
1045 2580 1260 2654 confirmauit,
1284 2596 1361 2659 sup-

280 2677 397 2756 plendo
408 2692 522 2740 omnes
533 2677 677 2740 delectus
690 2680 716 2742 si
729 2678 783 2758 qui
797 2679 904 2742 lorsan
917 2679 1168 2744 interuenissent
1179 2679 1211 2742 in
1223 2680 1358 2754 eisdem,

278 2791 317 2838 ac
339 2775 483 2838 decreuit
500 2791 557 2854 pro
580 2785 655 2840 tunc
678 2777 801 2840 irritum
825 2785 856 2841 et
872 2777 966 2842 inane
988 2778 1014 2840 si
1031 2794 1127 2842 secus
1151 2795 1250 2859 super
1267 2779 1360 2859 lrijsa

279 2889 439 2953 quoquam
461 2873 575 2953 quauis
597 2875 786 2939 auctoritate
808 2875 950 2940 scienter
974 2875 1022 2940 ucl
1040 2876 1226 2956 ignoranter
1241 2894 1303 2942 con
1339 2885 1345 2955 Ι

278 2972 415 3051 lingeret
437 2973 628 3051 attemptari.
645 2972 691 3038 Ne
709 2983 814 3038 autem
837 2974 878 3038 de
892 2974 1136 3040 confirmatione
1158 2975 1362 3057 suppletione

279 3078 310 3133 et
325 3069 456 3133 decreto
473 3071 625 3148 predictis
642 3087 699 3150 pro
715 3088 753 3136 eo
769 3073 853 3152 quod
871 3089 968 3153 super
983 3073 1047 3136 ibis
1069 3073 1173 3153 ipsius
1190 3074 1362 3154 predeces-

278 3168 364 3232 soris
379 3168 466 3232 obilu
481 3170 729 3247 superueniente
744 3170 849 3235 littere
862 3171 1008 3236 conlecto
1021 3187 1085 3235 non
1102 3171 1243 3248 luerunt,
1259 3172 1364 3238 ualeat

276 3266 488 3346 imposterum
507 3267 513 3348 l
532 3269 775 3346 quomodolibet
804 3269 948 3342 hesitari‚
978 3269 1128 3334 uolumus
1157 3279 1189 3334 ct
1219 3269 1362 3348 predicta

275 3364 467 3428 auctoritate
478 3364 683 3428 decernimus
696 3367 780 3447 quod
794 3375 962 3446 presentes
979 3367 1094 3440 littere,
1109 3369 1147 3430 ad
1161 3369 1361 3448 probandum

278 3463 371 3541 plene
392 3462 669 3526 confirmationem
693 3464 929 3544 suppletionem
956 3473 988 3530 et
1010 3466 1175 3531 decretum
1200 3467 1360 3532 antedicta

278 3559 394 3639 ubique
416 3559 588 3633 subiciant,
614 3577 672 3626 nec
694 3563 734 3626 ad
760 3563 791 3626 id
811 3563 817 3645 l
836 3563 968 3628 alterius
995 3563 1195 3645 probationis
1223 3565 1360 3630 admini-

277 3657 384 3720 culum
402 3662 595 3737 requiratur.

677 3825 828 3879 Anulbdme
846 3834 870 3879 cl
888 3829 958 3883 dab.

318 3940 401 4004 Nulli
425 3959 503 4023 ergo
526 3945 657 4009 omuino
681 3947 845 4011 bominum
868 3948 961 4014 liceat
984 3949 1066 4014 bauo
1089 3950 1236 4032 paginam
1253 3963 1364 4017 nostre

280 4040 454 4104 uoluntatis
470 4051 501 4106 et
519 4045 761 4110 constitutionis
778 4046 952 4127 intringere
975 4049 1026 4112 uel
1042 4048 1071 4112 ei
1088 4064 1169 4114 ausu
1192 4051 1365 4116 temerario

277 4136 451 4204 contraire.
467 4140 574 4221 Siquis
592 4141 598 4223 Ι
617 4152 722 4208 auteur
746 4144 808 4209 lroc
823 4153 1010 4226 attemptare
1033 4149 1266 4228 presumpserit
1281 4149 1366 4212 indi·
