3246 4944
716 439 899 508 -665-

264 629 485 708 praeferantur
511 626 661 692 doctores
687 587 989 706 licentiatisaquod
1017 623 1090 705 quia
1118 639 1180 688 non
1205 623 1250 699 fit,
1271 623 1347 688 hino

265 726 356 808 pauci
373 727 411 791 ad
428 726 628 792 doctoratum
644 725 799 808 aspirant.

786 890 831 954 ia.

457 1034 501 1096 De
521 1031 719 1112 facultatibus
733 1032 817 1112 iuris
838 1032 977 1095 cononici
998 1036 1026 1094 et
1047 1029 1156 1094 oiaiiir.

307 1173 437 1236 Decreta
461 1171 659 1237 visitationis
681 1172 799 1236 habent
823 1177 855 1236 ut
874 1177 1001 1254 uterque
1014 1171 1181 1254 primarius
1193 1173 1349 1252 professor

264 1271 370 1335 docent
385 1289 404 1334 o
420 1272 520 1335 medio
536 1277 657 1336 octavae
672 1287 771 1353 usque
785 1271 825 1334 nd
839 1287 963 1334 nonum.

304 1419 375 1486 Non
398 1419 601 1485 observatur.
624 1419 792 1485 Professor
812 1418 895 1500 iuris
918 1417 1063 1484 canonici
1090 1433 1161 1482 curu
1189 1417 1291 1482 fructu
1319 1423 1350 1481 et

265 1534 381 1600 magno
392 1535 553 1584 concursu
567 1518 684 1584 dicitur
701 1527 821 1583 tantum
835 1518 952 1584 dooere
968 1533 1025 1598 per
1037 1517 1165 1596 noram3
1184 1515 1349 1597 professor

264 1633 340 1684 vero
367 1616 449 1698 juris
478 1617 582 1682 civilis
612 1617 730 1683 dicitur
760 1633 833 1681 raro
863 1617 993 1693 docere,
1017 1625 1060 1690 et,
1086 1614 1213 1697 quando
1241 1615 1347 1692 docet,

265 1725 386 1782 tantum
411 1717 530 1782 docere
556 1717 685 1782 circiter
712 1733 770 1797 per
792 1715 928 1783 mediam
952 1716 1065 1780 noram
1088 1724 1120 1780 et
1142 1731 1213 1780 curn
1236 1713 1348 1794 exigno

264 1830 437 1880 concursu.

305 1913 423 1980 Omnes
439 1914 641 1996 professores
660 1914 825 1996 utriusque
839 1914 933 1995 iuris,
951 1922 1085 1996 excepto
1101 1911 1252 1995 primario
1266 1911 1349 1994 juris

263 2013 422 2088 canonici,
440 2013 590 2079 dicuntur
611 2013 751 2080 deiicere
774 2014 806 2078 in
830 2013 900 2078 suis
924 2012 1129 2088 factionibus,
1157 2028 1221 2078 non
1243 2012 1349 2078 debite

154 2156 158 2165 -
265 2129 301 2178 se
324 2127 528 2194 praeparere,
546 2129 604 2178 neo
627 2113 769 2188 studere,
787 2121 818 2177 et
840 2111 915 2177 irino
938 2129 1001 2176 non
1019 2111 1137 2178 habere
1152 2127 1347 2177 concursant

264 2212 496 2287 studiosorum,
519 2211 583 2276 irno
611 2220 737 2292 praeter
762 2211 914 2275 fanrnfum
940 2220 993 2276 aut
1019 2211 1198 2276 conductos
1224 2210 1346 2276 nuifum

264 2307 423 2374 interdum
440 2309 558 2375 trabere
575 2309 766 2375 auditorem.
1133 2373 1137 2381 ,

306 2408 342 2472 Et
369 2409 570 2488 professores
596 2409 669 2491 qnia
696 2425 803 2474 annuo
830 2427 890 2474 suo
916 2409 1076 2490 stipendio
1103 2409 1261 2480 fruuntur,
1278 2415 1347 2472 esto

263 2505 400 2572 doceant
422 2507 469 2572 vei
494 2525 557 2572 non
581 2509 729 2582 doceant,
747 2525 811 2572 non
835 2507 946 2573 intenti
970 2506 1127 2587 profectui
1150 2505 1347 2572 studentium

264 2615 295 2671 et
312 2605 440 2687 pubiico
456 2605 553 2684 bono,
571 2608 628 2672 sed
653 2607 776 2688 privato
798 2623 859 2671 suo
880 2606 1063 2682 commodo,
1080 2606 1122 2672 ob
1146 2615 1348 2686 praetensam

265 2705 448 2771 tenuitatem
472 2705 718 2786 stipendiorum,
741 2705 793 2770 aiii
824 2705 900 2770 dant
921 2721 957 2770 se
983 2703 1180 2779 advocatiae,
1208 2703 1262 2768 aiii
1288 2704 1348 2768 alia

265 2803 382 2876 munia,
423 2814 611 2883 recepturas
647 2814 679 2870 et
714 2804 951 2886 deputationes,
977 2804 1132 2878 ambiunt,
1164 2804 1195 2866 in
1232 2803 1348 2884 quibus

266 2901 390 2966 fuerunt
413 2902 555 2967 invenire
572 2914 719 2984 possunt,
737 2913 769 2968 et
785 2904 815 2966 in
833 2919 890 2968 sua
907 2903 1108 2984 professione
1124 2903 1345 2985 languescunt.

308 3048 369 3112 Pro
392 3049 533 3114 remedio
558 3051 741 3132 suggeritur
764 3061 797 3116 ut
818 3051 863 3114 iiii
887 3050 940 3132 qui
967 3051 1168 3132 quotidianas
1191 3049 1347 3115 lectiones

264 3146 419 3226 optinent,
438 3165 500 3212 non
518 3149 610 3214 facife
625 3159 713 3214 extra
729 3149 973 3214 Universitatem
990 3149 1194 3230 deputentur.

307 3245 395 3321 item,
415 3263 453 3310 ne
468 3245 559 3312 obire
577 3247 702 3327 possint
718 3248 823 3313 munia
839 3249 1018 3312 assessoris
1033 3248 1153 3313 domini
1170 3247 1347 3314 Conserva-

266 3347 357 3422 toris‚
368 3357 422 3412 aut
437 3349 507 3413 fisci
524 3357 555 3414 et
571 3349 694 3430 syndici
711 3349 945 3426 Universitatis,
958 3349 1052 3415 sicuti
1069 3349 1165 3415 niodo
1182 3349 1347 3430 professor

263 3446 436 3525 primarius
456 3446 539 3527 juris
562 3447 666 3512 civilis
682 3457 733 3512 est
750 3449 841 3512 soius
857 3465 1006 3513 assessor
1028 3449 1148 3514 domini
1167 3447 1345 3514 Conserva-

263 3545 413 3628 toris(f)‚
439 3555 471 3611 et
498 3564 579 3612 nnus
607 3547 773 3628 professor
798 3547 981 3612 ordinarius
1005 3547 1087 3628 juris
1113 3557 1163 3614 est
1190 3547 1289 3616 fiscus
1315 3558 1343 3614 et

262 3644 416 3724 syndicus
439 3645 736 3730 Urtivensitatis(f);
754 3647 876 3714 ratione
901 3646 992 3729 cujus
1014 3665 1111 3729 saepe
1134 3649 1345 3729 impeditura

262 3759 320 3808 sua
335 3745 520 3826 quotidiana
536 3745 686 3812 lectione.

296 3924 331 3998 (l)
350 3926 436 3982 Hsnri
456 3927 573 3999 Loyens,
590 3927 702 3984 docteur
722 3935 748 3983 et
769 3931 925 4000 professeur
944 3931 978 3984 de
997 3929 1086 3998 droia
1110 3947 1189 4003 noyez
1202 3929 1344 3986 cidessua.

263 4035 290 4087 p.
306 4017 371 4074 548.

291 4107 329 4179 (2)
349 4107 458 4164 Hilaire
485 4109 544 4164 Van
559 4109 670 4174 worm,
686 4111 800 4166 docieur
813 4117 840 4168 et
855 4115 1009 4185 professeur
1027 4113 1061 4166 ds
1079 4112 1151 4167 droit
1169 4111 1248 4178 ciri13
1265 4127 1346 4183 noyer.

254 4196 398 4264 ciconus,
415 4217 462 4272 pp.
479 4199 545 4269 322,
559 4199 614 4256 548
624 4207 651 4256 ct
664 4201 731 4262 564.
