3100 4942
771 407 954 470 -ltld-

328 588 476 654 sentibus
490 597 522 654 et
538 587 665 662 lutaris,
683 587 714 652 io
738 587 802 651 illis
819 585 969 652 uidelicet
991 603 1053 668 que
1068 585 1249 652 iudicialem
1273 585 1423 667 require·

329 697 400 750 rent
417 686 596 766 indaginem
613 703 699 750 sum·
717 689 722 765 l
742 686 841 750 marie
863 684 1051 766 simpliciter
1072 692 1103 748 et
1118 684 1159 750 dc
1174 683 1280 764 plano,
1297 683 1424 748 aesino

330 783 465 864 strepitu
489 795 520 850 et
534 784 635 865 ligura
660 785 779 864 iudicii,
797 785 828 848 in
845 783 917 864 aliis
932 801 1011 850 nero
1035 793 1129 863 prout
1144 783 1281 864 qualitas
1304 799 1420 848 eorum

330 883 471 962 exigeret
486 881 607 946 iustitie
622 883 903 961 complementum,
920 893 1132 963 occupatores
1154 899 1212 946 seu
1228 881 1422 946 detentores

331 981 555 1046 molestatores
569 991 810 1061 presumptores
822 991 852 1045 et
870 981 1075 1046 iniuriarores
1092 979 1274 1046 huiusmodi
1292 996 1421 1046 necnon

330 1080 586 1144 contradictores
601 1080 763 1159 quoslibet
776 1089 807 1144 et
823 1079 961 1146 rebelles
980 1079 986 1162 Ι
1004 1079 1236 1159 cuiuscumque
1251 1079 1423 1160 dignitatis

331 1188 434 1242 status
459 1178 579 1260 gradus
604 1178 729 1244 ordinis
757 1179 807 1244 uel
834 1179 1028 1244 conditionis
1055 1177 1247 1251 existerent,
1272 1178 1421 1258 qnando·

331 1293 469 1358 euinque
483 1286 515 1342 el
531 1277 819 1358 quotienscumque
841 1277 1006 1359 expediret
1028 1281 1217 1342 anctoritate
1239 1278 1420 1355 apostolica

333 1391 582 1457 percensuram
607 1376 860 1441 ecclesiasticam
889 1377 1102 1458 appellatione
1129 1375 1308 1456 postposita
1330 1391 1423 1440 com-

334 1474 508 1554 pescendo,
535 1475 684 1540 inuocato
711 1476 749 1539 ad
777 1476 838 1540 boc
868 1478 894 1538 si
922 1493 1003 1558 opus
1031 1475 1127 1540 luerit
1152 1475 1270 1538 anxilio
1297 1474 1422 1554 braebij

332 1571 489 1638 secularis
513 1573 627 1653 primo,
646 1573 653 1653 l
672 1583 703 1638 et
725 1573 841 1638 deinde
868 1591 926 1654 pro
954 1585 1043 1656 parte
1071 1574 1217 1638 Rectoris
1245 1573 1420 1637 Doctorum

333 1671 557 1751 llagistrorum
575 1671 751 1736 scolarium
771 1681 803 1737 et
820 1672 1044 1737 Vniuersitatis
1062 1688 1272 1752 personarum
1289 1688 1421 1736 eorum-

333 1767 404 1832 dem
435 1769 472 1832 ad
512 1770 654 1834 notitiam
689 1771 800 1850 prelati
838 1771 1082 1851 predecessoris
1115 1769 1254 1835 deducto
1283 1767 1421 1850 predicti

332 1866 439 1930 abbas
451 1878 482 1932 et
501 1869 645 1932 Decsnns
657 1885 756 1948 super
772 1868 939 1948 premissis
951 1868 1147 1949 exequendis
1163 1867 1421 1932 subsistentibus
1537 1869 1538 1898 ³

333 1965 432 2029 certis
463 1966 704 2032 rationabilibus
730 1967 838 2032 causis
864 1968 986 2032 eisdem
1015 1968 1141 2032 Rectori
1171 1967 1286 2030 Docto·
1305 1967 1311 2046 Ι
1331 1966 1420 2030 ribus

332 2062 505 2144 magistris,
525 2063 707 2130 Scolaribns
722 2073 755 2130 el
771 2065 918 2146 personis
935 2066 1041 2132 minus
1061 2075 1278 2146 congruerent
1294 2074 1326 2128 et
1341 2080 1420 2128 con·
1537 2115 1538 2118 ,

334 2161 493 2236 uenirent,
510 2170 542 2226 ct
564 2179 622 2242 pro
644 2171 732 2244 parte
755 2179 866 2228 eorum
889 2163 993 2228 eidem
1010 2163 1231 2243 predecessori
1255 2162 1420 2226 bumilitcr
1537 2179 1538 2238 }

334 2260 525 2341 supplicato,
551 2271 585 2324 nt
608 2263 647 2324 ab
673 2261 754 2340 ipsis
770 2261 891 2326 Abbale
913 2273 945 2326 et
966 2262 1097 2326 Decano
1115 2278 1243 2326 ornnem
1267 2260 1420 2326 iurisdic-

333 2357 453 2422 tionem
469 2369 500 2422 et
517 2367 705 2438 potestatem
725 2359 757 2422 in
775 2360 941 2438 premissis
959 2370 1137 2434 reuocaret.
1154 2371 1185 2424 et
1200 2361 1273 2424 loco
1289 2359 1420 2423 illorum

333 2455 470 2520 dilectos
488 2457 494 2536 l
514 2455 598 2522 lilios
624 2503 645 2519 ..
676 2457 875 2536 Propositum
904 2457 1086 2538 Moriasterij
1114 2469 1225 2522 sancte
1251 2457 1423 2522 Gertrudis
1536 2503 1537 2528 t

334 2552 543 2618 [ananiensis
570 2571 626 2634 per
653 2553 854 2634 Propositum
882 2556 969 2620 soliti
991 2556 1176 2638 gubernari,
1201 2566 1232 2620 et
1256 2556 1419 2620 becarium

334 2651 470 2716 ecclesie
497 2651 589 2716 beate
614 2653 739 2717 Gudule
767 2653 985 2718 bruxellensis
1015 2655 1209 2735 prelatorum
1239 2654 1419 2718 diocesium

332 2761 530 2830 surrogaret,
559 2752 701 2830 prelatus
729 2754 941 2832 predecessor
972 2771 1028 2834 per
1053 2753 1206 2833 quasdam
1236 2753 1315 2815 alias
1343 2768 1423 2816 suas

334 2848 457 2912 litteras
480 2865 608 2914 ornnem
632 2861 821 2930 potestatem
844 2862 876 2916 et
902 2851 1031 2916 iurisdi-
1051 2851 1214 2932 lotionem
1236 2851 1276 2914 ab
1299 2851 1423 2914 ebbate

334 2958 364 3010 et
383 2947 509 3012 Decano
525 2949 663 3014 ecclesie
679 2951 779 3014 sancti
800 2951 881 3016 Petri
900 2951 1082 3014 buiusmodi
1107 2950 1284 3025 reuocauit,
1302 2961 1335 3014 et
1350 2950 1424 3014 loco

333 3062 445 3110 eorum
463 3047 603 3126 prelatos
621 3048 821 3130 l’repositnm
837 3057 868 3114 et
884 3049 1045 3114 [lucanum
1067 3049 1152 3114 dicte
1175 3049 1314 3114 ecclesie
1330 3051 1425 3116 beate
1534 3129 1535 3134 Ἰ

331 3143 458 3208 Gndule
473 3145 563 3210 duxit
584 3146 787 3226 deputandos
803 3157 896 3228 prout
918 3147 949 3210 in
966 3147 1046 3228 ipsis
1062 3147 1177 3213 litteris
1202 3145 1329 3228 plenius
1343 3162 1421 3210 coo·

332 3242 463 3308 tinctor.
480 3241 559 3308 Cum
574 3254 680 3310 antem
704 3245 789 3310 sicut
803 3246 942 3310 exhibila
966 3246 1060 3310 nobis
1078 3261 1180 3326 nuper
1202 3244 1289 3310 dicto
1305 3261 1380 3324 pre·
1396 3246 1405 3324 l

331 3340 507 3407 decessore
534 3342 619 3408 sicut
647 3343 779 3408 domino
810 3345 928 3424 placuit
954 3345 1080 3409 sublato
1109 3343 1283 3408 demedio
1310 3343 1421 3408 diuina
1533 3403 1534 3420 ἶ

332 3439 459 3506 fauente
481 3441 651 3506 clementia
673 3442 712 3506 ad
734 3442 856 3522 apicem
880 3445 996 3506 summi
1019 3443 1221 3524 apostolatus
1243 3441 1423 3522 assumptis

333 3553 392 3617 pro
417 3548 507 3618 parte
529 3540 715 3604 eorumdem
737 3539 882 3606 {lectoris
899 3539 1071 3606 lioctornm
1087 3539 1293 3622 blagistorum
1309 3539 1422 3603 Scola-

334 3636 416 3698 rinm
432 3646 463 3700 et
479 3654 689 3715 personarum
706 3639 849 3704 eiusdem
867 3639 1091 3704 Vniuersitatis
1107 3638 1218 3720 petitio
1236 3637 1423 3703 continebat

333 3733 446 3814 prelati
476 3735 654 3816 Episcopus
683 3747 715 3800 et
744 3737 889 3802 [lecauos
908 3737 914 3818 l
933 3737 1070 3802 ecclesie
1099 3746 1208 3802 sancte
1238 3735 1363 3800 Gudulo
1389 3735 1421 3798 in

334 3831 502 3912 premissis
514 3835 711 3916 exequendis
723 3836 973 3900 subsistentibus
986 3837 1080 3900 etiam
1093 3835 1192 3900 certis
1204 3835 1424 3915 alijsrationa·

334 3929 453 3996 bilibus
465 3933 573 3998 causis
585 3933 705 3998 eisdem
721 3933 847 3998 ilectori
862 3933 1053 3998 Ductoribus
1067 3932 1424 4014 tlaglsrrisscolaribus

334 4037 364 4092 et
392 4029 495 4110 ipsius
522 4030 744 4096 Vniuersilatis
775 4033 923 4112 personis
954 4033 1058 4096 minus
1086 4032 1180 4096 utiles
1206 4031 1276 4095 sinc
1302 4047 1424 4096 corrue·

332 4127 460 4193 aientes
486 4129 624 4194 existant
649 4147 708 4210 pro
733 4145 822 4211 parre
843 4131 1028 4196 eorumdem
1054 4130 1202 4196 [lectoris
1221 4135 1227 4205 l
1248 4130 1421 4196 Doctorum
