3194 4940
786 471 969 534 -atd-

328 667 482 733 outnque.
499 650 713 718 concedimus
737 650 869 732 insuper
891 659 1003 716 tenore
1021 649 1219 730 presentium
1243 663 1425 716 oonserue·

334 749 459 818 toribus
483 747 725 833 priuileginrom
749 750 834 816 diets
858 749 924 815 illie
947 758 1058 814 nostre
1075 748 1302 814 uniuersitatis
1323 749 1422 820 boua-

332 849 458 920 niensis
484 857 675 930 potestatem
701 848 771 914 suis
797 847 1024 922 iniuriantibus
1047 847 1185 929 iuridiee
1212 845 1364 912 obuiondi
1381 856 1423 916 ,el

333 948 385 1012 ria
402 947 556 1014 canoniae
571 947 751 1018 sanotionis
765 955 877 1014 eontra
898 947 988 1028 ipsos
1006 946 1195 1012 iniuriantes
1211 943 1426 1026 procedendi,

336 1045 514 1112 seeundum
530 1045 615 1128 quud
631 1047 808 1127 apostoliea
824 1047 920 1120 sedus
935 1046 984 1111 eis
1000 1044 1173 1112 euneessit.
1192 1047 1308 1110 nantes
1326 1060 1421 1125 prop,-

333 1156 424 1212 ›terea
447 1145 479 1210 in
495 1145 653 1212 mandetis
669 1155 782 1216 tenore
804 1145 989 1211 buiustnndi
1007 1143 1205 1226 presentium
1229 1142 1428 1208 cancellario

339 1254 451 1310 nostro
467 1243 648 1319 brabantie,
666 1243 844 1324 presidenti
861 1251 974 1310 nostro
990 1243 1150 1320 lilandrie.
1164 1241 1295 1308 baillluo
1311 1252 1429 1314 nostre

336 1341 507 1411 Hannonis
535 1352 569 1408 et
604 1343 833 1420 locumtenentl
871 1341 973 1408 nostri
1005 1341 1183 1418 bullandis,
1214 1340 1365 1407 zelandie
1390 1350 1427 1408 el

332 1441 452 1518 triste,
469 1440 654 1522 ceterisque
676 1440 828 1523 gentibus
848 1441 888 1506 de
903 1440 1047 1506 Consilio
1062 1449 1186 1516 nostro,
1203 1455 1302 1520 super
1316 1438 1429 1504 oensis

330 1539 526 1618 elegendis
553 1539 728 1620 patriarum
750 1549 782 1605 et
804 1539 1021 1606 dominiorum
1049 1548 1234 1604 nostrorum
1250 1538 1363 1604 nostri
1385 1553 1428 1604 err

339 1645 429 1721 parte
451 1638 637 1704 commissis
660 1648 692 1704 et
710 1637 939 1720 deputatis,.ae
953 1637 1103 1703 omnibus
1125 1646 1157 1704 et
1172 1636 1311 1718 singulis
1329 1635 1425 1717 iusti-

340 1737 461 1814 diariis,
474 1735 639 1804 officiariis
650 1748 681 1804 et
695 1736 834 1802 subditis
847 1737 968 1803 nostris
985 1754 1042 1818 per
1053 1736 1156 1802 dietas
1167 1752 1280 1800 omnes
1297 1743 1430 1800 nostras

338 1843 456 1914 terras,
474 1834 545 1903 looa
563 1845 595 1902 et
610 1836 750 1903 dominia
768 1835 964 1912 constitutis,
981 1845 1012 1902 et
1027 1851 1139 1902 eurum
1154 1833 1430 1910 loeateuentibus,

334 1933 543 2016 presentibus
558 1944 592 2000 et
607 1935 735 2010 futuris,
750 1945 908 2018 quatenus
922 1933 1062 2016 prelatus
1077 1935 1244 2009 dectores,
1259 1934 1426 2008 doctores,

340 2032 523 2114 magistros,
548 2033 741 2110 licentiatos,
769 2034 949 2109 redoleres,
978 2034 1162 2115 supposita,
1191 2033 1370 2098 serultores
1395 2040 1428 2096 et

337 2129 498 2204 dictorum
514 2131 670 2197 librorum
683 2142 715 2197 et
730 2133 890 2198 bonorum
903 2148 1035 2199 suorum
1049 2141 1198 2198 ventures
1215 2145 1272 2196 seu
1289 2130 1434 2194 eonduc-

338 2239 438 2306 tores‚
463 2229 595 2310 prelatis
617 2229 737 2296 nostris
762 2229 943 2311 priuilegio,
966 2230 1080 2311 gratia.
1099 2229 1258 2304 libertate,
1277 2228 1431 2292 immuni·

337 2337 402 2394 tate
417 2339 449 2394 et
464 2328 665 2408 exemptione
682 2329 726 2391 uti
742 2339 773 2394 et
788 2329 930 2409 gaudere
944 2328 1076 2410 panibus
1092 2337 1123 2392 et
1139 2327 1247 2408 quiete
1261 2325 1433 2406 perpetuis

336 2427 455 2502 'tuturis
475 2426 672 2507 temporibus
696 2426 863 2492 innianter
887 2427 1133 2507 permittentia
1157 2435 1189 2491 et
1213 2441 1270 2504 per
1295 2425 1430 2488 modum

340 2535 529 2605 pretantum,
553 2528 625 2589 sine
651 2525 822 2600 disturbio‚
847 2524 1077 2604 impedimento
1104 2533 1159 2588 aut
1187 2522 1434 2603 perturbatione

340 2623 607 2703 quibuscumque,
625 2632 656 2688 et
677 2623 765 2703 ipsos
789 2627 881 2703 (quos
903 2640 1018 2690 omnes
1040 2633 1071 2687 el
1094 2623 1241 2703 singulos
1263 2622 1293 2684 in
1319 2631 1434 2684 nostra

340 2720 487 2798 tuitione,
506 2722 705 2801 protentione
724 2731 756 2786 et
771 2723 902 2802 speeiali
923 2723 1054 2802 guardia
1077 2721 1227 2800 ponimus
1241 2731 1273 2784 et
1290 2719 1432 2798 suseipi-

340 2836 412 2886 mus
426 2838 482 2900 per
499 2824 676 2901 presentes)
689 2821 840 2884 omnibus
854 2822 1019 2886 tenoribus
1032 2831 1065 2886 et
1077 2819 1257 2885 bonoribus
1268 2819 1385 2882 debitis
1398 2825 1433 2882 et

341 2918 489 2986 honestis
510 2930 757 3000 prosequentur,
776 2931 807 2984 et
823 2936 838 2980 a
857 2920 1112 2999 quibuscumque
1135 2915 1435 2990 molestationibus

341 3018 480 3090 iniuriis,
497 3019 671 3094 violentiis,
688 3019 942 3098 grausrninlbus‚
958 3017 1126 3092 molestiis,
1146 3015 1434 3097 oppressionibus,

341 3117 372 3184 vi
402 3133 577 3194 erutorum,
602 3117 756 3196 potentia,
782 3117 936 3181 laicorum
963 3115 1249 3198 inquietationibus
1275 3125 1330 3178 aut
1354 3113 1436 3177 aliis

342 3217 541 3282 nuditatibus
555 3216 704 3282 indebitis
719 3215 892 3280 detundant
909 3225 940 3281 et
956 3217 1083 3282 delendi
1101 3215 1229 3287 laniant,
1243 3213 1428 3278 buiusmodi

340 3315 556 3396 priuilegium,
570 3315 716 3398 gratiam,
731 3315 923 3389 libertatem,
934 3316 1177 3388 immunitatem,
1191 3314 1433 3393 exemptionem

333 3421 374 3490 ,et
399 3415 521 3478 seluern
547 3414 711 3495 guardiam
742 3425 881 3490 nostras,
910 3414 937 3478 si
964 3431 1047 3494 opus
1077 3414 1119 3477 sit
1146 3422 1177 3478 et
1207 3413 1281 3477 inde
1312 3411 1432 3476 luerint

340 3512 499 3591 requisiti,
519 3511 710 3592 publicando
733 3521 764 3576 et
778 3513 1025 3590 preronlzanrlo,
1039 3531 1097 3580 seu
1124 3511 1279 3591 publicari
1304 3519 1336 3575 et
1355 3527 1434 3591 pre·

334 3609 481 3690 ⁴pettinari
498 3610 655 3682 lueiendo,
674 3627 713 3674 ne
728 3609 801 3690 quis
817 3611 848 3672 in
864 3611 1059 3674 contrarium
1074 3620 1231 3675 attentare
1248 3619 1432 3690 presumat,

335 3707 391 3787 ,trel
412 3708 453 3774 de
469 3708 648 3788 ignorantia
672 3726 707 3772 se
724 3709 828 3788 possit
848 3724 1015 3774 excusare.
1033 3709 1101 3784 Que
1118 3708 1291 3788 publicatio
1313 3708 1340 3772 si
1359 3707 1431 3772 lieri

341 3805 613 3887 contingendum
638 3806 696 3870 ltus
720 3817 850 3872 nostras
875 3819 1041 3886 presentes
1068 3809 1099 3870 ln
1125 3807 1206 3872 loeis
1230 3807 1376 3887 pluribus
1398 3815 1433 3871 el

340 3903 481 3970 diuersis
510 3905 682 3970 ostendere
712 3907 914 3980 conuenerit,
945 3906 1094 3980 volumus
1129 3906 1214 3986 ound
1248 3907 1288 3970 ad
1317 3921 1435 3972 earum

341 4011 595 4084 transsumptum
621 4004 728 4084 aliquo
754 4004 940 4070 autltentieo
966 4004 1072 4085 sigilio
1100 4005 1255 4070 munitum
1281 4005 1374 4085 plena
1398 4011 1438 4082 et-

342 4100 418 4170 tans
434 4101 515 4166 lldes
530 4101 728 4175 adhibeatur.
744 4102 850 4180 qualis
865 4102 1050 4167 huiusmodi
1065 4103 1213 4184 originali
1229 4103 1362 4170 deberet
1378 4111 1436 4168 aut

335 4175 459 4279 {posset
474 4200 631 4267 adbiberi.
649 4200 684 4264 ln
700 4201 794 4266 euius
818 4203 862 4266 rei
880 4202 1096 4268 testimonium
1115 4212 1282 4282 presentes
1305 4203 1440 4268 litterae
