3246 4944
755 455 939 527 -oto-

302 646 518 731 publicatioue
534 646 675 712 iacienda
691 644 895 710 serenissimi
921 643 1078 724 Principis
1101 646 1203 712 nostri
1229 643 1385 710 uoluntati

302 766 361 813 uec
388 763 484 827 posse
510 762 569 810 nee
595 745 677 810 uelle
704 745 866 817 resistere,
885 743 1124 809 illustrissimae
1149 746 1235 810 Tuae
1259 743 1387 810 Gratiae

302 844 542 928 praedeeessnrj
569 844 667 909 luisse
690 845 812 923 scripto
831 842 1015 918 exhibitam,
1033 845 1086 925 qui
1103 845 1184 908 eitra
1200 843 1384 924 aliquoties,

300 964 371 1012 cum
389 944 576 1010 Reverendo
595 943 728 1009 llomino
754 942 897 1006 Praelalo
922 942 1072 1006 l'arcensi
1095 959 1133 1008 eo
1157 943 1285 1008 nomine
1306 959 1385 1008 eon-

302 1045 399 1118 uenit.
416 1060 622 1125 necunquam
636 1042 885 1125 et(lisezei)aut
901 1041 1105 1122 Vniuersitalj
1123 1052 1265 1118 nostrae,
1282 1042 1386 1106 dictae

302 1143 549 1210 deformationis
588 1141 833 1223 publicationem
867 1139 1018 1221 joltibuit.
1053 1141 1127 1206 Eius
1160 1140 1386 1206 declarationis

300 1243 479 1323 exemptum
496 1259 568 1306 eum
586 1240 657 1321 alijs
670 1239 894 1322 jnstrumentis
915 1239 976 1304 ltoc
1001 1241 1162 1322 negotium
1188 1257 1386 1305 concernen-

300 1343 385 1406 tibus
409 1340 650 1405 illustrissimae
666 1339 792 1404 Gratiae
807 1338 893 1404 Tuae
909 1355 925 1401 a
943 1338 1031 1404 dicto
1046 1339 1117 1404 eius
1134 1338 1389 1404 praedecessore

302 1442 449 1507 traditum
468 1456 628 1521 nunquam
651 1438 882 1514 dubitavimus;
908 1455 988 1520 quae
1010 1455 1106 1502 causa
1132 1439 1201 1513 luit,
1218 1439 1303 1520 quod
1329 1455 1389 1503 neo

302 1539 502 1604 Vniuersitas
520 1555 578 1602 neo
592 1537 667 1617 dieti
686 1536 785 1618 nostrj
803 1536 1020 1618 Commissarij
1037 1553 1076 1602 eo
1094 1536 1222 1602 nomine
1238 1536 1388 1602 lllustris-

302 1639 414 1703 simam
430 1636 527 1701 Tuam
543 1637 683 1700 Gratiam
701 1635 965 1716 interpellandam
984 1635 1217 1702 iudicauerunt.
1245 1635 1389 1717 lucoque

302 1755 370 1803 eam
401 1753 551 1818 rogamus
578 1744 620 1808 ut,
645 1735 672 1797 si
699 1751 760 1815 qua
788 1735 839 1798 bio
864 1734 958 1815 culpa
984 1735 1156 1800 commissa
1189 1735 1294 1810 luerit,
1318 1751 1388 1799 eam

301 1837 376 1900 ltuic
399 1835 589 1900 Academiae
613 1833 725 1898 eiusue
748 1832 987 1914 Commissarijs
1013 1850 1074 1897 uon
1095 1834 1239 1914 imputet,
1257 1841 1390 1899 sanetae

301 1934 373 1998 Sedi
398 1933 602 2014 spostolicae
632 1931 750 1996 indicet
776 1932 883 1996 omnia
910 1932 1050 2013 quaein
1077 1931 1139 1998 boe
1165 1931 1292 2013 negotio
1319 1941 1390 1996 aeta

303 2033 441 2106 luerunt,
472 2032 619 2096 mandato
649 2031 934 2096 serenissimorum
965 2031 1148 2112 Principum
1183 2031 1279 2113 oetgtj
1318 2039 1389 2096 acta

304 2141 495 2212 peractaque
525 2131 636 2195 luisse.
661 2129 845 2210 Exemplum
877 2130 1124 2195 Rolurmationis
1154 2141 1185 2194 et
1214 2140 1340 2195 caetera
1373 2149 1391 2194 a

304 2229 396 2294 nobis
435 2231 531 2310 petita
566 2228 812 2294 illustrissimae
847 2229 933 2293 Tuae
968 2229 1093 2294 Gratiae
1126 2229 1388 2294 transmittimus.

302 2327 400 2403 Qttam
419 2345 568 2409 rogamus
587 2329 669 2392 lleus
687 2337 734 2391 ter
749 2326 895 2407 Optimus
910 2328 1064 2392 Maximus
1082 2327 1288 2408 Reipublicae
1313 2327 1391 2392 bule

301 2428 459 2492 literariae
483 2437 513 2491 et
538 2425 699 2492 Ecclesiae
722 2444 816 2507 quam
840 2427 1020 2492 diutissime
1036 2435 1209 2493 conseruet
1225 2435 1257 2492 et
1272 2436 1389 2508 augeat

301 2526 387 2590 omni
407 2526 502 2590 bono.
523 2525 649 2606 Lovanij
668 2527 700 2587 i·
713 2525 909 2606 Septembris
927 2527 1016 2590 1611.
1033 2527 1077 2609 (l)

469 2674 712 2739 illustrissimae
728 2675 853 2739 Gratiae
869 2675 1001 2740 Vestrae
1017 2674 1226 2740 addictissimi

603 2773 718 2838 Reclur
734 2784 764 2839 et
779 2773 979 2839 Vniuersitas
996 2774 1222 2840 Louaniensis.

351 2976 454 3056 Super
482 2972 597 3056 quibus
626 2973 739 3037 litteris
770 2991 854 3037 uune
883 2973 975 3037 lectis
1004 2983 1035 3039 et
1066 2973 1096 3036 in
1125 2973 1390 3038 deliberationem

308 3073 511 3138 dominorum
543 3071 666 3152 positis,
697 3071 855 3138 conclusit
882 3071 1071 3152 magniilcus
1097 3072 1245 3136 dominus
1273 3071 1393 3137 Reclor

307 3189 362 3236 eas
376 3173 500 3252 placore
513 3182 543 3236 et
555 3171 789 3253 quamprimum
803 3187 873 3234 eum
888 3169 1020 3251 reliquis
1033 3170 1112 3236 actis
1125 3182 1155 3235 et
1168 3171 1393 3236 instrumentis

308 3271 467 3353 negotium
506 3270 698 3334 visitationis
734 3269 959 3333 Universitatis
997 3268 1172 3334 novissime
1210 3269 1391 3350 publicatae

306 3370 576 3436 concernentibus
605 3380 637 3434 et
668 3385 723 3449 per
752 3368 1006 3434 illustrissimum
1036 3368 1198 3434 dominum
1229 3369 1388 3434 Nuncium

308 3470 414 3551 petitis
429 3471 466 3534 ad
484 3468 733 3535 illustrissimam
750 3469 845 3533 Suam
863 3468 1001 3532 Gratiam
1018 3467 1288 3534 transmittendas.

349 3685 439 3750 «Die
461 3683 618 3758 sabbathi,
644 3701 725 3748 noua
748 3682 940 3765 septembris
965 3683 1038 3746 anni
1064 3684 1154 3760 1611,
1179 3693 1303 3750 servata
1331 3685 1391 3749 luit

305 3782 468 3863 deputatio
484 3782 717 3847 Universitatis.
736 3782 768 3845 ln
784 3799 846 3863 qua
863 3782 964 3863 primo
981 3783 1081 3848 lectae
1094 3793 1125 3846 et
1138 3783 1168 3845 in
1185 3783 1389 3848 dominorum

306 3880 591 3944 deliberationibus
618 3883 741 3962 positae
768 3892 842 3946 sunt
872 3881 996 3946 litterae
1026 3880 1234 3946 illustrissimi
1266 3881 1390 3947 domiui

306 3977 638 4058 Nuneiiapostolioiad
650 3979 1364 4061 Universitatemdirectae,lettorissequentis
1382 3999 1389 4044 :

344 4206 380 4280 (1)
402 4209 478 4262 Nous
505 4210 696 4279 reproduisons
722 4217 792 4266 celle
819 4213 899 4267 lettre
924 4211 1030 4284 d'apres
1057 4213 1084 4267 la
1112 4214 1214 4268 minute
1239 4214 1276 4266 du
1310 4214 1392 4268 eruor

307 4296 468 4354 Dictatort's.
