3100 4942
743 421 927 484 -lllt-

331 607 385 670 drs
399 621 527 668 revertur
542 605 595 668 des
609 603 752 684 bdndficrs
775 601 864 684 qu't'lr
877 601 1050 684 presidem,
1068 607 1134 664 toul
1156 620 1191 664 ru
1207 619 1246 665 ne
1260 602 1375 681 [droul

331 723 388 787 por
404 704 434 767 lo
449 703 611 768 rdaideure.

721 859 753 914 13
772 859 844 914 avril
868 857 948 913 1443.

444 1031 518 1088 Tltre
537 1039 577 1087 du
596 1038 746 1087 souverain
762 1037 869 1099 poutlse
887 1037 913 1087 el
931 1047 1035 1101 arenga
1053 1049 1089 1087 ou
1105 1035 1224 1098 ρνέῐαω.

334 1171 485 1236 Eusenos
508 1189 665 1235 srtscnrus
680 1189 793 1234 saurus
816 1189 970 1235 sanuonuu
994 1171 1305 1234 ue1.llnrenrermu
1327 1187 1377 1233 nar

292 1287 457 1336 aaronita.
480 1269 636 1346 Quoniam
662 1269 840 1336 litterarum
873 1287 909 1334 se
934 1269 1051 1352 studijs
1075 1268 1274 1350 applicantes
1303 1285 1376 1348 pro·

290 1369 392 1450 pulsis
408 1370 593 1452 ignoranole
609 1369 753 1434 tenebris
770 1385 877 1434 mores
892 1368 1093 1449 virtutesque
1111 1367 1283 1447 complecti
1300 1383 1376 1447 pos·

288 1468 351 1532 siut
375 1477 407 1534 et
428 1467 510 1534 effici
535 1467 727 1548 reipublice
751 1467 969 1548 multiplieiter
993 1466 1161 1548 profuturi,
1178 1465 1376 1548 specialibus

289 1567 385 1650 digne
401 1567 566 1632 fauoribus
582 1567 748 1631 attollendi
772 1575 859 1639 sunl.
877 1575 909 1631 et
926 1583 965 1631 ue
980 1565 1204 1648 temporalium
1226 1564 1377 1629 carenoin

289 1682 396 1731 rerum
416 1665 455 1730 ab
482 1665 669 1732 huiusmodi
697 1665 813 1746 studiis
839 1665 1041 1730 retrahantur
1063 1665 1111 1730 eis
1137 1662 1285 1729 auxiliari
1314 1662 1378 1728 ire·

288 1763 446 1846 quenoius
462 1763 602 1844 expedit,
619 1771 653 1828 vl
669 1781 814 1846 congrue
829 1771 1059 1830 sustententur.

567 1931 721 1997 &rppllque
737 1945 802 1984 noer
821 1937 929 1986 roieom
947 1935 966 1983 d
986 1929 1100 1996 l'opptrl.

333 2065 456 2132 Dudum
493 2065 651 2150 siquidem
691 2067 795 2136 leliois
831 2067 1064 2134 recordationis
1098 2065 1254 2131 ldartinus
1295 2082 1377 2147 papa

289 2165 420 2246 quintus
437 2166 650 2248 predaaessor
667 2176 778 2232 noster
795 2177 962 2249 postquam
980 2175 1133 2232 statuerat
1149 2176 1181 2231 et
1196 2165 1373 2250 ordinarat,

289 2263 375 2346 quud
401 2265 430 2327 in
452 2263 550 2346 opido
574 2263 782 2342 bononiensi,
800 2265 987 2332 Leodieusis
1010 2265 1163 2340 diocesis,
1180 2265 1211 2328 in
1235 2263 1377 2346 qualibet

289 2363 375 2428 licita
404 2371 606 2446 preterquam
643 2364 833 2448 theologica
871 2363 1022 2430 laoultnte
1049 2363 1199 2444 generale
1233 2363 1377 2427 studium

290 2464 457 2536 existeret,
472 2464 664 2530 auctoritate
679 2463 856 2530 litterarum
874 2480 1004 2528 suarum
1020 2461 1147 2528 dilectis
1161 2461 1235 2544 filijs
1248 2461 1376 2528 llecton'

289 2578 328 2626 ac
348 2561 510 2626 uniuersis
536 2573 568 2626 et
590 2561 726 2644 singulis
756 2561 957 2636 Ductoribus.
982 2560 1153 2642 Magistra,
1177 2559 1375 2634 licentiatis,

292 2659 483 2740 Baomlarijs
498 2671 529 2724 et
544 2659 615 2742 alljs
632 2661 815 2726 scolaribus
839 2669 901 2724 lam
916 2660 1117 2726 secularibus
1133 2675 1227 2740 quam
1251 2659 1377 2740 regula-

293 2757 384 2823 ribus
405 2757 521 2824 ibidem
546 2760 576 2824 iu
602 2762 758 2842 premissa
783 2769 986 2842 preterquam
1008 2759 1200 2840 llteologiua
1226 2758 1377 2824 facultate

293 2875 350 2937 pro
378 2866 521 2939 tempore
551 2857 730 2940 legentibus
759 2857 809 2923 vel
838 2857 917 2924 alias
944 2858 1020 2922 inibi
1050 2857 1227 2924 litterarum
1257 2855 1376 2936 studijs

289 2955 531 3036 quomodolibet
553 2957 777 3022 insistentibus
800 2955 944 3030 indulsit,
962 2973 1000 3020 ac
1015 2955 1125 3020 statuit
1147 2965 1180 3022 et
1198 2955 1373 3030 ordinauit,

292 3068 323 3119 rt
339 3073 448 3121 rorum
462 3056 580 3137 singuli
597 3057 731 3131 fructus,
746 3057 891 3121 redditus
907 3065 938 3121 et
954 3067 1129 3136 prouentus
1143 3053 1373 3121 benodnlorum

289 3172 422 3219 suorum
439 3155 733 3220 ecclesiastieorum
752 3173 824 3220 oum
840 3171 918 3220 eura
934 3166 966 3220 et
981 3157 1051 3220 sine
1074 3171 1164 3231 oure,
1181 3154 1375 3219 secularium

288 3269 326 3317 ac
353 3255 557 3334 regularium,
583 3271 645 3335 que
671 3255 702 3317 in
729 3255 900 3337 quibusuis
923 3254 1070 3335 ecclesijs
1097 3253 1168 3318 siue
1190 3253 1271 3318 locis
1299 3262 1377 3316 tuno

287 3351 488 3426 obtinebant,
505 3363 536 3418 et
557 3353 632 3419 illos
655 3355 804 3420 obtinere
829 3371 886 3433 pro
904 3363 1049 3434 tenpore
1071 3353 1284 3434 contingeret,
1301 3367 1375 3418 oum

287 3467 325 3516 as
342 3451 535 3532 integritate,
552 3453 725 3518 ootidianis
740 3453 1024 3520 distributionibus
1040 3441 1201 3518 duntonat
1216 3453 1373 3532 exeeptis,

288 3547 390 3615 libere
413 3550 579 3631 percipere
600 3552 757 3628 valerent,
780 3567 855 3618 oum
877 3568 940 3634 qua
955 3552 1030 3618 illos
1053 3552 1269 3633 perciperent.
1290 3552 1319 3617 si
1341 3553 1374 3616 in

288 3647 369 3725 ipsis
384 3647 532 3730 ecelesiis
547 3649 619 3716 siue
641 3649 722 3714 loeis
739 3651 953 3731 personaliter
975 3651 1166 3726 residerent,
1183 3659 1215 3716 et
1229 3651 1268 3716 ad
1293 3653 1374 3718 resi·

286 3743 427 3808 dandum
450 3745 576 3838 interim
599 3747 633 3812 in
655 3747 776 3814 eisdem
802 3747 932 3814 minime
955 3758 1154 3824 tenerentur,
1171 3766 1231 3816 neo
1253 3750 1291 3814 ad
1308 3750 1374 3816 ida

287 3859 449 3924 quoquam
465 3843 555 3910 inulti
572 3845 715 3912 valerent
730 3847 883 3922 coartari,
901 3856 997 3927 prom
1013 3847 1157 3914 indietis
1173 3848 1290 3914 littaris
1306 3849 1375 3930 ple·

289 3938 363 4004 nius
378 3940 572 4010 continetur.
589 3943 666 4008 Cum
684 3944 791 4025 itaque
808 3953 918 4025 postea
935 3962 1006 4022 nos,
1023 3946 1078 4027 qui
1092 3946 1182 4011 dioto
1202 3947 1375 4027 predeces-

288 4053 374 4112 sore,
400 4039 484 4106 sieut
506 4041 637 4108 domino
661 4043 791 4123 meruit,
815 4045 857 4109 ab
879 4044 939 4109 bae
966 4045 1039 4110 lone
1061 4046 1236 4122 subtracto,
1257 4045 1378 4112 luimus

287 4135 397 4201 diuina
428 4137 555 4206 iaueute
590 4141 758 4207 elementia
789 4141 828 4207 ad
858 4141 981 4225 apicem
1020 4143 1138 4210 sommi
1167 4146 1377 4226 apostolatus
