3222 4944
744 395 926 462 -toe-

336 582 373 648 Et
389 580 515 648 interim
528 582 613 662 rruod
627 579 780 662 repeticio
797 579 1062 644 iustitutariorum
1081 577 1205 660 tict,aiij
1220 577 1376 654 scolares

294 681 347 762 qni
371 682 402 745 in
426 680 564 746 tectione
587 679 749 744 ordinaria
772 679 811 744 de
834 697 908 744 sero
932 677 1171 752 intervenerint,
1191 677 1276 740 ittam
1292 678 1377 757 opud

295 797 331 846 se
358 779 547 845 residebunt
573 788 603 844 ct
631 778 784 844 memorie
809 777 1089 850 commendabunt,
1117 787 1149 842 et
1174 777 1261 857 teges
1288 776 1378 857 prius

296 896 359 944 non
376 879 461 943 risus
478 879 508 942 in
524 877 614 960 glosa
630 877 679 942 vet
696 877 839 942 doctoris
861 876 998 958 legentis
1021 875 1201 942 recollectis
1223 875 1376 956 attegatas

294 977 456 1044 ridebunt.
474 977 512 1040 Et
534 975 650 1042 deiude
672 975 813 1042 secunde
835 976 913 1042 bure
928 985 1001 1040 ante
1017 992 1128 1040 uenam
1146 974 1373 1056 repeticionem

295 1078 410 1143 facient
436 1093 544 1140 eoram
572 1085 687 1150 tutore,
715 1075 799 1140 sicut
829 1075 978 1156 superius
1004 1083 1053 1138 est
1078 1074 1210 1138 dietum.
1239 1075 1274 1139 Et
1300 1074 1376 1140 inde

235 1189 237 1196 ·
293 1177 428 1241 derecto
458 1175 496 1239 ad
527 1191 638 1242 cenom
668 1183 700 1238 et
729 1191 766 1238 ea
802 1173 901 1244 tinita.
934 1175 1113 1252 interponet
1149 1182 1235 1238 tutor
1266 1173 1375 1252 jocum

233 1318 239 1366 Ι
294 1276 464 1340 benestum
492 1291 548 1355 per
574 1273 709 1338 mediam
737 1272 860 1348 horam,
884 1283 915 1336 et
941 1272 1194 1353 disputaciooeru
1221 1272 1377 1336 tetemet

289 1373 461 1454 jocundam
490 1390 545 1453 per
570 1372 701 1436 atteram
729 1372 864 1436 mediam
892 1371 1014 1446 boram,
1042 1379 1073 1435 et
1102 1370 1175 1436 inde
1205 1370 1306 1435 mittet
1335 1371 1374 1433 ad

293 1471 527 1536 dormiendum.
547 1471 583 1534 iit
604 1470 720 1534 diebus
741 1485 803 1534 uon
821 1469 1014 1550 legibiiibus,
1033 1469 1175 1550 exceptis
1191 1468 1372 1543 dominicis,

294 1571 347 1635 iiet
364 1578 435 1651 post
452 1569 618 1651 prandium
634 1568 801 1633 circularis
817 1568 997 1649 disputacio
1013 1569 1044 1630 in
1064 1567 1203 1650 quotibet
1218 1567 1326 1642 tutela,
1344 1575 1376 1632 et

229 1702 232 1725 ι
292 1670 352 1734 alia
368 1668 519 1734 exercitia
536 1684 593 1749 pro
611 1665 809 1748 providentia
826 1677 856 1732 et
871 1667 1068 1732 discretione
1084 1675 1236 1732 tutorum.

335 1818 372 1882 Et
409 1826 442 1881 ut
478 1816 594 1880 nedum
632 1815 754 1895 premio
790 1815 918 1880 virtutis
955 1825 986 1880 et
1021 1815 1123 1896 glorie
1159 1814 1304 1880 scolares
1335 1814 1375 1878 ad

292 1915 507 1982 obedientiam
534 1914 648 1978 tutoris
675 1913 866 1988 alliciantur,
887 1915 961 1995 quin
989 1915 1083 1980 etiam
1111 1924 1194 1979 metu
1222 1929 1375 1993 penarum

262 2033 267 2041 ¹
292 2014 522 2095 astringantur,
540 2012 747 2078 concedimus
763 2012 923 2077 tutoribus
941 2023 985 2088 nt,
1005 2021 1171 2094 postquam
1188 2011 1375 2076 deficientes

294 2115 324 2178 in
348 2111 515 2194 premissis
538 2120 569 2176 et
592 2111 622 2174 in
638 2111 743 2175 debita
759 2110 940 2176 obedientia
957 2119 1110 2182 tutorum,
1128 2125 1185 2192 per
1200 2125 1257 2174 eos
1274 2109 1374 2189 prima

293 2211 518 2292 increpacioue
545 2209 709 2285 admoniti,
727 2210 899 2274 emendare
926 2209 1099 2282 notuerint,
1122 2209 1248 2289 possint
1273 2207 1374 2272 eciam

292 2327 390 2392 penes
413 2308 660 2374 substractionis
682 2307 746 2370 viui
772 2323 834 2372 nno
858 2315 961 2389 pastu,
979 2307 1027 2371 vet
1054 2307 1118 2378 die,
1135 2313 1189 2370 aut
1216 2306 1374 2386 pturtbus,

291 2419 322 2474 et
359 2409 459 2474 eciam
490 2407 738 2471 substractionis
767 2407 909 2472 earnium
940 2405 988 2471 rei
1020 2405 1168 2486 piscium,
1199 2405 1293 2469 simui
1325 2405 1374 2470 vet

291 2507 474 2588 separatim,
489 2505 577 2586 iuxta
595 2505 641 2568 rei
657 2505 848 2585 exigentiam
864 2513 895 2570 et
910 2504 1053 2570 deiectus
1074 2504 1283 2585 frequentiam
1307 2504 1375 2568 adi-

291 2623 376 2678 cere,
394 2621 452 2670 oec
468 2621 529 2668 non
548 2621 645 2684 penas
663 2603 858 2684 pecnniates,
874 2604 901 2668 si
920 2604 1076 2684 premisse
1092 2613 1371 2684 contempnentur,

291 2704 447 2784 indigere.
472 2705 538 2777 Que
565 2719 677 2766 ornnes
705 2719 785 2782 pene
808 2702 834 2766 si
859 2713 966 2782 sprete
990 2703 1116 2777 suerint,
1142 2712 1228 2766 tutor
1250 2703 1374 2766 decano

291 2803 448 2868 iacuitatis
464 2813 496 2866 et
512 2802 634 2866 doctori
651 2803 767 2883 legenti
787 2801 954 2874 nuntiabit,
965 2811 998 2866 ut
1014 2802 1216 2883 grauioribus
1232 2801 1375 2882 affligant

291 2901 400 2981 penis;
428 2910 481 2965 ent
507 2902 606 2965 eciam
635 2901 762 2965 Rectori
790 2901 1014 2966 Universitutis
1040 2901 1206 2966 denuntiet
1230 2919 1286 2966 seu
1311 2900 1373 2980 ipsi

290 2999 493 3065 Universitati
517 3000 554 3062 ad
581 2999 817 3080 procedendum
842 2999 941 3063 eciam
969 3000 1133 3080 usquead
1163 2998 1374 3078 privationem

290 3099 329 3163 ab
344 3099 558 3164 Universitate
574 3098 742 3176 inclusive,
761 3098 787 3162 si
805 3115 938 3164 necesse
956 3099 1060 3162 inerit.

331 3247 369 3313 Et
392 3265 431 3313 ne
454 3257 599 3329 pretextu
621 3247 832 3312 institutionis
856 3248 1070 3329 predictarum
1091 3248 1260 3311 tutelarum
1278 3247 1375 3328 aliqui

289 3349 433 3412 scolares
464 3346 606 3427 predicte
633 3346 853 3412 Universitatis
884 3357 955 3412 actu
988 3348 1018 3410 in
1048 3363 1084 3411 ea
1117 3347 1295 3411 residentes
1325 3346 1374 3410 vei

291 3446 526 3510 immatrieutati
557 3456 684 3510 sumant
713 3447 917 3511 occasionem
953 3447 1097 3510 eamdem
1130 3445 1375 3510 Universitatem

291 3544 502 3623 relinquendi,
536 3544 742 3624 probibemus
778 3545 929 3609 omnibus
966 3545 1103 3608 subditis
1142 3543 1261 3608 nostris
1297 3560 1376 3624 uua-

291 3640 506 3723 tiumcnmqne
534 3654 716 3708 nostrarum
744 3644 928 3725 patriarum,
954 3645 1008 3725 qni
1036 3644 1066 3706 in
1096 3643 1238 3724 predicta
1267 3649 1376 3706 nostra

292 3737 504 3804 Universitate
527 3751 559 3805 ct
581 3741 784 3807 tacntraribns
804 3741 886 3822 juris
911 3752 981 3806 actu
1000 3741 1143 3806 resident
1158 3753 1211 3805 aut
1227 3741 1377 3806 intitulati

291 3847 378 3911 sunt,
396 3847 427 3902 et
440 3837 503 3918 jam
520 3840 558 3902 ad
575 3840 635 3902 alia
655 3841 759 3904 studia
778 3857 839 3904 non
857 3842 1109 3914 declinaverunt,
1129 3857 1168 3904 oe
1184 3839 1244 3920 ipsi
1260 3839 1299 3902 ad
1316 3839 1379 3903 atie

291 3935 396 3998 studia
419 3939 579 4016 generalia
603 3949 690 4003 extra
716 3940 835 4020 patrius
860 3949 986 4004 nostrus
1013 3957 1048 4003 se
1074 3939 1250 4011 conterant,
1273 3940 1379 4003 deereo

291 4049 348 4111 per
374 4034 557 4108 triennium,
583 4045 613 4100 et
640 4037 681 4116 bij
710 4038 763 4118 qni
792 4039 822 4101 in
849 4039 997 4103 t'acuitute
1019 4038 1133 4102 artium
1156 4039 1192 4100 ad
1218 4036 1378 4116 pbisieam

291 4131 448 4197 intrarunt
466 4135 549 4200 etad
568 4135 661 4199 aiiam
678 4137 877 4218 superiorem
905 4137 1082 4200 fucultatem
1107 4134 1242 4199 transire
1265 4135 1376 4203 volue-
