3246 4944
726 373 910 490 4111-

273 605 521 682 Soliinclrelium,
544 603 697 686 Sylvium,
724 603 916 682 advocatum
947 603 1089 668 tisoalem
1120 605 1301 678 Santvoort,
1330 611 1361 672 ot

272 704 429 770 ecclesiae
466 703 569 769 sancti
605 703 689 769 Petri
727 711 902 784 pastorem.
935 701 1058 767 Idcirco
1085 702 1267 769 Dominatio
1296 704 1360 770 Tua

272 804 405 879 curabit,
424 813 457 870 ut
473 804 581 880 iidem,
597 819 692 886 qnam
713 803 853 884 primum
879 802 947 866 neri
973 802 1099 883 poterit,
1118 793 1298 868 bruxellam
1321 805 1359 870 ad

272 921 333 968 uos
355 910 536 969 excurrant.
554 903 591 968 lit
613 901 767 985 quidquid
792 901 824 965 in
845 901 907 967 hoc
923 907 1070 967 occurret
1087 901 1136 966 vel
1152 917 1229 984 agas
1245 903 1282 968 ad
1301 920 1360 969 nus

271 1002 378 1068 statim
401 1019 459 1084 per
484 1002 607 1067 litteras
632 1002 769 1068 deseras.
787 1001 933 1067 Getarum
964 999 994 1064 in
1022 1007 1053 1066 te
1071 1009 1239 1083 totamque
1265 992 1357 1067 istam

270 1101 516 1167 Universitatem
546 1105 687 1165 nostram
719 1099 913 1181 peculiarem
951 1099 1200 1179 propensionem
1239 1101 1357 1181 reipsa,

269 1216 342 1265 cum
365 1215 438 1266 sese
460 1199 568 1264 tulerit
590 1199 732 1272 occasio,
748 1196 1016 1280 significabimus.
1036 1197 1073 1262 Et
1095 1207 1204 1264 servet
1221 1209 1251 1264 te
1274 1200 1358 1265 lleus

269 1315 396 1380 semper
411 1299 615 1366 incolumem.
634 1295 806 1374 brunellis,
826 1297 879 1360 ll·
891 1298 1017 1379 augusti
1034 1297 1126 1361 1611.
1142 1299 1357 1382 subscriptam

267 1405 334 1463 erut
360 1421 370 1460 :
395 1399 503 1464 Locrus
525 1398 789 1479 archiepiscopus
817 1397 1050 1478 ilydruntinus,
1067 1398 1224 1464 Nunoios.
1241 1399 1357 1482 Super-

268 1499 392 1579 srriptr'c
426 1515 437 1562 .·
469 1496 649 1562 Admodum
673 1496 852 1564 reverando
877 1505 909 1562 et
931 1495 1048 1562 eximio
1072 1497 1202 1564 domino
1226 1499 1356 1566 domino

269 1595 396 1663 Rectori
413 1595 639 1662 Universitatis
654 1595 876 1663 lovaniensis.

310 1745 444 1826 «super
459 1743 575 1827 quibus
593 1762 632 1811 ex
654 1743 857 1811 dominorum
880 1743 1168 1810 deliberationibus
1193 1745 1355 1812 conclusit

266 1843 456 1925 magnificus
485 1843 635 1932 dominus
665 1844 784 1910 Rector
813 1843 1037 1924 inquirendum
1064 1861 1138 1909 esse
1166 1861 1205 1908 an
1232 1844 1352 1910 domiui

266 1941 417 2008 doctores
434 1959 491 2023 per
505 1941 628 2008 litteras
641 1941 705 2024 iam
726 1941 825 2008 lectas
849 1942 887 2006 ad
912 1943 1165 2008 illustrissimum
1189 1943 1353 2009 dominum

265 2040 422 2107 Nuuoium
446 2041 568 2107 evocati
592 2050 778 2122 praesentes
801 2041 832 2104 in
856 2041 976 2122 oppido
992 2041 1068 2107 sint.
1086 2041 1227 2118 Quorum
1244 2041 1353 2112 sitres

266 2139 416 2206 absentes
452 2139 663 2221 reperiantur,
695 2139 899 2205 scribendum
927 2155 1001 2206 esse
1030 2141 1069 2204 ad
1100 2139 1352 2206 illustrissimam

264 2239 360 2304 Suam
388 2239 541 2314 Gratiam,
569 2237 719 2304 dominos
749 2239 912 2316 doctores,
939 2254 1021 2320 quos
1045 2239 1263 2306 illustrissima
1288 2241 1351 2306 Sua

264 2337 367 2403 Gratia
395 2338 495 2404 adse
522 2337 602 2404 mitti
629 2337 803 2414 desiderat,
825 2339 999 2420 plerosque
1024 2339 1062 2403 ab
1090 2339 1208 2422 oppido
1235 2340 1350 2406 abesse

261 2453 437 2518 eurumque
459 2436 596 2502 reditum
621 2435 725 2502 indies
748 2435 922 2518 expectari,
939 2453 977 2501 ac
1000 2437 1174 2502 mittendos
1197 2454 1271 2503 esse
1295 2438 1348 2502 obi

260 2538 358 2600 ceteri
377 2535 442 2616 jam
465 2535 617 2600 absentes
641 2535 761 2601 reversi
786 2535 926 2612 luerunt,
945 2535 1005 2600 nisi
1033 2543 1138 2601 tamen
1166 2536 1350 2616 periculum

263 2635 294 2698 in
324 2651 413 2700 mora
440 2635 619 2710 forobono
644 2651 720 2700 casu
745 2634 988 2701 Universitatem
1014 2643 1153 2716 paratam
1177 2652 1250 2701 esse
1277 2635 1349 2701 loco

263 2734 392 2800 illorum
415 2733 496 2800 alios
518 2734 557 2798 ad
580 2733 675 2800 Suam
698 2733 948 2800 illustrissimam
971 2735 1110 2800 Gratiam
1133 2734 1297 2801 destinare
1319 2743 1351 2802 et

269 2831 429 2916 ablegare.
445 2831 500 2896 Sin
515 2849 592 2898 vero
609 2831 844 2913 praedictorum
860 2833 1062 2899 dominorum
1079 2833 1142 2898 dno
1165 2841 1351 2915 praesentes

268 2931 299 2995 in
312 2932 430 3013 oppido
443 2931 560 3010 adsint,
571 2931 642 2997 illos
655 2931 693 2996 ad
707 2931 823 2997 dictam
837 2931 1089 2997 illustrissimam
1102 2933 1197 2998 Suam
1211 2932 1348 2998 Gratiam

264 3047 338 3096 esse
353 3029 558 3113 ablegandos,
575 3039 607 3096 ut
623 3046 753 3096 cansam
769 3030 925 3113 eiusmodi
943 3031 1140 3098 evocationis
1158 3031 1347 3114 intelligant,

262 3129 423 3211 simulque
439 3129 542 3196 dictae
557 3133 638 3196 Suae
654 3129 891 3197 illustrissimae
907 3130 1037 3195 Gratiae
1053 3129 1092 3196 de
1109 3129 1193 3196 salici
1209 3130 1345 3195 adventu

262 3247 356 3312 quam
373 3227 517 3296 ofliuiosc
532 3228 805 3311 congratulentur.

304 3426 393 3492 ttDlG
423 3425 532 3492 ultima
562 3425 688 3508 augusti
718 3424 792 3490 anni
820 3425 912 3501 tdtt,
941 3423 1069 3506 eligitur
1100 3441 1201 3492 novus
1228 3425 1347 3491 Rector

260 3523 400 3591 loannes
414 3541 475 3590 van
490 3524 512 3589 ’t
527 3525 664 3601 Sestion,
679 3523 762 3606 juris
779 3523 946 3606 utriusque
962 3523 1089 3589 doctor.

303 3745 316 3782 u
337 3721 392 3788 ilie
421 3721 453 3784 1·
480 3720 673 3804 septembris
702 3721 776 3784 anni
806 3720 897 3800 1611,
927 3729 1052 3786 servata
1088 3721 1146 3786 luit
1181 3721 1343 3802 deputatio

258 3819 490 3888 Urriversitatis.
508 3820 542 3884 ln
565 3835 627 3903 qua
644 3819 746 3886 lectae
761 3829 836 3886 sunt
852 3819 976 3886 litterae
992 3819 1204 3886 illustrissimi
1221 3821 1341 3886 domini

258 3918 382 3996 Nuncii,
401 3919 522 3985 tenoris
538 3919 703 4002 sequentis
724 3937 732 3983 :

302 4089 315 4127 u
334 4067 512 4132 admodum
529 4068 705 4134 reverende
721 4077 750 4134 et
768 4067 882 4133 eximie
897 4067 1037 4133 domine.

301 4188 315 4227 a
333 4166 449 4247 accepi
466 4167 590 4233 litteras
610 4167 842 4232 Dominatiunis
858 4167 942 4233 Tuae
965 4168 1018 4232 29·
1038 4169 1164 4250 augusti
1182 4168 1285 4242 datas,
1302 4185 1340 4232 ex

260 4266 375 4348 quibus
401 4265 629 4348 permolestum
656 4265 733 4330 mibi
759 4266 816 4331 luit
844 4265 1022 4348 intelligere
1045 4284 1063 4331 a
1086 4275 1233 4349 quatuor,
1255 4282 1338 4348 qous
