3112 4942
645 458 811 522 ..63-

175 636 460 719 Arubicpiseopis,
485 636 634 717 Vicurije,
658 637 868 712 (illiciulibue,
894 637 1082 711 Abbatibus,
1105 635 1276 704 Prioribus

178 735 375 816 propontis.
408 735 557 807 boconis,
588 737 845 811 Ambidiacuniu.
882 736 1050 818 Capitulio,
1087 734 1271 808 Cattonicis,

175 834 387 915 presbiteris,
414 834 549 900 clericis
578 846 609 900 ct
639 836 789 914 personis
818 835 1027 915 supradictis,
1044 833 1274 914 omnibusque

172 932 253 1011 aliis
276 942 309 998 et
332 932 472 1014 singulis
493 949 630 1013 quorum
658 933 792 998 interest
817 935 868 1000 uel
891 933 1038 998 intererit
1059 931 1273 998 communiter

179 1031 232 1095 nel
254 1031 401 1105 oluieim,
426 1031 566 1112 prclntm
591 1031 715 1098 litteras
741 1032 939 1113 apostolicus
959 1040 993 1098 et
1010 1032 1104 1096 ‚bunc
1126 1039 1273 1094 nostrum

174 1145 373 1210 processum
397 1131 569 1212 omniaque
590 1140 622 1196 et
637 1132 764 1212 singula
787 1132 885 1198 ineis
906 1139 1058 1196 contenta
1073 1129 1270 1202 intimamus,

173 1229 399 1303 insinuemus,
424 1229 628 1297 notificamus
653 1239 684 1298 et
709 1231 987 1311 publicumque
1011 1229 1051 1294 etl
1077 1237 1220 1294 uestrum
1240 1237 1272 1292 et

173 1327 357 1392 cuiuslibet
378 1337 522 1394 vestrum
547 1329 695 1394 celicium
718 1329 912 1394 deducimus
931 1344 975 1393 uo·
984 1327 1101 1394 deduci
1124 1326 1272 1392 uolumus

175 1442 241 1507 quer
263 1434 445 1507 presentes.
474 1426 602 1506 llcuque
626 1427 855 1494 nichilominus
877 1435 911 1494 et
932 1435 1076 1492 uestrum
1098 1423 1273 1504 quemlibet

174 1525 375 1589 auctoritate
396 1525 574 1606 apostolico
599 1526 741 1606 predicta
765 1542 822 1606 por
837 1533 1009 1606 presentes
1029 1523 1225 1604 requirimus
1241 1529 1274 1586 et

182 1639 356 1688 monemus
371 1621 488 1704 primo,
505 1624 661 1698 secundo,
676 1623 776 1689 tercio
790 1633 822 1688 et
838 1623 1065 1704 peremptorie,
1080 1636 1119 1688 uc
1134 1619 1226 1687 uobis
1240 1627 1273 1686 ot

179 1732 330 1788 murum
352 1721 486 1788 cuilibet
509 1722 541 1786 iu
563 1723 680 1788 uirtute
701 1731 811 1788 sancte
832 1721 1017 1788 obedientie
1040 1728 1074 1786 et
1094 1721 1155 1786 sub
1178 1717 1272 1801 penis

179 1819 405 1900 infrascriptis
443 1821 590 1886 districte
626 1821 832 1902 precipiendo
868 1820 1075 1895 mundemus,
1113 1825 1272 1899 quatenus

177 1919 265 1982 infru
288 1935 347 1984 sex
366 1919 490 1984 dierum
516 1920 674 2000 spacium,
694 1931 861 2002 postquem
886 1937 945 2001 pro
968 1926 1059 2000 parte
1081 1917 1166 1986 dicte
1181 1916 1273 1982 ulmo

178 2018 410 2082 ‘Vniuersitatis
437 2017 539 2098 Studij
571 2019 785 2084 bononiensis
820 2019 869 2084 uel
906 2019 1043 2084 alicuius
1078 2016 1270 2098 repentium,

178 2116 358 2198 legentium
373 2116 423 2182 uel
440 2116 637 2182 studentium
655 2118 686 2180 in
702 2117 817 2182 eodem
843 2134 901 2182 seu
917 2117 1161 2196 suppositorum
1184 2113 1271 2180 eius-

175 2216 257 2280 dem
273 2215 399 2280 lueritis
421 2215 566 2296 requisiti
590 2216 775 2297 autaliquis
797 2215 1060 2282 nostru-,luerit
1083 2213 1271 2294 requisitus,

177 2313 368 2380 immediate
379 2313 606 2393 sequencium,
618 2331 757 2396 quorum
770 2333 825 2380 seu
841 2314 966 2378 dierum
982 2314 1066 2380 duos
1081 2327 1141 2392 pro
1154 2310 1269 2390 primo,

174 2413 267 2477 -tluoe
293 2428 352 2492 pru
377 2412 523 2478 secundo
551 2423 583 2476 et
609 2413 753 2494 reliquos
778 2413 862 2478 duce
890 2414 961 2476 dies
991 2410 1083 2476 uobis
1108 2407 1271 2474 uniuersis

176 2510 382 2590 suprodiotis
401 2527 459 2591 pro
479 2511 583 2576 tercio
605 2521 637 2576 et
654 2511 872 2593 perunptorto
886 2511 1024 2576 termino
1042 2523 1086 2574 uc
1095 2507 1272 2588 monitione

176 2610 340 2676 canonice
364 2610 577 2690 assignamus,
593 2613 725 2676 eosdem
748 2619 910 2692 tegentes,
928 2609 1085 2689 tepentes,
1100 2605 1272 2672 studentes

177 2718 217 2772 et
245 2708 439 2789 supposita,
457 2723 495 2772 uc
523 2725 637 2774 eorum
670 2709 858 2790 quemlibet,
888 2705 1041 2773 omnbus
1068 2713 1101 2770 et
1135 2704 1274 2786 singulis

181 2808 359 2884 ¹fructibus,
386 2807 578 2882 redditibus,
606 2807 819 2888 prouentibua
842 2807 990 2872 omnium
1013 2813 1046 2870 et
1070 2803 1273 2886 singulorum

187 2907 417 2972 beneficiorum
440 2921 573 2970 suorum
590 2905 899 2980 ecclesiasticorum,
916 2902 1109 2970 secularium
1133 2910 1165 2968 et
1180 2917 1274 2981 nequ·

179 3003 313 3078 larium
328 3020 401 3068 cum
417 3019 494 3067 cure
509 3011 541 3068 et
553 3003 627 3070 sitne
639 3019 729 3078 curo,
743 3019 805 3084 quc
818 2989 922 3070 ocium
936 3001 970 3066 in
984 2999 1155 3082 quibusuis
1171 2999 1276 3066 eccle·

186 3102 246 3182 siis
257 3103 330 3167 siue
342 3101 422 3166 lucie
434 3101 473 3165 ud
488 3102 782 3181 presensobtinont
792 3119 830 3166 uc
842 3101 916 3168 illos
928 3099 960 3164 iu
975 3100 1118 3168 luturum
1128 3099 1275 3164 euticete

177 3200 369 3281 contigerit,
398 3201 551 3265 etiamsi
580 3201 791 3266 canonicatus
823 3209 856 3266 et
883 3197 1059 3279 prebende,
1090 3197 1273 3278 dignitates.

180 3309 392 3379 personatus,
419 3298 726 3373 administrationes,
754 3297 803 3364 vel
829 3296 934 3364 oulen
961 3297 993 3360 in
1019 3294 1273 3366 cathedralibus,

178 3398 283 3462 ctiam
304 3398 561 3478 metropolitanis
583 3415 640 3463 eeu
662 3397 842 3478 collegiatis
863 3395 1022 3476 eccmetje.
1048 3404 1080 3460 et
1101 3394 1276 3474 dignitatus

183 3496 259 3577 ipse
273 3495 307 3560 in
322 3497 572 3572 cathedralibus,
589 3497 683 3562 ctiam
701 3495 968 3575 metropolitanis,
986 3503 1063 3574 post
1075 3493 1276 3574 pontillculee

188 3595 338 3671 muloree,
362 3595 471 3658 autin
497 3595 678 3676 collegiatis
703 3593 853 3674 ecclesiis
876 3592 1060 3674 huiusmodi
1083 3591 1277 3672 principales

180 3692 317 3768 luerint,
336 3695 429 3758 etad
451 3709 490 3759 ea
514 3695 746 3760 consueuerint
766 3695 820 3774 qui
845 3709 903 3773 per
924 3691 1116 3759 electionem
1139 3689 1274 3765 aeeuml,

184 3801 635 3872 quocumquequocumque
658 3803 713 3856 eut
735 3791 978 3872 qualiacumque
999 3789 1176 3858 extiterint,
1195 3787 1276 3854 coti·

178 3889 292 3958 dianio
314 3890 598 3956 distributionibus
620 3891 786 3955 dumtaxat
805 3891 961 3969 exceptis,
985 3890 1041 3963 tti,
1065 3888 1126 3954 leui
1149 3898 1276 3968 eteuu-

180 3987 276 4064 derc,
302 4005 343 4054 ac
365 3990 441 4053 illos
467 3989 610 4070 useequi,
638 3991 816 4069 percipere,
846 3991 966 4059 leuare,
997 3987 1116 4052 nabere
1141 3999 1173 4052 et
1203 3986 1278 4056 inde

179 4085 362 4164 disponere
390 4087 428 4150 ud
460 4103 519 4152 sue
548 4089 671 4152 libitu·
702 4087 884 4157 voluntatis.
912 4087 1034 4152 nullum
1063 4084 1277 4156 conpuncta.

181 4184 357 4265 repudium
370 4194 427 4250 aut
442 4185 716 4266 impedimentum,
734 4185 844 4252 eleuci
861 4184 1079 4252 eorumulteti
1093 4181 1277 4255 intercedet
