3246 4944
679 469 721 484 -
743 394 867 518 5811.ss

234 615 384 681 dominus
397 615 513 681 ilector
529 616 603 698 legit
620 615 743 682 litteras
754 634 772 682 a
784 635 820 684 se
832 623 1005 697 conceptas
1017 615 1055 680 ad
1068 615 1314 682 serenissimum

233 715 457 789 brobiducem,
487 715 693 795 responsivas
722 717 760 781 ad
796 733 862 793 eas,
893 732 971 798 quas
1000 715 1038 778 ad
1070 715 1314 780 Universitatcrn

232 813 364 895 scripsit
375 813 415 879 dc
428 814 585 880 solvendo
597 816 794 896 amplissimo
806 815 937 882 dornino
953 813 1138 880 consiliario
1154 815 1316 894 Stcplrauc

233 913 427 980 craesbekio
448 913 489 978 dc
512 916 688 996 promerito
712 933 769 997 per
791 933 863 982 cunt
888 913 1061 980 honorario
1078 913 1109 976 in
1134 913 1316 979 visitatione

234 1011 459 1078 Universilatis
473 1013 569 1095 buius
586 1031 642 1095 per
658 1033 730 1082 euna
747 1031 819 1081 curn
836 1014 1013 1080 reverendo
1029 1012 1159 1077 domino
1176 1012 1316 1092 praelato

237 1112 388 1176 l‘arccnsi
410 1113 600 1178 auctoritate
622 1114 734 1180 Nuncii
758 1114 926 1194 apostolici
950 1120 981 1178 et
1002 1113 1085 1176 Suae
1110 1111 1317 1176 celsitudinis

236 1211 327 1274 tacta.
345 1209 431 1285 Quae
449 1211 654 1292 placuerunt;
679 1221 710 1278 et
731 1213 815 1294 quod
833 1213 963 1278 eaedem
979 1211 1196 1290 dirigerentur
1213 1210 1260 1274 nel
1277 1211 1314 1274 ad

235 1311 383 1374 cutndcm
396 1309 560 1374 dominum
577 1311 802 1377 craesbeltium
817 1312 864 1376 vel
878 1312 915 1374 ad
930 1310 1095 1374 dominum
1108 1310 1316 1374 secretarium

235 1408 645 1490 Groonendacl,quidictas
657 1410 739 1475 Suae
751 1410 958 1476 celsitudinis
971 1409 1092 1474 litteras
1105 1407 1315 1489 subsignavit.

277 1627 291 1666 u
311 1605 368 1671 liic
398 1605 533 1681 sabbati,
557 1605 709 1688 vigesima
743 1624 824 1673 nona
856 1607 977 1672 mensis
1002 1605 1075 1669 maii
1101 1605 1186 1684 [anni
1215 1605 1318 1684 16¹⁰‚l

235 1705 353 1770 indicta
386 1705 445 1770 luit
480 1707 688 1787 congregatio
726 1705 991 1770 Universitatis...
1023 1704 1134 1768 Posuit
1170 1704 1319 1768 dominus

237 1805 354 1869 ilector
376 1804 441 1886 [qui
466 1814 541 1869 lunc
562 1815 631 1870 erat
650 1806 790 1870 loannes
807 1805 954 1878 Buterne‚
972 1805 1003 1867 in
1021 1804 1131 1869 cadent
1148 1820 1320 1884 congrega-

238 1903 324 1968 tione
340 1904 475 1982 electus]
491 1905 521 1966 in
540 1903 764 1969 Universitatis
781 1904 1055 1979 deliberationem,
1073 1921 1112 1966 an
1135 1917 1174 1967 ne
1197 1904 1320 1982 placeat

238 2002 439 2082 amplissimo
452 2003 520 2067 viro
533 2002 663 2067 domino
676 2003 838 2084 Stephano
851 2001 1054 2072 craesbelriu.
1065 2001 1183 2082 jurium
1196 2002 1319 2065 doctori

239 2111 270 2166 ct
297 2102 437 2167 senatori
465 2103 665 2177 Brabanliac‚
683 2103 749 2184 (qui
777 2102 984 2183 conqueritur
1009 2101 1049 2166 de
1074 2119 1112 2166 eo
1136 2101 1219 2181 quod
1243 2101 1322 2164 alias

239 2199 292 2264 diu
323 2200 353 2262 in
384 2199 567 2266 visitatione
597 2201 691 2283 buius
722 2200 947 2266 linivcrsitatis
981 2218 1019 2266 cx
1057 2200 1204 2264 mandato
1240 2200 1323 2264 Suae

238 2298 445 2366 eelsitudinia
471 2317 543 2364 cum
571 2303 748 2372 reverendo
774 2300 905 2364 domino
928 2298 1041 2364 abbate
1065 2297 1214 2364 iaccensi
1242 2299 1321 2363 lacta

236 2397 442 2471 laboraverit,
460 2415 519 2465 nec
538 2407 643 2464 tanen
665 2401 802 2482 aliqnarn
826 2398 1029 2480 gratitudinis
1052 2396 1317 2478 significationem

237 2498 276 2563 ab
293 2498 699 2582 Universitateacceuisse)
715 2501 842 2581 aliquod
860 2497 1066 2564 bonorurium
1083 2497 1211 2564 ciserae.
1230 2497 1266 2560 lit
1281 2514 1319 2560 ex

240 2597 334 2661 trium
350 2597 828 2664 facultatumdeliberationibus
840 2597 979 2681 (duabus
991 2595 1323 2661 aliisdeliberautibus

241 2694 377 2758 dandam
393 2712 467 2762 csse
484 2713 578 2761 unam
594 2713 696 2760 antam
713 2697 776 2761 riui
794 2695 979 2777 cirenensis)
994 2694 1153 2760 conclusit
1169 2693 1324 2758 committi

241 2794 324 2858 Suae
339 2793 590 2875 llagnilicentiae
605 2812 677 2860 cunt
694 2795 833 2861 dominis
848 2795 1019 2877 deputatis.

285 3010 298 3048 a
317 2989 375 3055 Die
390 2989 525 3065 sabbati,
543 2990 731 3056 duodecima
749 2993 868 3056 mensis
881 2991 962 3072 junii
981 2991 1066 3070 [artui
1085 2991 1186 3069 llillll,
1204 2990 1321 3056 indicta

241 3087 298 3153 luit
327 3089 535 3170 congregatio
565 3087 828 3154 Universilatis...
856 3091 888 3154 ln
920 3109 981 3172 qua
1017 3091 1097 3154 dixit
1134 3089 1323 3170 magnificus

240 3187 389 3251 dontinus
425 3188 543 3252 Rector
580 3203 682 3266 nuoer
718 3188 964 3254 Universitatcrn
1002 3189 1206 3253 commisisse
1242 3189 1323 3251 Suae

242 3285 493 3368 blagnillcentiac
510 3295 541 3350 ct
553 3286 693 3350 dominis
706 3287 879 3367 deputatis,
890 3289 964 3368 qnid
978 3297 1170 3368 quantumve
1185 3287 1325 3366 placeret

239 3385 317 3450 darc
339 3384 478 3449 dominis
501 3384 606 3448 abbati
632 3395 664 3449 et
686 3386 872 3450 consiliario
896 3386 1088 3451 tiracsbelrio
1113 3403 1170 3464 pro
1186 3385 1323 3465 gratuito

240 3484 338 3560 dono,
364 3494 396 3548 nt
424 3483 628 3550 lavorabilenr
660 3484 742 3548 Suae
771 3484 958 3550 celsitudini
990 3484 1107 3548 iaciant
1136 3483 1322 3548 relationem

240 3581 431 3647 visitationis
455 3581 678 3648 universitatis
702 3601 757 3664 par
780 3599 838 3648 cos
862 3584 972 3647 lectae.
993 3583 1028 3646 Et
1054 3601 1091 3647 ex
1118 3582 1322 3648 dorninorurn

240 3680 524 3746 deliberationibus
548 3681 706 3746 conclusit
723 3683 895 3763 unicuique
910 3682 1049 3746 dandum
1066 3681 1193 3762 aliquod
1211 3697 1321 3761 argeu-

241 3787 324 3843 teurn
342 3778 571 3860 qninquaginta
589 3780 638 3843 vel
654 3797 693 3844 eo
709 3781 840 3844 circiter
856 3781 1063 3846 llorenornnr.
1085 3805 1098 3840 n

285 3975 329 4037 La
356 3975 455 4039 Visite
480 3975 519 4038 de
545 3977 757 4052 t’tlniversite,
772 3979 970 4040 commences
991 3997 1029 4040 eu
1057 3978 1144 4062 1607,
1162 3979 1263 4041 traina
1286 3997 1325 4040 en

241 4072 408 4154 longuenr.
427 4074 644 4138 Abandonnce
660 4075 798 4157 pendant
813 4077 965 4159 quelques
987 4078 1112 4150 conces,
1136 4077 1194 4138 elle
1217 4096 1255 4138 ne
1277 4076 1324 4138 fut

183 4224 185 4228 .
242 4174 357 4256 reprise
380 4175 601 4238 sdrieusernent
624 4177 715 4257 qc'en
744 4178 831 4260 1617.
851 4177 894 4238 Le
915 4178 949 4240 18
964 4176 1041 4238 avril
1064 4175 1102 4238 de
1119 4189 1197 4240 cette
1211 4175 1321 4252 annes,
