3100 4942
740 451 925 515 -136-

282 632 364 697 tloni
382 641 491 697 uestro
504 650 561 713 per
573 632 750 713 apostolica
763 632 883 712 scriptu
896 631 1127 696 committimus
1139 641 1172 696 et
1185 630 1380 694 mandamus

285 731 437 812 quatinus
459 747 519 795 uos
542 731 591 795 uel
614 731 679 795 duo
700 741 754 796 aut
770 747 851 795 unus
876 741 1029 802 uestrum,
1047 731 1074 794 si
1095 746 1152 811 per
1167 729 1376 794 summarium

283 829 543 894 informationem
556 845 656 909 super
667 829 730 910 hijs
744 845 801 909 per
813 846 872 893 uos
890 828 1106 908 recipiendam
1123 829 1282 910 premissa
1300 843 1377 891 uera

284 943 359 993 csse
386 929 606 1008 reppereritis,
636 945 694 1010 pro
720 929 900 993 directione
930 928 1065 994 leliciori
1095 927 1314 993 subsistencia
1343 937 1378 990 et

284 1032 535 1096 conseruatione
558 1031 668 1110 prelati
692 1041 759 1095 stu·
779 1033 784 1111 Ι
803 1031 858 1111 dij,
876 1031 917 1096 dc
942 1031 1145 1096 llalendeuel
1160 1030 1255 1094 cuius
1271 1029 1371 1110 rigin-

284 1129 463 1209 cinctuque,
481 1129 521 1194 de
545 1129 704 1194 ttotshele
729 1131 822 1195 cuius
838 1133 948 1195 decern
965 1139 997 1196 et
1014 1145 1141 1205 nouem,
1160 1129 1200 1193 de
1216 1127 1379 1193 Cot-thelte

283 1243 363 1291 ouer
379 1227 429 1291 loe
445 1227 538 1291 ouius
554 1228 706 1300 sedecim,
723 1229 764 1293 de
789 1229 925 1293 hinteris
947 1227 1091 1293 interiori
1113 1229 1206 1292 cuius
1229 1227 1375 1306 triginta·

281 1337 432 1406 quatuor,
446 1325 486 1390 de
499 1326 616 1390 llnexel
633 1326 727 1391 cuius
743 1327 845 1391 eciam
862 1327 1020 1392 decernet
1038 1341 1152 1391 nouem
1171 1326 1378 1389 marcharum

283 1424 418 1503 argenti,
438 1440 563 1489 necnon
579 1425 619 1489 de
636 1425 752 1490 Brecht
768 1425 862 1490 cuius
880 1426 1064 1506 nonaginta.
1081 1424 1122 1488 de
1136 1423 1265 1488 Schelle
1281 1423 1376 1487 cuius

286 1521 481 1602 octuaginta,
491 1523 532 1587 de
543 1523 668 1589 Arbore
686 1523 692 1606 Ι
711 1523 804 1588 cuius
817 1524 1174 1606 eciamoctuagiuta.de
1187 1523 1269 1602 Erps
1281 1523 1379 1586 cuius

285 1629 416 1684 centum
433 1620 585 1686 librarum
597 1623 833 1687 turonensium
850 1639 1022 1703 paruorum
1041 1625 1164 1686 l'ructus
1182 1621 1329 1686 redditus
1344 1631 1378 1684 et

285 1727 463 1799 prouentus
485 1721 661 1785 secundum
678 1737 882 1786 communem
898 1721 1137 1786 extimationem
1157 1720 1302 1784 ualerem
1318 1735 1372 1781 an·

285 1833 382 1880 nuum
407 1825 440 1880 ut
461 1818 617 1882 asseritur
641 1837 703 1884 nou
721 1821 891 1894 excedunt,
910 1819 1099 1884 leodiensis
1114 1817 1259 1898 predicte
1274 1825 1307 1881 et
1321 1819 1380 1878 Ca-

284 1915 479 1981 meracensis
495 1909 673 1982 diocesiurn
697 1919 915 1999 parrochiales
940 1919 1109 1989 ecclesias.
1126 1933 1200 1980 curn
1222 1917 1378 1981 omnibus

284 2013 407 2078 iuribus
430 2025 461 2079 et
484 2017 685 2098 pertinentiis
707 2019 776 2083 suis
792 2018 961 2099 collegiata
976 2028 1008 2081 et
1025 2016 1217 2097 parrochiali
1234 2017 1374 2080 ecclesie

284 2113 386 2177 sancti
407 2112 412 2195 Ι
434 2114 515 2179 Petri
530 2117 640 2196 prelati
655 2115 759 2198 0pidi‚
773 2118 803 2180 in
818 2135 879 2198 qua
897 2127 1004 2198 preter
1020 2116 1107 2179 illius
1124 2113 1305 2196 plebaniam
1321 2117 1375 2179 cui

284 2211 429 2275 eiusdem
452 2215 736 2292 parrochianorum
758 2215 934 2280 animarum
957 2232 1034 2279 cura
1049 2215 1194 2290 inminet,
1211 2214 1325 2279 decem
1341 2226 1377 2279 et

285 2319 359 2373 octo
375 2309 588 2377 canonicatus
605 2325 636 2378 et
653 2315 815 2396 prebende
836 2331 973 2395 quorum
995 2313 1178 2395 quindecim
1202 2314 1242 2377 de
1265 2324 1374 2393 patro·

284 2417 358 2472 natu
381 2408 458 2474 dicti
482 2411 579 2476 liucis
603 2412 775 2479 brabancie
796 2413 963 2479 existentis
984 2429 1042 2493 pro
1057 2421 1202 2494 ternpore
1218 2411 1377 2487 existunt,

283 2515 316 2570 et
332 2517 398 2571 tres
413 2509 465 2588 aiij
488 2511 527 2573 ad
550 2511 754 2577 collationem
777 2523 809 2578 et
832 2512 1050 2593 prouisionem
1073 2511 1264 2575 dilectorum
1290 2509 1372 2575 lilio-

281 2619 352 2666 rum
370 2605 486 2669 becaui
502 2618 534 2672 et
546 2609 681 2690 Capituli
695 2611 798 2690 ipsius
817 2612 822 2692 l
841 2611 980 2676 ecclesie
993 2611 1096 2674 sancti
1114 2609 1196 2674 l‘etri
1210 2609 1376 2690 pertinent

282 2699 351 2766 lore
367 2715 546 2769 noscuntur
564 2707 644 2771 ultra
661 2709 734 2774 illos
753 2727 812 2789 pro
829 2710 1011 2791 quindecim
1029 2709 1078 2772 uel
1099 2717 1144 2772 tot
1159 2707 1245 2772 sicut
1260 2707 1372 2787 singu-

284 2799 324 2863 lis
340 2801 586 2868 considerandis
600 2807 738 2873 sollicite
753 2808 968 2872 consideratis
985 2807 1041 2872 tibi
1061 2805 1224 2871 uidebitur
1241 2805 1320 2869 inihi
1334 2807 1378 2870 de

285 2913 370 2962 nouo
383 2903 532 2966 creandis
544 2913 574 2967 et
591 2904 797 2971 instituendis
814 2907 1062 2971 Gattonicatibus
1079 2918 1110 2970 ct
1127 2904 1304 2985 prebendis
1321 2904 1376 2985 qui

284 3013 342 3076 per
360 2998 441 3063 alios
463 3017 556 3081 quam
579 3003 611 3066 in
627 3005 697 3086 ipso
714 3006 822 3070 studio
839 3005 983 3087 legentes
999 3014 1030 3068 et
1048 3015 1198 3085 regentes
1217 3020 1275 3084 pro
1293 3013 1373 3068 teur-

284 3111 362 3174 pore
377 3097 515 3163 obtineri
532 3101 720 3181 richuinum,
738 3104 928 3168 auctoritate
946 3115 1055 3168 nostra
1075 3103 1237 3183 imperpc·
1256 3103 1263 3184 Ι
1282 3113 1377 3166 tuum

284 3194 400 3259 uniatis
416 3199 594 3262 annectatis
610 3211 641 3264 et
657 3200 881 3282 incorporatis,
899 3202 941 3266 ita
957 3203 1043 3283 quod
1060 3201 1155 3266 simul
1173 3201 1223 3265 uel
1241 3215 1374 3266 succes·

281 3293 353 3357 siue
374 3295 565 3362 cedentibus
589 3299 639 3363 uel
663 3299 893 3365 decedentibus
916 3301 1054 3382 singulis
1077 3301 1235 3382 dictarum
1261 3315 1376 3380 parro-

282 3389 432 3455 chialium
454 3395 664 3459 ecclesiarum
689 3396 880 3463 hectoribus
903 3399 974 3464 siue
996 3400 1068 3463 illas
1090 3399 1170 3462 alius
1192 3399 1374 3478 quomodo-

282 3486 359 3552 libet
376 3489 622 3570 dimittentibus,
640 3494 734 3560 liceat
758 3497 888 3576 prelatis
904 3498 1112 3562 Vniuersitati
1135 3495 1233 3576 studi]
1255 3512 1314 3576 per
1336 3511 1376 3560 se

285 3587 335 3649 uel
358 3587 454 3652 alium
476 3608 533 3655 seu
560 3593 642 3657 alios
667 3595 869 3674 corporalem
896 3597 1140 3676 possessiouem
1167 3595 1372 3675 singularum

283 3685 531 3762 parrochialiurn
548 3691 759 3757 ecclesiarum
775 3695 877 3758 eciam
894 3694 920 3758 si
938 3713 976 3760 ox
988 3711 1064 3776 qua·
1083 3695 1089 3776 1
1110 3694 1159 3758 uis
1181 3709 1281 3757 causa
1303 3693 1374 3755 dis·

281 3781 434 3860 positioni
449 3787 626 3866 apostolice
641 3789 825 3870 specialiter
842 3793 892 3857 uel
908 3791 1104 3873 generaliter
1119 3799 1287 3857 reseruate
1304 3791 1372 3855 iue-

280 3877 355 3953 riut‚
381 3879 564 3964 iuriumque
590 3895 622 3951 ct
645 3889 913 3967 pertinenciarum
929 3891 1156 3972 predictorum
1179 3888 1378 3954 auctoritate

279 3977 412 4057 propria
439 3981 539 4048 libere
567 3987 821 4065 apprehendere,
851 3989 985 4071 eiusque
1012 3989 1137 4054 lructus
1167 3987 1314 4054 redditus
1344 3993 1381 4051 et

278 4087 458 4153 prouentus
481 4083 658 4146 reseruatis
675 4084 764 4164 prius
782 4096 813 4150 et
829 4097 903 4152 ante
918 4087 1025 4152 omnia
1042 4104 1100 4168 per
1117 4103 1178 4151 uos
1194 4087 1235 4152 de
1251 4085 1300 4150 cis
1317 4100 1379 4166 pro

275 4171 415 4254 singulis
431 4180 594 4258 perpetuis
611 4181 757 4262 vicarlis,
774 4183 806 4246 in
822 4183 960 4265 singulis
981 4185 1244 4266 parrochialibus
1268 4183 1376 4250 eccle·
