3240 4946
695 440 880 508 ..357-

240 628 273 710 in
298 626 529 694 deliberatione
554 624 758 691 dominorum
778 641 819 688 an
839 623 884 705 jta
901 622 1024 704 placeat
1050 623 1245 690 concludere
1270 642 1325 705 per

242 727 483 793 uniuersitatem
510 742 568 805 pro
594 725 678 790 bono
705 724 794 803 pacis
821 733 853 790 et
879 724 1064 790 concordie.
1091 724 1210 791 Deinde
1239 734 1329 792 ante·

243 828 349 892 dictus
363 825 524 891 lohannes
540 824 580 889 de
596 822 678 888 blera
690 822 810 903 ibidem
825 839 1017 904 comparens
1035 823 1177 889 narrauit
1191 824 1331 905 qualiter

244 927 424 992 antedictus
450 923 610 1006 quondam
639 922 789 1005 magister
813 923 976 989 lohannes
1001 921 1230 990 de'Winelrele
1252 923 1327 988 dum

244 1027 363 1092 uiueret
389 1023 522 1089 offitium
551 1022 725 1087 notariatus
751 1022 841 1088 curie
869 1021 989 1086 domini
1019 1022 1260 1088 conseruatoris
1288 1023 1327 1087 ad

246 1141 358 1191 manus
394 1123 539 1190 eiusdem
576 1120 695 1186 domiui
733 1121 974 1186 conserbatoris
1012 1121 1244 1204 resignauerat‚
1276 1122 1329 1204 qui

247 1224 375 1306 quidem
391 1221 542 1288 dominus
557 1229 770 1286 corrsrruator
786 1219 846 1301 sibi
867 1219 1004 1301 lobannj
1028 1221 1069 1286 do
1091 1221 1205 1287 eodem
1229 1219 1331 1288 offitio

249 1321 401 1404 prouidit,
415 1337 533 1402 rogans
549 1327 719 1402 eapropter
733 1305 884 1384 dominos
899 1323 939 1384 de
955 1319 1162 1386 vrrioersitate
1179 1329 1212 1385 vt
1224 1320 1332 1402 ipsum

247 1422 366 1488 babere
403 1420 500 1486 velint
537 1419 793 1494 recommissum,
814 1417 950 1500 ipseque
979 1418 1102 1484 eisdem
1133 1419 1273 1485 dourinis
1298 1429 1333 1486 et

248 1519 349 1586 offitio
365 1525 505 1600 pretaeto
522 1517 659 1583 lideliter
679 1525 710 1581 et
731 1516 876 1596 legaliter
900 1516 1075 1582 deseruiel.
1093 1521 1196 1598 Super
1218 1517 1334 1600 quibus

250 1617 399 1684 dominus
425 1626 532 1682 rector
557 1633 596 1681 ex
619 1615 849 1681 deliberatione
871 1623 1009 1696 quatuor
1030 1615 1228 1693 facultatum,
1245 1616 1333 1681 vide*-

253 1719 328 1784 lieet
350 1715 510 1796 theologie
529 1714 611 1796 iuris
634 1713 779 1796 canonic]
805 1714 962 1781 medicine
985 1725 1016 1780 et
1038 1715 1154 1781 artium
1176 1715 1336 1782 conclusit

253 1815 445 1882 summotum
460 1815 637 1879 lobannem
654 1813 694 1879 de
711 1815 793 1880 blera
810 1813 848 1877 ad
866 1813 1000 1878 offitium
1024 1825 1200 1894 pretactum
1223 1816 1337 1880 admit·

253 1917 395 1989 tendum,
415 1923 509 1995 prout
532 1929 605 1980 eum
628 1911 768 1988 admisit,
785 1911 877 1978 saluo
900 1921 1006 1978 tamen
1026 1913 1098 1995 jure
1119 1914 1338 1980 uniuersitatis

250 2021 283 2081 et
312 2014 383 2079 sinc
413 2012 584 2095 preinditio
613 2010 771 2086 eiusdem,
798 2028 871 2077 cnm
901 2011 1088 2080 conditione
1117 2014 1202 2095 quod
1242 2031 1339 2080 cause

249 2112 439 2194 apostolice,
468 2119 501 2176 ut
531 2111 734 2192 premittitur,
759 2110 846 2190 iuxta
875 2119 907 2175 et
935 2113 1111 2177 secundnm
1143 2113 1336 2179 oblationem

250 2212 325 2278 dieti
349 2211 470 2277 domini
494 2209 735 2276 conseruatoris
754 2210 841 2291 juter
859 2227 972 2278 omnes
989 2212 1131 2278 notarios
1147 2213 1231 2279 dicte
1247 2214 1336 2280 curie

250 2319 344 2376 erunt
359 2325 559 2383 communes,
577 2317 607 2373 et
623 2309 706 2389 quod
720 2308 806 2390 jdem
822 2308 985 2375 lohannes
1000 2311 1040 2376 de
1056 2311 1139 2378 llere
1153 2313 1332 2396 juramenta

250 2410 287 2474 ad
312 2424 440 2475 causam
463 2407 538 2473 dicti
563 2405 652 2487 ollltij
678 2407 812 2490 prestarj
836 2407 930 2474 solita
951 2409 985 2490 jn
1010 2409 1090 2477 lacis
1113 2411 1332 2478 uniuersitatis

252 2507 418 2590 prestabit,
436 2515 467 2573 et
493 2506 629 2588 singulis
654 2506 747 2572 annis
773 2525 867 2572 soum
894 2509 1028 2574 offitium
1056 2527 1145 2577 more
1170 2512 1266 2579 solito
1293 2514 1331 2578 ad

254 2623 366 2670 manns
382 2606 458 2688 eljn
477 2605 555 2672 lucie
570 2605 789 2672 uniuersitatis
809 2607 993 2689 resignabit.
1012 2609 1132 2676 Deinde
1155 2612 1335 2678 antedictus

250 2705 413 2771 lohannes
438 2706 479 2770 de
505 2705 591 2770 blera
614 2705 734 2786 ibidem
754 2705 843 2788 jllico
866 2723 1058 2790 comparens
1076 2709 1256 2790 juramenta
1280 2731 1337 2793 per

254 2799 397 2869 notarios
422 2803 510 2870 curie
536 2803 612 2870 dicti
641 2803 761 2868 domini
790 2806 1030 2872 conserbatoris
1061 2810 1196 2892 presterj
1227 2812 1335 2888 solita,

253 2918 361 2968 eoram
377 2902 463 2967 dicto
484 2901 613 2968 domino
630 2911 757 2968 rectore
773 2915 804 2968 et
816 2903 850 2984 jn
868 2905 947 2971 lucie
963 2906 1181 2974 uniuersitatis
1199 2911 1337 2990 prestitit

255 3006 350 3081 atque
361 2999 493 3080 jurarit,
507 3001 696 3081 promittens
712 3001 848 3084 singulis
864 3005 1103 3071 annisoffitium
1119 3023 1212 3072 suum
1225 3026 1337 3090 qnam-

254 3098 309 3164 diu
322 3098 425 3164 eidem
440 3098 557 3179 preerit
568 3108 600 3164 et
615 3100 676 3166 boc
692 3100 838 3168 babuerit
850 3101 883 3184 jn
901 3111 932 3168 et
947 3103 986 3168 ad
1004 3121 1117 3170 manus
1132 3107 1336 3174 dominorum

254 3197 391 3264 rectoris
406 3208 437 3263 et
452 3198 491 3262 de
508 3197 715 3264 uniuersitate
731 3208 825 3280 prout
843 3200 942 3267 moris
958 3212 1008 3267 est
1023 3203 1199 3286 resignare.

550 3331 619 3386 Acta
637 3332 835 3400 Universltatia,
853 3333 886 3400 V,
902 3335 950 3393 fol.
965 3335 1067 3392 cxxxix
1082 3344 1107 3394 r⁰
1120 3341 1147 3394 el
1161 3345 1200 3397 νῦ.

298 3522 347 3586 lt.
373 3523 485 3588 Petrus
501 3523 538 3587 dc
551 3521 706 3605 Strompc,
721 3523 905 3603 resignante
921 3523 1044 3589 loanne
1056 3524 1202 3592 Vullinolr
1216 3527 1339 3596 electus

256 3620 395 3686 dmartii
413 3621 504 3686 loeo.

298 3754 348 3817 lt.
372 3753 512 3820 loannes
551 3755 716 3836 llupsleue,
748 3756 786 3820 ab
823 3756 961 3832 llasselt,
992 3756 1011 3821 3
1045 3759 1229 3825 novembris
1260 3759 1339 3825 1538

258 3853 401 3918 notarius
427 3853 631 3920 constituitur
657 3854 693 3947 ¹in
724 3855 830 3920 locum
857 3857 961 3921 soceri
990 3857 1038 3922 sui
1065 3857 1199 3924 loannis
1226 3859 1340 3937 Colen,

256 3951 368 4016 eodem
385 3967 470 4017 anno
486 3951 639 4018 defuncti.
657 3953 742 4020 Obiit
758 3956 793 4018 tl
813 3956 939 4037 augusti
958 3956 1049 4020 1511.

299 4084 349 4148 la.
376 4085 553 4152 ilattbaeos
570 4088 702 4169 Coppcn,
721 4087 897 4190 Bradanus,
915 4089 967 4156 die
991 4089 1110 4172 ldjulii
1135 4093 1214 4158 rste
1230 4111 1343 4160 surro-

259 4197 351 4266 gatur
366 4186 479 4252 loanni
497 4188 537 4255 de
552 4187 650 4256 blera.
