3240 4946
764 451 950 521 -tttl-

314 661 332 710 a
349 642 412 709 line
427 639 599 718 dioecesis,
614 645 647 705 ut
663 639 804 720 loquitur
820 637 979 714 Pontifex,
992 637 1149 719 quispiam
1166 655 1228 703 non
1241 639 1399 704 trahatur.

313 741 494 806 Tribunalis
513 739 609 821 hujus
632 739 872 803 tundamentum
896 746 946 802 est
972 753 1008 802 ea
1033 745 1177 817 potestas
1200 755 1293 819 quam
1319 740 1402 802 blar-

312 841 399 908 tinus
429 839 573 921 quintus,
597 837 714 902 Paulus
743 835 919 914 secundus,
946 835 1022 900 Pius
1057 844 1202 916 quartus,
1232 836 1401 916 pontifices

313 939 453 1013 maximi,
470 935 760 1003 Conservatoribus
775 935 946 1000 dederunt.
963 933 1039 997 liam
1061 933 1248 999 brabantiae
1263 936 1399 1016 quicun-

313 1055 375 1119 que
401 1045 511 1118 postea
537 1035 637 1100 duces
665 1033 884 1099 sanciverunt.
904 1031 982 1096 Cum
1009 1041 1115 1097 autem
1143 1033 1399 1100 ecclesiasticum

314 1138 376 1201 boc
392 1135 528 1200 tribunal
545 1133 599 1210 sit,
617 1133 644 1198 si
660 1132 733 1214 quis
749 1147 862 1213 parere
877 1140 1020 1206 recuset,
1037 1129 1068 1192 in
1090 1147 1162 1196 enm
1186 1131 1401 1198 conservator

314 1232 656 1302 excommunicationis
686 1232 805 1297 lulmen
837 1230 957 1304 exerit;
989 1229 1016 1293 si
1044 1239 1238 1306 contemnat,
1258 1231 1399 1313 jndicem

313 1333 485 1399 asaeculo
507 1331 641 1396 advocat
662 1337 694 1396 et
721 1331 748 1393 ui
777 1330 875 1410 ungit.
898 1328 1011 1409 llaqno
1038 1345 1116 1394 sane
1142 1330 1400 1397 academicorum

313 1431 484 1498 commodo
506 1439 649 1495 erectum
665 1436 715 1493 est
730 1427 792 1493 hoc
808 1426 959 1502 tribunal,
977 1427 1070 1508 cuius
1085 1427 1204 1492 auxilio
1220 1428 1265 1492 illi
1280 1429 1399 1512 oppido

314 1549 350 1597 se
366 1547 428 1596 non
446 1537 612 1595 moventes
628 1543 683 1593 aes
699 1526 838 1593 alienum
855 1536 909 1592 aut
924 1525 1062 1608 quodvis
1077 1526 1217 1592 debitum
1235 1537 1345 1608 petunt
1367 1535 1400 1594 et

315 1630 471 1703 obtinent,
499 1629 595 1708 inque
622 1627 715 1692 bonis
739 1626 889 1692 omnibus
914 1625 983 1690 suis
1010 1635 1256 1692 conservantur.
1272 1628 1398 1693 Assos·

314 1745 422 1795 sorem
458 1729 673 1793 conservator
709 1725 771 1790 sibi
808 1724 905 1790 sumit
936 1723 1169 1806 iurisperitum,
1201 1726 1253 1808 qui
1283 1742 1399 1792 causas

313 1827 492 1909 cognoscit,
520 1835 552 1892 et
578 1825 618 1892 de
643 1825 684 1890 iis
710 1823 882 1891 consilium
910 1839 1002 1888 suum
1030 1823 1165 1904 promit;
1193 1840 1265 1890 cum
1293 1834 1399 1891 autem

315 1925 586 2008 pronuntiandum
602 1933 662 1999 est,
681 1925 772 1989 sedet
793 1923 864 2004 ipse
883 1921 981 2002 judex
1005 1938 1062 2002 pro
1085 1923 1248 1988 tribunali.
1265 1925 1343 1990 Sunt
1366 1925 1399 1989 in

313 2026 384 2106 ejus
407 2024 495 2090 ouria
518 2023 662 2088 notarius
686 2039 780 2097 unus,
798 2029 1025 2104 procuratores
1048 2030 1080 2087 et
1103 2021 1155 2086 alii
1179 2023 1232 2105 qui
1252 2024 1399 2089 mandata

314 2133 526 2205 exequuntur.
545 2119 582 2184 lli
597 2137 712 2187 omues
733 2119 924 2186 Academiae
948 2119 1141 2186 authoritate
1160 2121 1400 2188 constituuntur

314 2229 346 2287 et
368 2222 406 2287 ab
429 2237 465 2287 ea
489 2221 645 2302 pendent;
668 2221 786 2301 quippe
801 2218 974 2300 quotannis
990 2216 1034 2300 xj⁰
1049 2219 1199 2285 calendas
1211 2219 1348 2302 ianuarii
1365 2221 1398 2285 in

315 2320 388 2386 loco
404 2319 606 2387 comitiorum
622 2335 729 2384 coram
748 2318 886 2384 Rectore
902 2328 933 2384 et
948 2319 1065 2384 Senatu
1082 2317 1267 2385 academico
1282 2319 1400 2386 officiis

315 2436 352 2486 se
368 2419 437 2484 suis
452 2417 599 2483 abdicant
615 2427 647 2484 et
662 2434 720 2498 pro
735 2417 849 2482 iisdem
865 2417 1053 2500 ricipiendia
1068 2417 1261 2500 supplicant.

269 2531 290 2554 v
357 2539 371 2577 e
391 2517 505 2582 Primis
521 2517 712 2582 Academiae
728 2516 828 2581 initiis
844 2517 982 2582 invisum
1007 2517 1114 2582 multis
1136 2518 1199 2582 boc
1221 2517 1398 2584 Conserva-

313 2617 393 2683 toris
416 2614 554 2680 tribunal
578 2615 646 2690 suit,
664 2614 739 2679 dum
763 2615 880 2697 oppida
904 2615 1058 2698 quaedam
1082 2633 1159 2681 suos
1182 2615 1264 2682 tueri
1287 2617 1400 2684 volunt

313 2722 344 2781 et
372 2714 499 2780 evocari
530 2730 592 2778 non
621 2713 741 2788 sinunt,
766 2714 943 2793 pervicacia
971 2715 1071 2796 magis
1097 2731 1191 2796 quam
1215 2715 1299 2796 iure.
1321 2715 1399 2782 ldeo

314 2812 408 2879 etiam
425 2811 594 2878 tribunalis
610 2811 705 2892 huJ’us
721 2811 945 2878 authoritatem
963 2811 1146 2890 Academia,
1164 2823 1280 2896 quanta
1297 2815 1400 2896 potuit

312 2911 494 2986 sedulitate,
522 2927 650 2991 semper
677 2909 831 2976 delendit.
861 2914 953 2977 Anno
982 2929 1041 2976 cru.
1068 2930 1149 2976 cccc.
1179 2931 1230 2988 m,
1263 2913 1400 2980 hectore

277 3053 278 3058 ,
313 3009 481 3092 liudulpho
511 3009 551 3076 de
580 3010 772 3091 beringhen,
805 3010 921 3074 artium
953 3020 984 3076 et
1013 3011 1217 3078 decretorum
1253 3012 1398 3088 doctore,

311 3114 452 3175 loannes
495 3109 702 3184 Beverssius,
746 3109 953 3175 senescalcus
998 3109 1287 3186 llooohstratanus‚
1327 3128 1400 3177 cum

314 3207 464 3273 Davidem
492 3207 685 3280 Gererdens,
710 3208 899 3274 Academiae
927 3209 1072 3274 nuntium
1100 3218 1131 3274 et
1157 3209 1402 3276 conservatoris

313 3307 460 3372 mandata
494 3315 715 3389 exequentem,
744 3307 775 3370 in
812 3307 939 3372 vincula
975 3308 1184 3389 conjecisset,
1211 3309 1403 3376 Academiae

314 3407 506 3472 authoritate
529 3415 661 3472 coactus
684 3414 746 3480 est,
764 3406 912 3486 inprimis
936 3422 1044 3472 coram
1068 3407 1206 3472 hectore
1229 3416 1261 3473 et
1283 3407 1401 3474 Senatu

314 3506 439 3586 culpam
480 3505 657 3586 deprecari,
695 3505 811 3570 deinde
852 3505 1057 3570 llooohstrati
1098 3521 1206 3572 coram
1248 3506 1401 3585 scabinis,

316 3612 456 3687 pastore,
473 3619 511 3669 ac
526 3604 643 3669 ibidem
660 3611 830 3685 praesente
845 3603 1037 3670 Academiae
1054 3614 1250 3685 promotore,
1268 3605 1401 3670 vitream

316 3719 409 3769 unam
426 3689 610 3780 fenestram,
628 3703 659 3766 in
675 3719 737 3784 qua
753 3702 835 3768 duae
857 3702 981 3785 effigies
1006 3712 1127 3780 essent,
1145 3721 1206 3769 una
1229 3704 1292 3769 divi
1315 3704 1403 3770 Petri

315 3819 388 3868 cum
418 3801 605 3867 Academiae
637 3801 831 3883 insignibus,
859 3802 958 3866 altera
988 3801 1080 3867 diuae
1110 3802 1299 3868 catharinae
1327 3820 1402 3869 cum

315 3900 396 3976 auis,
409 3900 497 3981 juxta
521 3899 705 3981 primarium
731 3900 840 3981 templi
863 3901 974 3978 altare,
989 3899 1094 3980 jurata
1113 3901 1176 3967 tide
1192 3902 1348 3982 polliceri,
1365 3919 1406 3968 ac

316 4015 389 4066 mox
419 3999 512 4065 etiam
543 3999 714 4074 exhibere;
747 4007 910 4081 praeterea
940 3998 1185 4066 conservatoris
1220 4001 1404 4066 mandatum

316 4097 442 4179 exequi,
472 4097 663 4164 Academiae
698 4114 836 4164 coronas
874 4097 984 4164 decern
1016 4098 1168 4180 pendere,
1199 4099 1332 4164 ltornam
1363 4103 1404 4164 ad

317 4195 426 4263 divum
444 4195 583 4274 Petrum,
601 4213 671 4260 cum
688 4195 817 4261 hectori
841 4195 943 4262 visum
967 4207 1067 4273 esset,
1085 4197 1291 4279 peregrinari.
1308 4197 1405 4263 Anno
