3246 4944
743 367 927 434 -632-

294 553 451 634 frequenti
486 551 770 633 interrogationum
805 549 958 615 exercitio
995 550 1144 622 forment,
1177 555 1210 612 ut
1242 547 1303 613 sibi
1337 548 1378 613 de

293 669 405 718 eorum
421 659 573 733 provectu
590 659 738 716 constare
755 650 868 732 possit.

235 912 239 969 Ι
751 815 916 878 CXXXVI.

234 983 238 1013 ¹
335 967 501 1032 Ordinatio
534 983 611 1033 vero
648 966 900 1047 disputationum
937 963 1086 1029 exercitia
1119 963 1266 1030 volumus
1301 979 1376 1030 esse

237 1122 239 1133 .
294 1065 525 1148 quadruplicia.
544 1065 681 1131 Primum
699 1081 810 1130 eorum
827 1064 858 1128 in
874 1063 990 1145 quibus
1012 1063 1042 1126 in
1061 1062 1196 1144 singuiis
1217 1061 1374 1144 paedago-

293 1165 356 1246 giis
371 1165 410 1229 ad
428 1175 537 1230 nutum
555 1163 771 1247 professorum
788 1163 923 1245 singuiis
939 1161 1054 1228 diebus
1071 1162 1102 1225 in
1120 1161 1229 1226 schola
1247 1159 1374 1241 propria

295 1264 356 1328 sub
373 1262 468 1328 finem
486 1263 676 1344 posterioris
692 1261 865 1327 matutinae
887 1270 917 1326 et
934 1260 1122 1342 posterioris
1139 1260 1377 1340 pomeridianas

294 1361 467 1427 lectionum
485 1379 542 1443 pro
557 1361 618 1426 foci
635 1371 666 1426 et
682 1360 837 1425 sessionis
861 1359 1079 1440 praerogativa
1096 1357 1247 1440 juventus
1263 1374 1376 1438 quaes-

295 1460 399 1525 tiones
429 1460 639 1540 proponendo
669 1469 700 1524 et
730 1459 921 1524 resolvendo
950 1457 1160 1533 concertabit,
1192 1455 1377 1538 professore

295 1560 536 1624 controversias
566 1558 749 1624 dirimente.
781 1558 961 1623 Secundum
996 1574 1108 1622 eorum
1137 1573 1218 1638 quae
1247 1571 1265 1619 a
1295 1554 1376 1620 festo

295 1659 414 1740 Regum
440 1659 600 1739 usquead
627 1659 741 1723 festum
765 1657 866 1722 sancti
889 1656 1043 1721 iohannis
1065 1657 1223 1738 Baptistae
1239 1653 1376 1736 singuiis

293 1756 446 1822 secundis
469 1768 500 1821 et
522 1757 622 1821 sextis
647 1756 734 1821 feriis
758 1757 789 1818 in
815 1755 952 1838 singulis
979 1755 1184 1836 paedagogiis
1212 1771 1268 1834 per
1293 1754 1375 1817 duas

293 1859 390 1921 horas
406 1865 606 1928 exercentur,
627 1855 678 1920 ubi
697 1855 844 1935 praeside
861 1873 917 1935 per
932 1855 1078 1920 ordinem
1093 1854 1200 1934 atiquo
1217 1871 1234 1918 e
1252 1852 1374 1932 {proies-

291 1955 421 2020 soribus
437 1954 635 2036 paedagogii,
655 1963 686 2018 et
703 1955 927 2035 praesentibus
944 1953 1016 2017 aliis
1029 1952 1174 2034 ejusdem
1188 1949 1374 2033 paedagogii

294 2053 533 2135 professoribus
548 2053 762 2134 omnibusque
778 2070 966 2135 comparere
978 2052 1170 2127 volentibus,
1185 2050 1377 2115 convenien-

294 2162 343 2217 tes
366 2161 431 2216 tum
454 2151 576 2233 logicae
600 2163 665 2216 tum
690 2153 842 2232 physicae
864 2151 1000 2216 studiosi
1018 2150 1160 2215 vicissim
1177 2149 1375 2229 impugnant,

291 2260 323 2316 et
339 2260 551 2332 propugnant,
566 2251 760 2325 discursum,
778 2249 805 2312 si
824 2249 1111 2324 mafeinstituatur‚
1130 2246 1377 2312 reformantibus

293 2349 465 2430 magistris.
485 2350 519 2412 tn
541 2349 580 2413 iis
602 2358 706 2413 antem
732 2365 814 2430 quae
836 2357 910 2412 sunt
927 2348 1010 2412 tertii
1028 2347 1156 2428 generis
1172 2362 1189 2408 a
1206 2343 1377 2426 Regalibus

295 2448 447 2528 usquead
464 2448 582 2511 Pascha
599 2457 672 2511 octo
689 2447 811 2510 vicibus
825 2445 945 2520 fiuntc
963 2446 1064 2528 prima
1083 2443 1234 2526 usquead
1253 2443 1376 2508 tertiam

292 2545 556 2626 pomeridianam,
575 2546 717 2612 omnium
735 2545 1002 2626 paedagogiorum
1021 2543 1163 2625 physicis
1179 2541 1374 2623 coniunctim

292 2643 323 2706 in
354 2644 463 2708 schola
495 2644 620 2723 publica
658 2645 761 2709 dictae
798 2643 956 2708 facultatis
994 2641 1216 2723 praesentibus
1253 2648 1283 2704 et
1319 2656 1376 2720 per

291 2741 437 2806 ordinem
462 2741 717 2821 praesidentibus
740 2751 876 2823 quatuor
901 2740 1060 2821 primariis
1084 2739 1233 2821 physicae
1250 2738 1373 2819 profes-

291 2838 432 2904 soribus.
456 2839 607 2914 Quartum
634 2840 820 2904 exercitium
846 2839 1099 2920 disputationum
1130 2837 1198 2902 fieri
1225 2837 1373 2900 volumus

292 2953 350 3018 pro
366 2954 455 3003 more
472 2939 502 3000 in
516 2937 759 3020 quadragesima
776 2937 864 3002 feriis
880 2937 1032 3002 secundis
1048 2945 1078 3001 et
1093 2935 1191 3001 sextis
1208 2936 1247 2998 ab
1263 2943 1375 2998 octava

294 3054 394 3118 usque
416 3037 454 3100 ad
479 3053 595 3100 nonam
620 3038 816 3112 matutinam,
835 3035 1058 3117 praesentibus
1078 3036 1110 3098 in
1127 3034 1287 3100 antedicto
1304 3033 1376 3098 loco

294 3131 407 3202 iisdem
425 3136 599 3217 magistris,
618 3135 668 3200 ubi
686 3135 781 3200 iidem
798 3136 940 3200 omnium
961 3133 1230 3214 paedagogiorum
1253 3131 1376 3212 physici

293 3235 324 3297 in
362 3244 469 3299 certos
506 3234 638 3300 ordines
674 3234 837 3298 distributi
875 3243 907 3298 et
944 3233 1036 3297 simui
1071 3231 1206 3296 invicem
1236 3230 1376 3312 oppositi

292 3332 535 3398 concertabant.

745 3463 921 3527 cxxxvtt.

335 3609 460 3676 Gradus
496 3628 622 3692 quoque
660 3611 691 3674 in
729 3612 812 3676 dicta
850 3610 999 3676 facultate
1028 3609 1076 3674 sic
1113 3609 1183 3674 fieri
1211 3609 1375 3684 volumus;

293 3709 549 3774 determinabant
568 3709 641 3776 noui
659 3711 753 3792 fogici
776 3712 878 3792 primo
902 3709 998 3774 studii
1023 3708 1073 3774 sui
1096 3705 1320 3789 quadrimestri
1344 3707 1376 3770 in

295 3805 405 3870 schola
441 3807 569 3882 artium,
600 3817 674 3872 octo
712 3809 838 3888 quidem
878 3807 1005 3888 pnbttco
1038 3807 1179 3872 omnium
1209 3807 1377 3870 doctorum

295 3921 451 3968 consessu
465 3906 670 3986 quaestiones
687 3907 825 3971 morales
840 3907 900 3971 sibi
915 3923 970 3987 per
984 3923 1080 3970 unum
1094 3923 1111 3970 c
1125 3902 1376 3985 professoribus,

297 4001 475 4082 praesidem
491 4012 593 4080 actus,
606 4007 800 4085 propositas,
816 4005 846 4069 in
863 4015 1029 4086 utramque
1045 4015 1167 4085 partem
1184 4004 1375 4082 disputatas,

296 4099 420 4165 fandata
434 4101 523 4182 prius
536 4102 737 4185 philosophia
751 4121 807 4185 per·
820 4105 998 4185 praesidem
1011 4115 1102 4168 actus
1115 4101 1203 4166 brevi
1215 4099 1374 4165 oratione.
