3246 4944
757 423 942 500 -olo-

595 668 638 731 lle
661 667 852 732 Concellorio
877 669 1097 736 virtuositatis.

798 825 891 889 xtll.

344 954 444 1022 Porro
472 956 673 1038 praepositus
699 956 856 1024 eedestae
881 957 1068 1040 collegiatae
1090 961 1153 1025 divi
1177 963 1261 1029 Petri
1286 965 1385 1030 lova-

301 1056 434 1132 niensis,
445 1055 532 1138 justa
546 1055 744 1137 privilegium
757 1056 796 1120 ab
809 1057 994 1136 Apostolioa
1004 1059 1087 1124 Sede
1101 1061 1161 1142 ipsi
1176 1062 1382 1142 impertitum,

299 1172 428 1238 semper
443 1162 475 1221 et
490 1154 580 1220 solus
595 1153 781 1220 Caneellarii
798 1155 939 1221 obtineat
955 1157 1140 1238 dignitatem
1157 1170 1189 1226 et
1206 1178 1332 1227 laomen.

785 1311 895 1377 xtlll.

341 1447 406 1530 lpsi
419 1462 547 1529 quoque
559 1443 753 1526 praeposito,
764 1452 922 1525 tamquam
937 1447 1158 1513 universitatis
1170 1450 1379 1526 cancellario,

298 1549 325 1614 si
356 1561 512 1629 praesens
541 1542 645 1618 luerit,
675 1543 881 1623 promovendi
912 1546 949 1608 ad
980 1545 1111 1611 altiores
1136 1549 1267 1627 gradus,
1291 1549 1379 1630 iuxta

298 1663 420 1714 morem
433 1644 497 1726 J'am
513 1649 691 1722 receptum,
709 1657 725 1704 a
743 1641 890 1707 facultate
906 1643 937 1707 ln
957 1661 1017 1725 qua
1042 1645 1076 1709 bt
1099 1647 1269 1726 promotio,
1289 1667 1379 1728 prae·

297 1751 475 1817 sententun
492 1740 662 1814 mabilla,
680 1739 724 1805 uti
746 1741 891 1806 Pontifex
912 1742 968 1816 ait.
992 1743 1150 1810 licentiam
1171 1755 1202 1810 et
1225 1747 1378 1812 bonorem

297 1845 485 1918 sortiantur,
501 1841 597 1924 idque
612 1839 673 1906 ritu
690 1847 720 1906 et
737 1840 832 1906 modo
848 1843 1023 1908 consuetis.

787 1987 893 2052 XLIV.

337 2129 450 2204 Porro,
474 2125 607 2190 absente
624 2123 807 2204 praeposito
824 2123 1004 2204 praedictae
1026 2127 1183 2192 ecelesiae
1198 2128 1260 2192 diri
1280 2130 1375 2208 Petri,

295 2229 449 2304 decenus,
469 2223 557 2306 juxta
586 2221 698 2288 eadem
724 2221 886 2302 pontificia
914 2223 1089 2306 privilegia,
1111 2227 1254 2292 eamdem
1281 2246 1376 2309 quam

296 2324 512 2392 cancellarius
547 2321 723 2404 graduandi
759 2321 874 2387 babeat
911 2331 1119 2403 potestatem
1158 2337 1375 2393 verumtamen

294 2441 398 2509 neque
421 2422 550 2489 nornine
572 2437 675 2502 neque
698 2419 789 2485 titulo
811 2420 998 2486 cancellarii
1020 2420 1166 2505 umquam
1184 2433 1300 2502 utatur,
1319 2444 1378 2492 neo

294 2527 389 2592 etiam
406 2523 508 2588 eidem
523 2519 692 2586 tribuatur.
709 2518 864 2585 Volumus
880 2520 963 2584 enim
987 2523 1174 2586 Carrroellarii
1199 2541 1313 2588 nomeu
1336 2527 1374 2590 ad

293 2625 398 2690 solum
427 2619 643 2701 praepositum
675 2617 846 2698 pertinere,
872 2628 964 2700 prout
993 2619 1142 2686 Summus
1174 2623 1315 2689 lloutilex
1344 2626 1372 2688 id

291 2724 397 2805 ipsum
413 2720 499 2785 olare
514 2715 685 2798 disposuit.

788 2863 879 2928 XLV.

332 3018 465 3097 Quando
497 3032 585 3092 vero,
613 3013 747 3080 absente
775 3013 984 3092 cancellario,
1013 3017 1051 3082 ad
1084 3021 1372 3099 praesentationem

290 3117 450 3186 laoultatis
477 3115 529 3191 iis,
551 3113 605 3196 oui
633 3112 842 3195 promovendi
870 3121 956 3190 sunt,
980 3116 1121 3180 decanus
1148 3127 1197 3182 est
1225 3119 1375 3184 benedie-

289 3222 411 3286 tionem
433 3213 666 3296 impertiturus,
683 3212 789 3277 locum
812 3211 968 3278 obtinebit
991 3215 1190 3291 cancellarii,
1208 3234 1245 3282 ao
1260 3236 1373 3300 super-

290 3317 425 3400 pelliceo
438 3313 633 3393 almutioque
646 3319 761 3386 ulatur,
774 3309 963 3392 laribusque
976 3311 1044 3376 suis
1056 3318 1222 3380 consuetis
1239 3318 1372 3386 truatur.

291 3417 357 3482 llao
382 3421 486 3480 autem
514 3420 620 3477 utetur
646 3410 782 3476 lormula
811 3433 817 3472 :
846 3411 910 3474 llos
936 3413 1007 3476 lllll.
1024 3413 1171 3478 eeclesiae
1196 3417 1374 3498 eollepiotoe

289 3517 370 3581 beuti
394 3514 478 3579 Petri
503 3511 703 3576 bononiensis
728 3527 795 3573 oum
825 3509 989 3592 apostolico
1018 3513 1105 3576 nobis
1134 3516 1165 3576 iu
1195 3515 1252 3580 boo
1281 3518 1372 3582 Almo

292 3615 495 3683 Utriuuaitote
508 3609 685 3692 prodeundi
701 3626 845 3673 oonoesro
858 3615 1005 3691 potestate
1020 3612 1166 3690 decanus,
1184 3615 1240 3678 tlbi
1255 3625 1317 3681 elo.

779 3755 884 3821 xtvl.

331 3893 408 3957 Cum
445 3897 551 3955 autem
581 3887 799 3954 Canoellarius
829 3905 891 3954 uon
922 3891 1089 3962 resederit,
1120 3892 1169 3957 vel
1198 3910 1215 3957 a
1245 3893 1372 3960 civitate

288 3992 406 4057 absens
432 3988 537 4064 inerit,
561 3987 703 4052 decanus
729 3987 817 4068 juxta
845 3987 990 4052 usitatam
1021 3990 1174 4055 hactenus
1197 4003 1371 4058 consuetu-

288 4091 395 4155 dinem
421 4089 527 4153 locum
553 4085 741 4152 cancellarii
769 4087 800 4149 in
828 4087 949 4151 sobolis
972 4087 1125 4166 obtineat,
1143 4091 1181 4155 ud
1206 4092 1372 4173 proprium

288 4203 492 4265 reversurus,
519 4185 646 4268 quando
676 4184 905 4251 cancellarium
936 4187 967 4249 ln
1003 4187 1131 4253 civitate
1169 4200 1368 4271 praesentem

287 4306 363 4358 esse
377 4285 556 4357 resolverit.
