3246 4944
743 397 929 476 ..600-

291 578 478 660 praetendat
501 580 541 644 de
568 581 728 660 praesenti
754 587 808 645 aut
835 577 1046 667 praetendere
1071 576 1148 642 velit
1174 576 1204 639 in
1233 577 1375 642 loturum

290 677 549 759 superioritatem
569 678 600 742 in
625 679 827 762 magnificum
851 677 1017 744 dominum
1044 677 1223 752 Rectorem,
1242 675 1375 741 Univer-

290 773 417 842 sitalem
440 777 575 859 eiusque
598 779 783 860 supposita;
811 779 963 860 quodque
991 776 1066 839 dicti
1094 774 1218 840 articuli
1246 791 1307 839 non
1335 774 1378 838 sit

291 874 474 956 hujnsmodi
506 893 596 942 mens
626 878 675 942 vel
706 895 835 952 sensus,
861 877 918 942 sed
951 891 1081 940 manere
1111 874 1187 938 dicti
1218 872 1376 955 magnifici

291 975 411 1041 domini
425 976 571 1042 hectoris
585 977 842 1058 jurisdictionem
859 977 992 1051 salvam,
1008 975 1161 1054 integram
1174 981 1206 1038 et
1219 971 1374 1038 illaesam.

291 1075 479 1157 Huiusmodi
509 1076 726 1142 declaratione
756 1077 840 1142 idem
872 1073 1070 1140 reverendus
1097 1071 1246 1136 dominus
1276 1070 1375 1136 abhas

291 1174 458 1238 Parceusis
489 1181 632 1240 tenorem
663 1175 896 1256 praedictarum
927 1173 1144 1238 visitationum
1169 1187 1187 1235 a
1217 1168 1375 1250 principio

292 1273 447 1354 usquead
464 1271 560 1338 finem
576 1273 781 1340 Universitati
798 1274 963 1356 praelegit.

180 1539 184 1548 ·
292 1503 348 1568 Les
379 1503 548 1568 Archidues
577 1503 682 1568 Albert
708 1511 736 1568 cl
762 1504 891 1568 leubelle
915 1506 1130 1567 sorvcliouueul
1156 1501 1187 1564 lo
1218 1501 1311 1566 Visite
1336 1517 1378 1562 ou

331 1603 492 1683 replemeul
508 1602 629 1667 elabere
640 1622 719 1685 pour
733 1602 925 1670 b'Ualuersile'
938 1603 974 1666 de
991 1602 1140 1676 Lottouiu,
1158 1606 1185 1665 el
1198 1597 1380 1682 promulpuc

331 1701 578 1766 solevtlvellemeot
594 1701 622 1765 le
638 1703 656 1766 ὃ
672 1701 840 1784 septembre
858 1702 949 1764 lull.
1292 1713 1296 1720 ·

722 1851 754 1906 18
773 1851 843 1906 avril
867 1851 947 1909 1617.
1046 1864 1060 1881 ³

330 1975 485 2038 hahemus
502 1993 537 2038 ar
553 1975 716 2038 Enrsaasru
733 1975 830 2038 Canna
849 1977 990 2049 Euenum,
1011 1972 1232 2054 Hispaniarum
1253 1972 1376 2050 lnlans,

294 2073 347 2138 hei
372 2073 472 2155 gratia
494 2073 693 2140 Archiduces
714 2073 874 2148 lustriae,
896 2071 1000 2138 Duces
1024 2071 1236 2154 Burgundiae,
1259 2072 1378 2138 Letha-

292 2172 424 2256 ringiae,
455 2172 655 2247 Brahantiae,
688 2173 860 2254 limburgi,
892 2171 1104 2253 Luxeurhurgi
1146 2181 1177 2236 et
1217 2169 1376 2246 Geldriae,

292 2272 434 2338 Comites
474 2271 670 2354 llahsburgi,
712 2271 893 2348 Flandriae,
937 2271 1120 2344 arthesiae,
1162 2271 1376 2352 burgundiae,

290 2370 419 2448 tirolis,
434 2369 578 2448 Palatini,
598 2369 795 2448 llannonlae,
817 2370 1011 2445 llollandiae,
1029 2369 1209 2445 zelandiae,
1226 2369 1378 2434 Namurci

291 2479 321 2536 et
350 2469 554 2551 Zutphaniae,
581 2471 782 2535 marchiones
811 2471 895 2534 sacri
928 2469 1056 2549 lmperii
1085 2469 1231 2544 Romani,
1254 2467 1376 2534 bomini

292 2567 424 2644 Frisiae,
465 2568 655 2645 Salinarum,
698 2567 885 2634 ble'chliniae
925 2567 1075 2644 civitatis,
1113 2567 1305 2648 oppidorum
1346 2575 1378 2631 et

291 2667 444 2733 territorii
474 2667 623 2749 Traiecti,
647 2667 963 2754 Transisulaniaeet
989 2666 1201 2748 Groeningae.
1224 2665 1376 2732 Omnibus
1407 2657 1420 2665 ”

291 2775 323 2834 et
338 2766 474 2849 singulis
491 2775 678 2846 praesentes
694 2767 817 2831 litteras
833 2767 952 2831 visuris
972 2766 1020 2832 vel
1043 2765 1200 2830 audituris
1223 2765 1371 2830 salutem.

291 2868 368 2933 Cum
383 2866 525 2932 omnium
542 2882 714 2948 regnorum
730 2867 995 2947 subditorumque
1011 2865 1146 2931 lelicitas
1162 2882 1178 2929 a
1194 2872 1281 2930 recta
1294 2881 1372 2944 pen-

291 2965 662 3047 deatinuttutione‚quae
675 2967 770 3031 rudes
784 2966 955 3047 animosad
967 2964 1201 3041 Deicultum,in
1212 2962 1374 3044 principes

187 3057 189 3062 ’
291 3065 518 3140 obedientiam,
542 3065 574 3127 in
597 3073 746 3144 parentes
768 3074 799 3130 et
824 3065 957 3145 patriam
981 3064 1143 3143 pietatem,
1160 3078 1235 3144 erga
1259 3061 1375 3143 magis-

292 3171 394 3230 tratus
416 3164 572 3230 honorem
595 3171 627 3228 et
653 3164 864 3228 reverentiam
892 3163 1012 3238 incitat,
1034 3171 1130 3242 atque
1156 3161 1376 3226 infructuosos

291 3264 498 3347 Reipublicae
521 3264 638 3330 muniis
661 3265 796 3329 idoneos
821 3263 943 3338 reddit;
966 3279 1028 3326 non
1043 3262 1113 3326 sine
1129 3277 1251 3326 summa
1268 3260 1376 3326 consi-

292 3363 457 3429 deratione
486 3361 600 3427 oculos
629 3361 846 3426 convertimus
880 3361 911 3424 in
949 3360 1194 3425 Universitatem
1234 3366 1376 3423 nostram

293 3461 537 3535 lovaniensem,
554 3477 635 3542 quae
660 3460 713 3525 Dei
738 3459 932 3540 benignitate
953 3459 994 3524 ita
1010 3475 1027 3522 a
1048 3459 1097 3522 sui
1114 3457 1247 3524 exordio
1262 3456 1375 3530 erevit,

294 3569 328 3626 ut
343 3570 417 3626 ante
435 3559 557 3625 initium
582 3559 829 3625 novissimorum
855 3559 1012 3624 hellurum
1035 3557 1174 3622 civilium
1198 3557 1377 3621 absolutam

295 3657 441 3724 hahuerit
467 3659 707 3739 perlectionem,
731 3667 840 3739 utpote
866 3675 948 3739 quae
974 3659 1006 3721 in
1034 3673 1125 3722 sacra
1152 3656 1324 3736 theologia,
1345 3655 1376 3717 in

290 3756 363 3837 iure
378 3757 534 3822 canonico
551 3766 582 3822 et
598 3757 696 3832 civili,
717 3757 886 3832 medicina,
905 3756 1120 3838 philosophia,
1143 3754 1376 3828 mathematica,

294 3856 421 3937 liuguae
454 3873 600 3937 graecae,
632 3856 800 3921 hebraicae
837 3865 868 3921 et
904 3856 1021 3920 latinae
1059 3855 1263 3936 professione
1300 3869 1378 3916 suos

294 3953 441 4019 hahuerit
467 3963 499 4020 et
524 3954 696 4019 ctiamnlrm
723 3955 836 4020 haheat
866 3955 1093 4034 praelectores,
1119 3954 1206 4017 viros
1235 3951 1377 4017 omnium

291 4053 414 4134 jndicio
444 4054 688 4119 doctissimos:
717 4055 772 4119 sed
802 4053 874 4135 quia
905 4070 1066 4134 nunquam
1093 4053 1132 4117 ah
1158 4051 1290 4118 exordio
1316 4066 1377 4115 suo

295 4162 404 4220 exacte
425 4161 456 4219 et
477 4153 584 4220 debite
607 4154 732 4219 visitata
756 4153 824 4234 luit,
847 4153 1067 4238 bellorumque
1088 4152 1228 4217 civilium
1252 4166 1373 4224 morsu,
1416 4215 1419 4221 ,
