3246 4944
751 425 935 501 -626-

299 621 451 688 ordinarii
466 628 497 686 et
513 629 579 686 tres
590 618 833 686 extraordinarii
851 619 1053 699 professores
1066 619 1209 700 quotidie
1225 620 1382 700 tegentes,

298 729 329 787 ct
346 738 438 794 ortus,
456 719 510 801 qui
526 737 565 785 ex
580 718 651 782 aliis
667 717 854 782 doctoribus
871 735 909 782 ex
929 717 1108 798 pluralitate
1131 735 1257 795 vocum,
1275 719 1383 784 habita

262 853 265 864 ·
297 819 451 901 singulari
484 819 606 884 ratione
636 816 797 899 qualitatis
826 825 858 882 et
888 817 1088 891 meritorum,
1114 832 1132 879 a
1163 817 1295 899 reliquis
1326 817 1381 882 lati

296 918 422 999 collegii
439 917 625 984 doctoribus
641 925 835 982 assumetur.

800 1081 878 1148 clx.

337 1233 436 1298 Porro
459 1233 511 1315 qui
535 1233 574 1297 ad
597 1233 872 1300 baccalaureatnm
896 1233 927 1295 in
952 1241 1088 1314 utroque
1105 1231 1177 1312 iure
1200 1233 1378 1315 adspirant,

295 1341 473 1404 teneantur,
502 1341 671 1414 antequam
708 1331 828 1396 admitti
864 1331 999 1411 possint,
1030 1332 1225 1412 sesquianno
1254 1333 1380 1413 integro

296 1431 421 1512 utrique
444 1431 507 1512 juri
531 1447 660 1513 operam
686 1431 882 1505 dedissetre
908 1429 947 1493 ad
973 1430 1077 1494 minus
1105 1430 1271 1511 utriusque
1294 1430 1378 1512 juris

294 1530 514 1595 iustitutiones
529 1529 710 1605 audivisse;
726 1529 766 1594 de
782 1545 845 1610 quo
862 1527 955 1593 fidem
973 1530 1077 1593 lacere
1092 1527 1229 1594 debeant
1252 1529 1378 1610 proles·

293 1645 402 1694 sorum
420 1629 603 1694 testimonio
619 1629 668 1694 vel
684 1628 876 1710 scriptorum
892 1627 1100 1694 exhibitione.

804 1793 868 1856 CX.

332 1943 448 2006 Eorum
475 1951 579 2006 autem
606 1958 737 2006 examen
766 1940 819 2008 det
843 1940 874 2004 in
902 1940 1172 2016 institutionibus,
1192 1941 1278 2006 nullo
1301 1952 1377 2008 ante

264 2045 265 2048 ’
290 2057 422 2105 examen
446 2040 477 2102 in
502 2040 540 2104 iis
567 2039 638 2104 ioco
665 2039 851 2119 designa103
880 2038 936 2103 sed
964 2037 1186 2104 indifferenter
1212 2039 1376 2105 examina·

290 2140 409 2203 buntur
445 2154 501 2217 per
537 2137 655 2210 omnia,
686 2153 767 2218 quae
797 2137 829 2200 in
862 2135 1119 2202 institutionibus
1149 2137 1373 2212 continentum

291 2236 408 2317 detque
433 2235 509 2300 illud
538 2252 670 2299 examen
701 2252 763 2299 non
794 2235 832 2298 ab
863 2251 926 2300 uno
955 2236 1004 2299 vel
1034 2235 1160 2300 duobus
1189 2254 1207 2301 e
1236 2237 1375 2318 collegio

289 2334 524 2399 ordinariorum
547 2332 751 2414 deputandis,
769 2333 825 2397 scd
846 2348 862 2395 a
885 2332 1022 2414 collegio
1039 2342 1105 2399 toto
1121 2337 1159 2399 ad
1178 2335 1239 2400 boc
1255 2337 1376 2401 solem-

291 2432 373 2496 niter
384 2442 577 2506 convocato;
593 2441 624 2496 ut
637 2431 787 2496 omnibus
800 2431 840 2496 de
852 2447 962 2496 eorum
977 2432 1110 2497 scientia
1123 2441 1154 2496 et
1166 2433 1376 2513 qualitatibus

269 2569 274 2580 ·
290 2547 347 2611 per
362 2530 480 2594 dictum
497 2547 629 2596 examen
646 2539 796 2596 constare
814 2530 927 2611 possit.

642 2772 695 2842 'lic
714 2776 863 2858 ,locutique
884 2777 1013 2842 medico.

790 2958 866 3024 ext.

327 3110 404 3174 Cum
441 3109 575 3174 facultas
604 3107 725 3172 medica
756 3117 885 3171 nostrae
915 3106 1138 3174 Universitatis
1168 3109 1369 3191 praeclarum

285 3226 412 3291 quoque
431 3209 473 3273 sit
495 3207 671 3274 membrum
695 3214 725 3270 et
749 3205 943 3286 reipublicae
967 3207 1172 3272 utilissimum
1195 3225 1232 3272 ac
1256 3225 1370 3273 neees-

284 3307 510 3382 sarium,circa
527 3323 595 3370 earn
612 3320 739 3385 quoqne
756 3313 864 3368 nostra
879 3321 955 3368 cura
968 3305 1063 3370 debet
1078 3306 1217 3382 extendi,
1231 3305 1371 3388 ideoque

285 3417 318 3470 ut
334 3407 412 3470 lraec
429 3405 562 3469 facultas
578 3403 722 3466 adinstar
737 3403 868 3466 aliarum
886 3402 1042 3477 effloreat,
1060 3414 1090 3469 et
1103 3403 1255 3486 juventus
1275 3404 1306 3468 in
1331 3423 1369 3470 ea

285 3504 391 3569 debite
415 3512 613 3575 exerceatur,
631 3517 668 3565 un
694 3518 751 3580 per
777 3518 855 3565 suos
881 3502 1001 3581 gradus
1027 3503 1065 3567 ad
1094 3503 1187 3584 bujus
1213 3503 1370 3569 scientiae

285 3601 510 3681 perlectionem
539 3600 744 3681 provebatur,
763 3599 990 3680 subsequentia
1016 3601 1194 3666 ordinanda
1218 3601 1368 3666 duximus

283 3708 377 3781 atque
393 3699 573 3764 statuenda.

778 3830 872 3896 cxli.

277 4055 279 4060 ,
325 3977 482 4058 imprimis
506 3978 653 4043 volumus
678 3989 710 4042 ut
734 3978 764 4042 in
789 3996 824 4043 ea
847 3980 1060 4044 observentur
1084 3981 1188 4062 quoad
1205 3981 1369 4059 juramen·

285 4084 349 4140 tum
372 4087 403 4137 et
428 4075 548 4157 reliqua
575 4078 735 4156 generalia
762 4078 880 4152 omnia,
899 4093 980 4158 quae
1007 4079 1037 4141 iu
1065 4080 1136 4142 aliis
1164 4078 1368 4143 facultatibus

285 4173 449 4238 observari
465 4175 691 4255 praecipimus.
