3112 4942
763 495 798 508 ..
824 401 926 524 ιι,

293 671 435 802 llecu
401 736 419 802 1
424 735 457 811 V
481 735 540 799 duc
564 677 773 806 delirabant
797 706 949 802 crrironce
950 709 1186 820 publipuement
1206 691 1390 835 touccrtucc

322 835 376 899 des
391 851 480 898 caure
495 835 533 898 dc
546 834 577 899 lc
592 834 730 898 nouvelle
743 835 915 900 Εἰιίιιιιιὶιέ
925 854 1003 919 pour·
1018 838 1047 900 lc
1062 833 1210 902 loclobre
1225 815 1309 902 llas
1315 838 1366 921 (l).

742 985 777 1040 18
790 991 857 1042 aodt
874 987 959 1043 lato..
1047 1040 1048 1044 ,

343 1123 511 1192 Unroersrs
523 1133 555 1189 et
557 1121 705 1210 srn,uhs
716 1125 940 1190 Serenrssrmrs
963 1125 1114 1208 Regibus,
1124 1125 1390 1210 Reuerendlshue

295 1224 334 1314 'in
354 1217 477 1290 chrislo
499 1207 651 1296 Patribus
669 1231 701 1288 et
724 1223 908 1289 illustribus
932 1226 1133 1306 Principibus
1154 1226 1238 1291 sacri
1262 1225 1389 1308 imperii

295 1303 516 1394 ΕΙοιιοιίιιιιιι
541 1339 578 1387 ac
601 1322 718 1388 celeris
744 1317 1019 1403 hrchiepiscopis‚
1047 1323 1201 1402 Ducibus,
1231 1325 1390 1390 biarchio'·

241 1426 243 1431 ’
302 1421 410 1498 nibus,
444 1421 653 1534 lantgrauijs,
685 1421 872 1498 cornicibus.
904 1423 1134 1504 spectabilibus
1165 1433 1198 1488 et
1227 1423 1390 1488 nobilibus

302 1519 442 1586 dominis
460 1517 730 1602 consanguineis,
757 1521 973 1598 confederatis
1000 1533 1031 1587 ct
1061 1523 1239 1586 sectoribus
1269 1522 1391 1587 nostris

301 1619 426 1686 dilectis
448 1619 487 1684 ad
510 1637 592 1701 quos
616 1619 664 1684 rel
688 1620 726 1683 ad
750 1611 886 1700 auorum
912 1621 1061 1685 noticiam
1086 1629 1254 1701 presentes
1280 1629 1391 1685 nostre

298 1711 406 1784 littere
428 1717 647 1799 peruenerlnl,
671 1719 833 1784 lohannes
859 1719 910 1784 dei
937 1721 1043 1800 gracia
1071 1719 1288 1801 lotharingie,
1315 1720 1392 1783 Bra·

298 1817 409 1882 banlic
424 1824 457 1883 et
472 1816 663 1898 Lymburgie
678 1818 753 1890 dux,
771 1817 920 1898 sacrique
937 1817 1064 1899 lrnperij
1090 1817 1245 1893 marchio,
1264 1834 1390 1882 necnon

301 1911 457 1988 llanonie,
482 1915 649 1980 llollandie
674 1926 706 1980 et
726 1916 877 1981 Zelandle
899 1933 1010 1981 comcs
1032 1933 1070 1980 ac
1096 1915 1248 1982 dominus
1275 1915 1387 1992 Frisie,

298 2014 491 2094 obseouium
528 2025 674 2078 nostrum
707 2025 740 2080 et
767 2015 955 2080 continuum
985 2014 1105 2079 amoris
1135 2015 1388 2088 incrementum

299 2127 426 2178 necnon
441 2112 592 2176 omnibus
613 2119 645 2176 et
657 2112 794 2195 singulis
809 2113 990 2185 abbatibus,
1008 2114 1180 2194 prioribus,
1199 2112 1386 2194 prepositis.

300 2211 559 2293 archidyaconis,
575 2210 720 2285 decanis,
737 2211 952 2286 nicodemum,
974 2212 1172 2286 cantoribus,
1190 2211 1387 2288 scolasticis,

298 2308 520 2390 thesaurariis,
552 2309 720 2375 canonicis
753 2320 817 2374 tam
843 2311 1074 2376 cathedralium
1107 2327 1202 2392 quam
1233 2311 1389 2392 collegia·

298 2416 414 2482 tarum,
431 2418 463 2474 et
486 2407 714 2488 parochialium
737 2407 947 2474 ecclesiarum
971 2409 1164 2483 rectoribus,
1183 2409 1385 2490 presbiteris,

298 2507 640 2590 vicariis-perpetuis.
671 2509 858 2589 capellanis,
891 2509 1025 2584 curatis,
1063 2508 1203 2588 notariis
1235 2508 1385 2589 publicis,

294 2607 436 2682 clericis,
463 2607 644 2672 scolaribus
666 2617 698 2672 et
719 2608 937 2685 studentibus,
963 2624 1001 2672 ac
1024 2607 1293 2689 burglmagislris,
1316 2623 1388 2673 sca·

296 2705 393 2782 binis,
410 2705 612 2781 consulibus,
632 2705 749 2786 juratis
771 2717 804 2771 et
825 2706 1096 2788 gubernatoribus
1119 2707 1298 2783 ciuitatum,
1315 2706 1387 2787 opi,-

296 2804 410 2870 dorum
439 2813 471 2869 et
498 2804 647 2869 villarum
674 2805 806 2870 ubilibet
835 2805 1032 2881 constitutis,
1063 2805 1199 2870 salutem
1231 2815 1262 2870 et
1292 2821 1388 2870 omne

296 2901 416 2969 bonum
442 2920 514 2967 cum
540 2904 704 2984 agnitione
730 2904 875 2970 veritatis
902 2903 1194 2985 infrascriptorum.
1222 2904 1256 2968 ln
1283 2904 1386 2970 diuini

299 3001 439 3066 nominis
460 3001 561 3084 gloria
585 3003 766 3068 exultamus
781 3012 813 3068 ct
829 3003 996 3084 multiplici
1011 3003 1202 3084 gaudiorum
1218 3001 1389 3068 allluenola

300 3099 437 3166 letamur
465 3117 539 3165 oum
568 3117 604 3166 ea
630 3118 693 3178 quc
719 3117 810 3166 mens
832 3102 870 3180 (Ε)
898 3112 1145 3183 nostrarumque
1173 3110 1332 3167 terrarum
1357 3110 1391 3166 et

297 3197 456 3265 ditionum
478 3215 516 3263 ac
531 3199 707 3264 vicinarum
729 3200 878 3280 gencium
900 3210 931 3266 et
947 3200 1092 3266 locorum
1107 3217 1387 3282 quorumcumque

300 3297 440 3363 honores
456 3308 488 3362 et
502 3297 671 3362 commoda
687 3307 718 3363 et
732 3297 883 3363 utilitates
897 3299 1087 3379 respiciunt,
1103 3315 1275 3379 possumus
1287 3298 1392 3378 expla-

300 3411 389 3462 nare.
407 3396 490 3461 Sane
511 3396 641 3476 quidem
658 3396 883 3462 sanctissimus
899 3397 930 3460 in
946 3397 1071 3462 christo
1088 3407 1178 3478 pater
1192 3405 1224 3460 et
1238 3397 1391 3461 dominus

295 3503 411 3560 noster
426 3493 577 3560 dominus
593 3494 748 3560 llartinns
763 3495 870 3560 diuina
887 3496 1090 3576 prouidentia
1108 3511 1187 3576 papa
1212 3496 1390 3560 modernus

292 3707 296 3718 ·
336 3674 374 3746 ll)
394 3676 432 3730 Ge
455 3676 603 3730 document
627 3682 668 3732 est
695 3676 807 3732 inritum
830 3677 899 3757 dans
922 3679 949 3732 lo
971 3676 1155 3732 manuscrit:
1179 3677 1337 3742 Nollttcctlo
1359 3681 1393 3730 de

301 3765 473 3820 inchoatione
498 3770 581 3829 studii
605 3771 743 3833 peneaclis
769 3751 939 3821 leucatensis
963 3775 1037 3833 sucta
1063 3773 1092 3820 ιἰι
1118 3771 1250 3854 partibus
1275 3772 1392 3820 circum-

294 3862 414 3922 ulciscis

338 3947 377 4016 (2)
399 3948 471 4001 Dans
495 3947 535 4000 los
561 3945 714 4013 Prr'cltcpia
742 3949 900 4002 Accdemioe
926 3947 1096 4006 Loucmensi
1121 3965 1257 4026 concesso,
1286 3947 1331 4003 ὀᾶ,
1360 3947 1394 4001 de

306 4035 376 4091 1728
390 4035 423 4108 (l,
438 4055 464 4107 p.
481 4037 528 4106 25)
541 4052 578 4090 on
598 4037 631 4090 tic
650 4054 709 4101 nos,
724 4053 759 4090 au
782 4039 837 4092 lieu
858 4040 892 4093 do
912 4057 999 4094 mons.
1015 4039 1089 4093 Tous
1103 4039 1143 4093 les
1157 4037 1325 4093 manuscrits
1339 4053 1393 4109 que

303 4132 373 4181 nous
392 4145 476 4182 avons
496 4143 533 4198 pu
546 4130 686 4182 consulter
699 4127 820 4182 donnent
839 4145 926 4186 mens.
942 4130 1019 4185 Nous
1034 4141 1150 4200 pensons
1175 4128 1241 4200 quil
1261 4129 1321 4183 faut
1342 4127 1395 4181 lire

294 4226 413 4273 Qnostra
