3240 4946
702 461 887 545 -uca'-

251 660 346 726 ltodie
374 661 553 726 scholarem
582 677 689 725 coram
715 661 751 726 l).
769 661 1002 726 conservatore
1025 672 1230 738 conventum,
1249 665 1275 728 si
1299 665 1338 728 ad

251 759 421 824 Rectorem
446 759 561 823 remitti
586 759 758 836 desideret,
777 777 851 826 esse
868 760 1074 824 audiendum.
1091 761 1310 842 Strlsinnutnm
1329 782 1339 827 :

251 859 383 922 Ganntet
400 857 554 938 liuvilane,
567 859 726 922 Vutntuus
745 859 918 923 Baannams
934 868 964 924 et
982 859 1134 924 Etnenrus
1152 861 1310 926 Leonteus.
1324 886 1336 922 n

299 1079 311 1117 u
331 1057 477 1122 Ceterum
495 1057 532 1121 ad
561 1056 697 1122 tribunal
721 1057 1060 1124 cenomannense
1083 1066 1148 1124 tota
1171 1059 1340 1124 Brabautia

256 1156 391 1240 aliisque
408 1156 593 1238 provinciis,
610 1157 674 1222 imo
691 1166 722 1222 et
738 1157 938 1234 leodicensi,
956 1174 1091 1224 evocare
1121 1159 1207 1236 licet,
1226 1175 1340 1239 magno

257 1273 335 1320 sune
362 1256 582 1321 studiosorum
611 1258 793 1332 commodo,
812 1257 928 1338 quippe
955 1257 1137 1338 univocari
1161 1258 1192 1320 in
1212 1257 1265 1338 ius
1287 1265 1341 1322 aut

257 1355 338 1420 tratri
370 1364 457 1419 extra
488 1371 597 1420 mures
629 1355 718 1420 urhis
748 1356 958 1422 Lovauiensis
988 1357 1019 1419 in
1054 1357 1154 1438 primu
1192 1356 1341 1423 instantia

258 1464 428 1536 nequeant.
447 1454 563 1519 Verum
588 1454 750 1544 singulare
773 1456 835 1520 ltec
855 1453 919 1536 jus,
938 1456 1021 1536 qued
1047 1465 1077 1520 et
1096 1455 1171 1520 olim
1189 1472 1225 1520 ae
1241 1471 1342 1536 nuper

257 1555 320 1619 late
335 1552 486 1629 obtinuit,
505 1554 655 1634 paulatim
672 1571 744 1618 cum
761 1555 938 1635 pervicacia
961 1555 1144 1636 opidorum,
1162 1571 1243 1636 quae
1264 1572 1343 1619 suos

258 1661 395 1730 tuentur,
414 1660 480 1716 tum
504 1653 696 1718 remissione
716 1669 753 1717 ac
775 1653 893 1735 frigore
908 1654 1175 1726 academicorum,
1193 1653 1342 1734 restringi

256 1751 435 1834 justissima
462 1751 540 1816 lusti
569 1752 663 1833 lipsii
693 1753 821 1834 querela
852 1763 911 1817 est.
928 1752 963 1818 Si
991 1755 1034 1816 cic
1061 1755 1211 1834 parcitur,
1229 1743 1343 1834 inquit',

259 1851 340 1914 dreni
361 1869 423 1914 lton
445 1853 506 1913 nisi
526 1869 635 1916 laomen
658 1859 686 1914 el
703 1852 847 1915 memorio
864 1854 930 1914 eina
946 1853 1014 1916 erit.
1032 1851 1223 1916 Confirmata
1238 1861 1343 1917 tamen

258 1950 439 2031 jurisdictio
457 1951 563 2015 curiae
581 1951 676 2030 hujus
694 1950 751 2015 luit
767 1968 831 2016 tren
847 1952 946 2018 semel
960 1968 1185 2032 supremorum
1203 1951 1344 2016 triltuna-

263 2050 340 2112 lium
369 2051 501 2113 arrestis
533 2072 539 2111 ι
572 2051 603 2111 iu
635 2048 779 2114 Concilio
809 2050 975 2114 secretiori
1003 2066 1087 2114 anne
1113 2068 1169 2112 cto.
1188 2067 1244 2112 rau.
1262 2067 1344 2114 xxix.

263 2167 292 2212 v.
319 2148 390 2213 idus
421 2148 546 2229 angusti
578 2157 688 2213 eontra
719 2148 875 2212 decanum
906 2157 938 2212 et
973 2149 1147 2228 capitulum
1184 2147 1348 2212 salboni

264 2249 496 2318 Namurcense;
516 2248 547 2310 in
566 2264 679 2328 magno
692 2246 834 2311 Concilio
851 2247 980 2328 Belgieo
996 2245 1182 2310 llaehliniae
1195 2246 1350 2311 adversus

264 2346 431 2422 Flandros‚
455 2347 686 2411 contendentes
717 2363 791 2410 sese
818 2355 905 2410 entra
934 2346 1129 2426 provinciam
1159 2345 1286 2410 evocari
1311 2345 1350 2409 ad

263 2445 431 2511 dicendam
470 2445 544 2508 alilti
574 2462 719 2510 caussam
750 2461 813 2508 non
844 2462 952 2526 posse,
977 2445 1071 2527 idque
1101 2461 1139 2510 ex
1169 2443 1348 2525 privilegio,

265 2545 349 2626 qnod
371 2545 557 2622 ,academico
580 2545 784 2626 opponebant
808 2560 859 2607 an.
882 2563 940 2608 cto.
961 2563 999 2608 vo.
1017 2563 1121 2610 xxxvi.
1138 2545 1181 2607 ix.
1200 2544 1351 2609 kalendas

267 2643 351 2724 lulli,
376 2653 406 2708 et
443 2659 494 2706 an.
519 2663 576 2708 ero.
605 2663 643 2708 ra.
672 2662 762 2708 xtvrr.
786 2643 850 2726 viij.
878 2644 1030 2708 kalendas
1070 2643 1236 2720 octobris;
1278 2643 1352 2707 item

267 2743 423 2807 adversus
436 2731 570 2824 =opidum
596 2744 824 2808 llacltliniense
846 2761 897 2808 an.
916 2762 972 2808 em.
991 2763 1030 2808 m.
1048 2763 1128 2808 xtvr.
1144 2743 1184 2806 xi.
1203 2742 1355 2807 kalendas

270 2841 391 2921 martii,
424 2842 455 2904 in
487 2859 637 2923 suprema
669 2843 855 2909 Brabantiae
884 2845 972 2908 curia
1004 2844 1160 2908 adversus
1190 2841 1354 2914 eonsules,

270 2940 421 3004 scabinos
437 2951 468 3004 et
485 2943 703 3022 magistratum
720 2944 806 3022 opidi
825 2942 1042 3007 Bruxellensis
1057 2959 1096 3005 an
1113 2959 1170 3004 uro.
1184 2959 1265 3005 cccc.
1282 2957 1351 3002 xcv.

169 3089 172 3095 ,
269 3038 321 3118 vij.
340 3037 492 3102 kalendas
522 3040 612 3120 iunij,
631 3049 661 3104 et
692 3041 804 3104 iterum
835 3057 887 3103 an.
905 3060 962 3104 uro.
987 3039 1227 3119 roc.rrxxv.ii1'.
1251 3055 1353 3102 nenas

268 3136 469 3210 decembris;
488 3138 643 3203 adversus
658 3138 789 3219 opidum
813 3139 1009 3204 lovaniense
1031 3157 1084 3202 an.
1101 3157 1157 3202 cra.
1175 3157 1213 3201 m.
1233 3155 1352 3202 lxxxvi.

269 3236 311 3300 iv.
344 3235 497 3300 kalendas
534 3236 662 3315 aprilis;
702 3238 857 3301 adversus
893 3236 1115 3317 Trajeetenses
1155 3237 1193 3299 ad
1234 3237 1355 3300 llosam

270 3353 321 3399 an.
339 3353 395 3398 em.
414 3353 572 3398 mcvvrn.
591 3335 635 3416 iij.
656 3352 757 3400 nonas
774 3335 973 3408 decembris;
992 3345 1023 3400 et
1039 3327 1195 3400 adversus
1217 3334 1356 3398 abbatis·

271 3440 350 3498 sam'
375 3444 406 3499 et
443 3443 636 3499 conventum
674 3434 960 3514 Cortebergeusem
999 3433 1209 3514 excipientem
1244 3441 1356 3497 contra

268 3533 526 3614 jurisdictionem
565 3535 600 3596 ll.
631 3533 885 3608 conservatoris,
914 3532 999 3613 qnod
1037 3549 1075 3597 ex
1115 3531 1294 3612 privilegio,
1324 3541 1357 3596 ut

271 3634 452 3706 maerebat,
474 3633 623 3712 praelatis
649 3633 840 3697 Bradantiae
866 3640 1068 3712 competente
1093 3631 1167 3694 alibi
1196 3632 1227 3693 in
1255 3631 1355 3709 prima

272 3733 422 3796 instantia
454 3751 517 3797 non
556 3742 676 3813 posset,
702 3749 796 3814 quam
833 3748 940 3796 coram
978 3747 1131 3812 supremo
1168 3729 1356 3794 Brabautiee

272 3831 400 3906 Senatu,
418 3849 468 3894 an.
488 3850 545 3896 eto.
563 3851 618 3895 me.
637 3850 688 3896 xx.
707 3832 767 3912 xvj.
785 3831 939 3896 kalendas
966 3829 1113 3910 ianuarii,
1138 3845 1195 3910 pre
1219 3827 1358 3910 capitulo

272 3931 501 3995 canonicorum
519 3949 619 3997 novae
635 3930 831 3996 fundationis
848 3929 997 4011 Levauij;
1015 3929 1046 3991 in
1063 3927 1205 3993 Concilio
1222 3928 1360 4009 denique

273 4029 441 4095 Flandrlae
456 4049 507 4094 an.
522 4049 579 4095 cre.
594 4051 633 4095 ra.
650 4049 783 4095 txxxvn.
798 4031 852 4112 vij.
864 4030 936 4094 idus
953 4029 1137 4094 novembris
1153 4045 1210 4110 pro
1228 4029 1263 4092 D.
1275 4038 1306 4094 et
1317 4030 1359 4091 kt.

276 4129 393 4193 loanne
410 4130 590 4195 Pleretnent
606 4141 716 4197 contra
734 4131 770 4194 ll.
788 4130 978 4195 Germanum
996 4119 1185 4194 aontsonot.
1207 4151 1220 4188 n
1265 4200 1268 4205 ¹
