3240 4946
686 473 871 541 -363-

279 679 291 717 n
311 655 428 722 Omnes
443 675 518 723 vcro
540 658 680 723 omnium
704 659 848 723 ordinum
873 665 948 722 tunc
971 656 1107 738 primum
1134 657 1315 724 academica

236 756 381 822 libertate
418 757 656 838 privilegiisque
691 758 849 832 lrnnntur,
878 773 950 822 oum
980 771 1096 822 nomen
1127 757 1316 822 Academiae

236 855 404 931 dederunt,
429 873 498 932 seu,
524 865 556 921 ut
581 858 689 939 vulgo,
712 857 859 922 intitulati
886 865 939 920 aut
964 856 1199 922 immatrionlati
1226 865 1318 932 sunt,

237 953 365 1020 Hectori
403 957 539 1021 solemni
577 967 777 1021 sacramento
807 973 843 1022 se
875 956 1058 1038 obligarunt
1086 972 1123 1019 ac
1153 955 1317 1037 religionis

237 1055 395 1120 catholico
412 1071 562 1120 romanae
579 1055 812 1136 professionem
829 1071 845 1118 a
863 1055 920 1120 Pio
943 1055 982 1119 lV
1005 1055 1156 1136 pontifice
1182 1055 1318 1120 maximo

238 1153 477 1235 praescriptam,
496 1155 546 1220 cui
574 1154 654 1220 aliae
679 1153 795 1220 deinde
822 1155 865 1218 Pii
893 1155 929 1230 V,
946 1153 1089 1235 Gregorii
1116 1154 1201 1228 xlll,
1221 1155 1320 1218 lnno·

237 1253 332 1317 centii
369 1253 407 1327 ll,
439 1253 607 1318 Alexandri
639 1254 690 1318 vtl
727 1263 758 1320 ot
794 1253 967 1318 Clementis
995 1252 1037 1316 lll
1069 1253 1318 1320 constitutiones

234 1367 417 1427 accessero,
434 1368 543 1418 coram
559 1353 742 1418 academico
759 1353 896 1418 Rectore
913 1353 1150 1434 praestiterunt.
1171 1375 1184 1414 ι

278 1553 504 1632 Quaecumque
526 1553 691 1632 supposita
717 1551 891 1634 privilegiis
909 1551 1101 1616 academicis
1118 1551 1317 1630 fruebantur,

237 1656 332 1730 atque
347 1651 385 1713 ab
401 1649 615 1716 Universitate
631 1659 743 1715 contra
759 1667 872 1715 omnes
888 1661 1058 1716 extraneos
1073 1652 1187 1716 sedulo
1211 1652 1322 1718 delen·

239 1746 406 1812 dabantur.
423 1748 486 1822 Sic,
501 1749 635 1829 exempli
652 1750 764 1830 gratia,
779 1757 914 1814 exeunte
929 1749 1039 1814 seculo
1056 1749 1180 1814 decimo
1196 1751 1319 1832 quinto,

239 1845 278 1909 nd
305 1846 463 1910 tollendas
490 1847 684 1923 exactiones,
701 1848 818 1930 quibus
843 1847 1010 1928 supposita
1033 1848 1203 1930 aliquoties
1225 1867 1321 1915 viena·

242 1945 357 2009 bantur
379 1946 551 2012 occasione
570 1945 689 2027 jurium
713 1945 941 2011 solvendorum
966 1962 1023 2027 pro
1046 1947 1321 2015 administratione

241 2053 514 2110 sacramentorum
553 2054 584 2110 et
621 2046 728 2109 missis
760 2043 992 2126 exequialibus,
1021 2045 1131 2110 initum
1162 2046 1220 2112 luit
1250 2064 1321 2112 cum

241 2142 328 2206 clero
346 2143 519 2222 parochiali
536 2143 745 2217 bononiense,
764 2144 795 2206 in
812 2160 876 2224 quo
890 2145 960 2224 jura
984 2160 1000 2207 a
1025 2145 1202 2225 suppositis
1225 2145 1275 2211 llis
1290 2147 1322 2210 in

241 2241 372 2306 casibus
409 2242 563 2307 solvenda
604 2249 752 2306 accurate
781 2241 987 2306 deliniuntur.
1015 2241 1198 2324 Sequuntur
1228 2243 1324 2327 hujus

240 2341 425 2406 concordati
443 2349 534 2407 tenor
550 2351 581 2407 ct
594 2341 748 2424 quaedam
762 2343 952 2408 documenta
968 2343 1006 2407 ad
1024 2341 1101 2407 illud
1119 2345 1294 2424 spectantia
1314 2367 1321 2408 :

283 2506 374 2572 Anno
396 2506 497 2588 [xiiijrl
520 2507 592 2588 lxxij
618 2507 738 2572 mensis
761 2507 886 2588 augusti
911 2507 962 2572 dia
985 2506 1104 2583 ultima,
1127 2509 1157 2572 in
1181 2510 1321 2592 genoralj

241 2605 490 2686 congregatione
510 2605 728 2672 uniuersitatis
750 2605 847 2686 studij
864 2603 1074 2670 bononiensis
1092 2615 1177 2670 tenta
1193 2614 1224 2670 et
1239 2608 1324 2674 celc-

241 2703 342 2779 brata‚
360 2713 453 2784 prout
480 2705 579 2770 moris
601 2716 663 2779 cst,
681 2705 712 2768 in
737 2704 908 2770 refectorio
933 2704 1064 2768 fratrum
1091 2703 1323 2771 lleremitarum

240 2803 526 2883 augustinensium
549 2803 807 2876 Louaniensium,
824 2803 1022 2868 reuerendus
1044 2803 1195 2868 dominus
1219 2814 1325 2870 rector

241 2899 323 2965 inter
349 2901 408 2964 aliu
436 2903 603 2982 proposuit
630 2919 665 2966 ea
693 2919 754 2982 qne
779 2910 848 2966 acta
875 2910 906 2966 et
931 2912 1085 2982 concepta
1113 2903 1237 2966 luerunt
1268 2919 1324 2984 por

241 2999 411 3080 deputatos
427 3011 458 3064 et
473 3002 626 3066 conclusa
643 3001 673 3064 in
691 3000 822 3064 materia
839 2999 1028 3064 luneralium
1047 3009 1110 3066 etc.
1128 3019 1189 3082 qne
1205 3002 1322 3066 ibidem

242 3098 369 3180 publice
394 3098 475 3163 lecta
502 3109 533 3162 et
559 3099 714 3178 publicata
742 3099 880 3163 luerunt.
901 3098 1004 3178 Super
1030 3099 1145 3178 quibus
1171 3099 1322 3166 dominus

242 3208 349 3262 rector
359 3197 520 3262 conclusit
532 3215 569 3262 ex
583 3197 719 3277 vnanirnj
733 3197 963 3261 deliberatione
979 3196 1119 3261 omnium
1137 3197 1320 3262 facultatum

241 3297 324 3378 quod
349 3298 431 3362 dicta
455 3297 574 3362 auizata
598 3297 752 3362 deberent
773 3297 873 3376 teneri
891 3303 921 3358 et
937 3295 1102 3374 obseruari
1120 3303 1152 3359 et
1167 3295 1321 3376 deinceps

240 3397 278 3460 ad
297 3396 466 3478 practicam
480 3398 510 3460 in
526 3397 675 3462 omnibus
691 3396 766 3473 suis,
776 3395 918 3476 partibus
935 3393 1021 3474 ponj,
1036 3403 1199 3458 reseruata
1215 3406 1320 3459 tamen

240 3497 459 3562 vnlnersitatis
476 3505 632 3578 potestate
655 3493 850 3574 corrigendj‚
867 3490 1002 3572 addendj
1027 3502 1059 3558 et
1081 3493 1320 3575 substralrendJ,

240 3596 367 3676 quando
390 3605 422 3662 el
443 3596 592 3677 quotiens
616 3593 813 3674 uniuersitatj
831 3591 988 3656 videbitur
1003 3591 1165 3673 expedire.
1185 3592 1321 3672 lnsnpcr

239 3693 341 3759 voluit
370 3695 563 3759 vninersitas
593 3693 677 3774 qnod
707 3692 791 3756 dicta
820 3691 942 3758 auizata
974 3689 1128 3755 deberent
1165 3689 1319 3771 publicarj

240 3792 377 3872 singulis
410 3793 530 3858 curatis
559 3791 653 3856 istius
683 3790 768 3872 opidj
801 3800 831 3855 et
860 3790 1027 3870 unicuique
1055 3787 1145 3869 copia
1175 3789 1319 3870 ipsorum

239 3891 333 3972 tradj.
351 3893 402 3957 Sic
417 3893 575 3974 signatum
593 3914 600 3955 ε
620 3893 793 3970 Anrrrlnnus]
807 3891 912 3954 l‘arnr.

280 4058 382 4137 Super
407 4057 513 4138 dubiis
544 4057 638 4121 motis
667 4065 697 4121 ot
726 4055 927 4120 ordinatione
957 4051 1145 4119 luneralium
1175 4053 1317 4120 declarat

239 4155 432 4220 uniuersitas
449 4155 657 4220 intentionem
674 4171 765 4220 snam
781 4155 812 4218 in
831 4155 913 4219 buno
930 4153 1058 4218 modurn
1078 4168 1086 4216 :

281 4319 447 4400 inprimis
468 4319 625 4384 intellexit
644 4318 837 4384 vniuersitas
859 4317 943 4400 quod
968 4331 1025 4398 pro
1046 4323 1115 4382 taxa
1137 4313 1267 4382 cuilibet
1284 4314 1318 4379 in
