3236 4944
721 423 907 488 -tto-

266 607 320 671 des
342 605 551 690 juridictions.
573 608 657 670 C'est
679 625 713 670 ce
735 609 790 690 qui
812 619 865 671 eut
888 608 950 669 lieu
975 618 1171 672 notamment
1194 627 1232 670 en
1260 613 1350 693 ¹49⁵·

265 728 303 770 en
325 711 400 770 1500
416 719 445 770 et
461 725 498 768 en
519 710 605 788 ¹504·
623 725 697 768 sous
714 707 756 768 les
773 706 937 768 archiones
955 707 1153 770 Maximilien
1170 706 1352 769 d'Autriche

265 820 295 869 et
314 806 458 888 Philipps
475 807 502 867 le
519 807 615 881 Beau,
633 817 662 867 et
685 825 721 868 en
750 810 823 870 1515
848 819 878 870 et
899 826 937 868 en
967 811 1145 890 1519‚sous
1168 807 1352 888 l'empereur

266 905 527 981 Charles-Quint.

309 1007 399 1067 Nous
415 1004 563 1068 donnons
578 1005 755 1066 ci-dessous
772 1006 798 1066 le
815 1015 895 1068 texte
910 1005 948 1068 de
963 1023 1013 1068 ces
1029 1004 1187 1068 differente
1208 1005 1349 1084 accords‚

265 1103 463 1170 dontValire
476 1102 583 1166 Andre
596 1106 718 1166 resume
735 1105 778 1166 les
791 1106 940 1186 premiers
956 1105 993 1168 de
1010 1103 1192 1168 la-maniere
1208 1107 1351 1169 suivante

265 1205 373 1286 (Fasti
387 1204 575 1278 academici,
595 1204 644 1264 ed.
665 1211 719 1276 2⁸,
739 1223 791 1285 pp.
810 1206 847 1268 62
864 1204 971 1286 svv.):

282 1482 286 1490 Ι
309 1425 321 1461 u
343 1407 452 1468 t‘ostea
466 1418 549 1466 anno
562 1419 617 1464 cn.
629 1419 709 1465 cccc.
725 1420 788 1465 xcvi.
805 1401 970 1483 Philippus
983 1409 1199 1482 cognomento
1213 1401 1352 1467 Pulcher

266 1510 297 1568 et
322 1501 554 1566 Manimitianns
581 1501 766 1580 imperator,
783 1501 887 1582 quoad
913 1501 1074 1566 materiam
1091 1519 1290 1576 caussarum,
1309 1502 1350 1566 de

267 1601 382 1684 quibus
402 1617 600 1681 cognoscere
616 1601 734 1666 Rector
749 1617 786 1666 aa
802 1600 1017 1665 Conservator
1033 1601 1187 1682 deinceps
1204 1610 1350 1682 possent,

268 1718 325 1781 per
349 1701 477 1764 modum
500 1701 685 1764 concordati
710 1701 877 1781 cujusdam
901 1711 995 1781 atque
1019 1701 1131 1765 induiti
1156 1708 1297 1766 statuere
1319 1700 1350 1763 in

268 1802 352 1865 trunc
368 1801 433 1863 iere
452 1799 578 1863 niodum
591 1817 605 1865 ,ε

312 1921 324 1958 α
345 1899 373 1961 1.
400 1897 515 1962 Rector
531 1915 568 1961 ac
584 1898 797 1962 conservator
815 1908 964 1982 poterunt
980 1899 1132 1978 deinceps
1151 1915 1349 1980 cognoscere

265 1997 471 2079 jndicareoue
497 1997 537 2061 de
563 1999 689 2061 caussis
711 2007 742 2062 et
764 1997 944 2062 actionibus
969 1998 1192 2076 personatibus
1215 2005 1348 2070 tantum,

270 2113 333 2160 non
357 2095 450 2160 etiam
474 2095 614 2159 rentibus
639 2105 691 2160 aut
719 2096 838 2172 mixtis,
865 2105 1020 2177 quantum
1047 2095 1176 2176 quidem
1204 2096 1241 2158 ad
1270 2095 1351 2158 bona

269 2194 380 2259 attinet
410 2193 595 2258 immobilia.
625 2196 771 2270 Quodsi
803 2204 907 2258 tamen
940 2205 1058 2275 partes,
1086 2205 1219 2275 accepto
1245 2209 1353 2260 coram

269 2293 406 2358 Recture
431 2301 485 2357 ant
511 2295 743 2358 conservatore
770 2295 904 2373 judicio,
933 2294 965 2357 in
996 2295 1188 2358 deductione
1218 2309 1356 2363 caussae

269 2393 408 2473 attegare
432 2393 556 2456 titutum
581 2393 716 2472 ationem
740 2395 850 2468 veiint,
867 2410 972 2474 eoque
989 2393 1125 2472 probare
1141 2403 1171 2457 et
1188 2391 1356 2458 verificare

270 2492 530 2558 constitutionem
548 2493 680 2566 reditus,
698 2503 750 2556 ant
773 2509 908 2557 caussae
933 2492 1145 2572 personaliter
1170 2492 1354 2564 intentatae,

272 2601 417 2672 poterunt
450 2591 530 2654 idem
563 2592 678 2656 itector
708 2602 804 2671 atquo
832 2592 1058 2664 conservator,
1091 2607 1129 2656 ne
1156 2587 1352 2655 continentia

271 2705 405 2753 caussae
428 2689 598 2762 dividatur,
616 2705 813 2769 cognoscere
836 2688 1015 2753 incidenter
1037 2689 1149 2752 eodem
1175 2689 1284 2762 tituto;
1315 2687 1356 2749 ita

275 2798 379 2852 tamen
397 2798 429 2852 nt
447 2805 486 2851 ne
498 2803 632 2852 caussae
645 2787 738 2851 aticni
753 2805 787 2851 se
802 2787 1002 2851 immisceant
1015 2787 1102 2860 reati,
1118 2797 1355 2867 cognoscantve

278 2887 317 2951 do
338 2887 502 2950 validitate
525 2897 578 2951 ant
601 2887 797 2952 insoliditate
820 2887 916 2960 tituli,
934 2887 959 2950 si
983 2886 1111 2968 quando
1128 2886 1247 2951 moveri
1264 2886 1303 2950 de
1319 2901 1358 2950 eo

275 2986 526 3050 controversiam
543 2985 719 3066 contingat.
1077 3055 1083 3064 ,

318 3105 331 3142 u
350 3083 380 3147 a.
407 3085 449 3148 tte
465 3085 590 3149 caussis
607 3083 848 3148 beneficiatibus
866 3084 982 3163 poterit
998 3099 1195 3164 cognoscere
1219 3083 1356 3146 danser-

275 3191 365 3248 vator
390 3183 421 3245 in
446 3182 567 3263 jndicio
593 3200 665 3246 cum
694 3184 842 3263 petitorio
871 3192 934 3246 tum
960 3183 1054 3246 etiam
1079 3181 1294 3262 possessorio,
1320 3199 1357 3244 ac

275 3283 410 3363 simptici
432 3283 564 3358 saisina,
583 3282 677 3363 idque
702 3299 757 3362 pcr
781 3283 1060 3362 praeventionem:
1086 3282 1228 3360 exceptis
1252 3289 1356 3345 tamen

276 3381 454 3462 beneficiis,
468 3397 602 3462 quornm
616 3383 653 3444 ad
670 3383 844 3461 principem
858 3381 991 3460 eiusque
1004 3395 1215 3458 successores
1228 3378 1358 3444 cottatio

276 3481 343 3543 sive
361 3480 575 3559 praesentatio
590 3490 736 3560 spectare
752 3480 963 3561 dignoscitur.

319 3600 332 3636 u
351 3578 380 3640 3.
407 3579 439 3642 in
468 3579 597 3642 materia
624 3579 888 3642 confiscationum
921 3577 1060 3644 manebit
1086 3576 1227 3658 cognitio
1255 3575 1360 3640 omnis

277 3694 374 3758 penes
415 3677 592 3756 Principem
631 3675 779 3757 ejusque·
803 3677 981 3757 respective
1019 3675 1173 3749 Concilio,
1206 3674 1265 3738 nisi
1305 3690 1360 3754 per

276 3778 403 3840 modum
435 3775 634 3856 exceptionis
669 3777 824 3856 attegetnr
861 3785 1121 3856 proponaturoue
1159 3773 1358 3837 confiscatio.

274 3875 342 3950 Quo
368 3891 458 3946 casu,
482 3875 508 3937 si
538 3875 654 3938 deinde
681 3885 807 3938 constet
835 3873 962 3938 Rectori
991 3881 1043 3937 aut
1071 3871 1295 3936 Conservatori
1322 3873 1362 3935 de

274 3973 504 4038 confiscatione
529 3991 586 4054 per
603 3974 690 4053 ipsas
708 3975 830 4038 litteras
846 3973 1090 4038 confiscatorias
1107 3981 1161 4036 aut
1180 3971 1363 4036 donationis

277 4072 350 4135 inde
377 4073 487 4145 iactae,
512 4075 770 4154 supersedebunt
799 4073 892 4151 iidem
919 4073 957 4136 alr
985 4072 1137 4136 utteriore
1162 4071 1361 4152 cognitione,

278 4170 380 4235 donec
402 4189 457 4252 per
481 4173 598 4236 Ducem
623 4173 755 4253 ejusone
780 4172 954 4236 Concilium
978 4173 1018 4235 de
1043 4171 1181 4250 praefata
1205 4169 1361 4233 confisca-

275 4269 363 4336 tione
384 4272 546 4354 cognitum
567 4273 807 4354 judicatumque
830 4271 935 4348 tuerit,
954 4279 1049 4352 prout
1074 4269 1224 4351 aequitas·
1244 4279 1355 4348 postu·
