3112 4942
785 396 949 460 ..pg-

331 575 404 640 simi
422 575 453 641 in
470 574 592 641 cbristo
614 575 715 656 patris
736 583 768 642 ct
782 575 904 642 domini
925 575 1027 642 nostri
1049 574 1171 641 domini
1188 573 1313 639 dtur-tini
1338 588 1420 656 pape

331 674 433 762 quinti
450 674 624 755 supradicti
648 691 733 740 anno
747 674 887 750 decimo,
904 675 1110 756 presentibus
1125 673 1242 740 ibidem
1267 689 1328 738 una
1344 689 1420 738 curn

333 773 527 854 supradictis
560 771 798 838 uenerabilibus
833 783 865 838 et
892 773 1137 854 circumspectis
1165 772 1244 838 viris
1277 771 1419 837 dominis

333 871 501 960 Gererdo
522 871 663 948 Brund,
680 871 713 936 in
736 871 866 938 Artibus
888 873 1043 954 magistro
1065 881 1098 936 et
1113 871 1145 936 in
1165 871 1238 954 jure
1260 869 1420 936 canonico

332 969 529 1044 ducentario,
549 971 674 1038 decano
699 979 732 1034 et
753 971 909 1036 canonico
931 971 1071 1036 ecclesie
1092 970 1192 1036 sancti
1217 969 1419 1054 Petriboua-

332 1068 468 1156 niensis.
485 1067 763 1150 bieotaotyte,
781 1069 982 1150 presbiteris,
999 1069 1160 1151 Spmone
1175 1069 1419 1148 deontdorp,

334 1167 507 1234 Petrode
534 1167 670 1243 Vnone,
689 1167 822 1248 notarijs
849 1168 1000 1247 publicis,
1019 1167 1192 1232 Jonanne
1219 1167 1423 1242 nectareo,

333 1276 365 1333 et
388 1265 546 1348 Spmone
568 1265 736 1348 trepton,
753 1265 893 1338 clericis,
912 1267 1061 1344 testibus,
1080 1265 1268 1332 Leodiensis
1290 1273 1323 1330 et
1343 1263 1420 1328 Tra-

334 1365 488 1432 iactensis
503 1363 692 1442 diocesium‚
709 1365 846 1447 aliisque
861 1366 1007 1447 pluribus
1023 1365 1159 1432 testibus
1181 1364 1243 1428 tide
1258 1363 1365 1446 dignis
1380 1361 1420 1432 ad

336 1463 493 1544 premissa
509 1463 632 1529 vocetis
647 1471 678 1528 et
694 1463 825 1552 rogatis.

377 1561 868 1644 litegobenricusdietusde
885 1559 1420 1646 ttugardisotiasdeduttele,

336 1660 497 1742 presbiter
520 1659 707 1732 beodiensis
729 1660 1048 1742 diocesispubiicus
1070 1651 1245 1744 apostolica
1269 1659 1420 1738 etimpe·

336 1755 405 1822 riaii
431 1757 621 1824 auctoritate
649 1775 688 1823 ac
713 1759 873 1829 curiarum
900 1759 1090 1826 beodiensis
1118 1769 1151 1825 et
1176 1755 1417 1822 cameracensis

332 1857 458 1938 iuratus
475 1857 630 1932 notarius,
647 1858 720 1939 quia
737 1858 950 1939 predictarum
967 1859 1144 1924 litterarum
1168 1841 1417 1938 apostoticarum

337 1955 566 2036 presentationi
590 1967 620 2022 ct
643 1956 831 2038 receptioni,
854 1957 1045 2032 monitionis
1059 1955 1291 2022 sententiarum
1315 1952 1417 2017 tutmt-

337 2053 458 2118 nationi
479 2063 510 2118 et
525 2053 794 2135 subdelegationi
811 2053 947 2136 aliisque
967 2054 1119 2120 omnibus
1139 2063 1172 2121 et
1187 2052 1325 2135 singuiis
1347 2067 1418 2133 pre·

337 2151 460 2228 missis,
471 2153 565 2226 dun.
578 2162 612 2217 vt
627 2153 830 2234 premittitur,
848 2152 962 2219 flerent
975 2164 1007 2220 et
1021 2161 1193 2235 agerentur
1207 2168 1266 2234 per
1280 2149 1417 2231 preliba-

337 2259 404 2316 tum
423 2251 589 2319 domiuum
612 2251 810 2332 prepositum
826 2262 1029 2318 executorem
1044 2261 1075 2320 et
1091 2267 1200 2318 coram
1215 2267 1256 2316 eo
1271 2266 1332 2315 vna
1347 2264 1417 2314 cum

336 2351 569 2430 prenominatis
585 2349 722 2420 testibus
738 2351 1028 2434 presensintertui,
1045 2367 1146 2432 eaque
1160 2349 1209 2414 sic
1224 2349 1293 2414 tieri
1309 2347 1374 2412 ridi
1389 2357 1419 2412 et

336 2449 458 2525 audiui,
468 2449 590 2514 idcirco
598 2457 765 2530 presentes
778 2449 900 2516 litteras
912 2465 969 2514 seu
983 2465 1118 2530 presens
1130 2447 1293 2529 pubiicum
1305 2447 1421 2511 iustru-

335 2557 491 2622 mentum,
509 2564 602 2616 manu
617 2547 735 2624 aliene,
753 2548 898 2618 manlios
912 2563 991 2614 occu
997 2556 1081 2630 pato.
1096 2547 1231 2628 scriptas
1246 2535 1421 2628 saup'crip

336 2655 415 2720 tum,
428 2645 543 2712 exinde
558 2646 696 2726 conieci,
709 2646 887 2728 subscripsi
904 2655 936 2712 et
947 2647 1072 2728 signaui
1084 2646 1125 2712 dc
1137 2646 1287 2710 mandato
1298 2643 1418 2710 domiui

336 2743 489 2824 prepositi
513 2744 696 2833 executoris
718 2731 894 2827 supradicti
917 2761 977 2809 vna
1003 2761 1075 2810 cum
1103 2744 1153 2809 sui
1179 2741 1422 2820 conservatorie

334 2839 431 2923 sigilii
454 2843 663 2924 appensione,
681 2853 813 2929 rogatus
833 2853 864 2909 et
881 2843 1054 2925 requisitus
1069 2843 1101 2906 in
1118 2842 1213 2908 tidem
1229 2853 1261 2908 et
1275 2842 1420 2908 testimo·

335 2939 423 3006 nium
439 2940 582 3008 otnuium
598 2952 631 3006 et
644 2941 846 3022 singulorum
863 2942 1120 3024 premissorum.-

331 3304 375 3368 ιι
395 3304 553 3384 mopistrot
574 3303 612 3366 dc
636 3304 771 3368 Louuoin
791 3277 925 3386 protestc
946 3312 1047 3370 conce
1068 3304 1111 3370 tes
1133 3306 1360 3386 empidtemcuts
1377 3305 1415 3368 dc

336 3479 340 3486 ¹
374 3401 506 3484 teneque
527 3409 556 3465 ct
575 3405 628 3466 des
648 3401 855 3467 archidicanus
877 3405 915 3468 dc
933 3405 1032 3485 diepa,
1048 3411 1077 3468 et
1099 3422 1218 3467 rtumme
1238 3405 1291 3468 dcc
1311 3404 1419 3484 sunder

336 3567 340 3579 ,
376 3501 413 3564 dc
431 3504 557 3582 pouuou·
577 3517 656 3582 pout·
677 3501 821 3606 defendes
842 3519 890 3566 ses
912 3503 1009 3567 droitr
1024 3503 1076 3581 (1).

727 3649 759 3706 18
778 3653 933 3724 septembre
955 3651 1035 3709 ttst.

337 3763 351 3776 ''
378 3769 412 3833 in
437 3771 566 3836 nomine
588 3771 708 3836 domini
731 3773 844 3838 Amen.
862 3773 923 3838 Pet·
944 3775 1007 3838 boc
1031 3791 1165 3854 presens
1189 3773 1353 3854 publicum
1373 3773 1423 3836 in-

335 3879 549 3934 strumentum
565 3872 690 3936 cunctis
706 3883 810 3953 pstcat
824 3871 1005 3950 euidenter,
1021 3871 1105 3954 quod
1121 3889 1206 3937 anno
1222 3889 1239 3935 a
1257 3873 1422 3937 nativitate

371 4049 409 4124 (l)
428 4052 478 4106 Oet
494 4057 558 4105 sote
573 4050 680 4106 bourie
699 4059 749 4112 est,
760 4069 846 4121 coepe
866 4061 950 4124 spon
971 4063 1034 4125 pres
1053 4054 1122 4108 dsns
1140 4053 1186 4108 los·
1200 4054 1302 4108 memes
1322 4059 1425 4108 umnec

331 4157 387 4212 que
410 4141 438 4194 la
460 4140 640 4211 protantium
662 4142 696 4196 de
717 4141 903 4216 l'Universite,
924 4160 978 4216 que
1001 4161 1070 4198 nous
1093 4160 1177 4200 arens
1196 4143 1357 4215 reproduite
1371 4143 1423 4210 ⁴oi·

334 4233 443 4294 demur,
459 4247 506 4302 pp.
520 4231 616 4287 4347.
