3112 4942
739 453 850 520 *rm
875 487 913 506 -

275 637 437 703 mucoris
453 637 628 704 brabancie
643 637 760 706 ducato
776 655 814 704 ec
836 635 1015 702 luceriensi
1038 633 1204 716 opido-ac
1226 634 1282 716 unt
1305 633 1374 702 suis

275 736 487 818 erigentibus
508 738 673 807 demeritis
694 749 728 805 et
748 737 912 804 forefactis
933 735 966 800 in
987 747 1125 817 corpore
1138 751 1197 802 seu
1215 734 1368 802 membris
1448 753 1450 756 ·

277 835 403 918 corripi
419 839 648 905 demeruerunt
668 853 797 920 semper
818 835 1059 910 ecclesistico
1081 833 1167 898 circa
1182 849 1241 898 ros
1259 841 1374 900 omues

124 975 128 983 ·
158 941 161 947 '
198 961 200 966 ¹
277 935 480 1017 &singulos
494 937 729 1004 saeuissimus
741 937 861 1018 Reges,
880 934 1027 999 illustres
1047 931 1374 1013 Principesdrobie·

283 1034 451 1114 piscopos.
484 1037 673 1119 Episcopus.
707 1039 821 1108 Duces.
853 1034 1075 1108 marchiones,
1107 1031 1266 1109 Comites,
1297 1047 1375 1096 ooa-

279 1134 493 1214 sanguineos.
509 1137 736 1203 confederatus
749 1151 789 1200 eo
812 1134 936 1198 amicos
962 1140 1104 1208 nostros,
1120 1147 1159 1196 ao
1180 1130 1262 1196 alios
1286 1146 1375 1210 pres·

276 1232 422 1313 erictus,
444 1235 679 1317 cuiuscumque
700 1244 815 1307 stolus,
839 1231 1037 1298 conditionis
1062 1241 1117 1296 out
1139 1227 1375 1310 preeminencie

278 1330 424 1408 fuscius,
442 1333 474 1396 in
497 1349 607 1400 amore
630 1342 741 1399 mutuo
765 1333 977 1413 deprecamur
1000 1340 1033 1396 et
1049 1345 1201 1411 rogamus
1215 1337 1374 1408 quatenus

277 1431 393 1494 minoia
422 1441 456 1496 et
483 1432 609 1514 singula
643 1449 701 1513 per
728 1432 973 1514 iurisdictiones
1004 1439 1130 1495 uestras
1167 1425 1375 1509 solempniter

276 1530 471 1609 permittere
494 1533 662 1613 publicari,
688 1549 726 1598 ao
748 1549 863 1597 omues
889 1541 921 1596 et
947 1529 1095 1612 singulos
1120 1527 1284 1602 doctores,
1310 1539 1375 1590 me·

277 1627 420 1709 pisinus,
436 1630 635 1708 licenciatos‚
653 1632 864 1706 buccararios,
891 1631 1036 1695 scolares
1059 1637 1091 1693 et
1114 1627 1282 1692 studentes
1305 1623 1375 1688 voi·

288 1741 404 1792 uersos
430 1729 469 1792 ud
495 1729 621 1794 dictum
646 1731 797 1810 generale
826 1739 971 1794 nostrum
1003 1727 1145 1792 studium
1174 1724 1375 1789 confluentes

279 1835 360 1888 ltrum
382 1827 453 1891 suis
474 1828 584 1904 rebus,
607 1828 703 1893 bonis
725 1839 757 1894 ot
771 1829 899 1894 familie
925 1827 965 1892 ab
986 1827 1073 1891 omni
1097 1824 1254 1890 violencie
1276 1829 1308 1888 ei
1330 1821 1376 1886 in·

274 1924 367 1988 ..iuria
379 1925 553 1991 defendere
565 1927 669 1992 uelitis
681 1937 713 1993 ot
728 1930 822 2001 tueri,
839 1937 1025 1992 nostrarum
1042 1939 1173 2006 precum
1191 1923 1373 1986 interuentu

276 2032 321 2087 et
335 2026 611 2106 contemplacione
625 2028 793 2108 singulari.
808 2027 899 2102 Quod
914 2026 1008 2090 vobis
1025 2023 1175 2089 omnibus
1190 2031 1222 2086 et
1237 2019 1374 2101 singulis

266 2123 410 2187 .-nostris
430 2125 631 2203 senescalle,
657 2125 810 2202 buittiuis,
834 2125 993 2198 scultetis,
1018 2122 1131 2187 villicis
1153 2138 1191 2186 oo
1211 2119 1285 2200 eliis
1303 2115 1374 2184 olli·-

277 2220 398 2302 ¹diariis
417 2231 449 2287 et
470 2224 608 2289 subditis
632 2226 752 2290 nostris
776 2225 922 2290 districte
946 2221 1153 2306 precipiendo
1181 2219 1222 2283 ed
1246 2219 1374 2298 plenum

284 2330 321 2386 et
346 2319 485 2386 fideliter
509 2324 623 2405 exequi
649 2325 762 2390 damus
789 2326 821 2388 in
852 2323 1023 2388 mandatis.
1050 2321 1202 2385 volentes
1229 2325 1374 2398 proteres

283 2421 372 2498 cuod
386 2421 580 2500 supradictis
592 2423 793 2500 doctoribus,
805 2423 981 2505 magistris,
992 2415 1372 2492 licenciatisleutoribue,

284 2517 477 2600 bnooelorijs
491 2531 525 2584 et
535 2522 717 2588 scolaribus
729 2540 767 2586 oc
779 2522 996 2595 studentibus,
1009 2529 1041 2585 et
1053 2533 1164 2584 eorum
1177 2514 1320 2589 cuilibet,
1334 2515 1374 2579 de

281 2631 406 2681 secoro
428 2627 460 2682 et
482 2618 574 2684 seluo
599 2621 773 2697 conductu,
798 2621 826 2686 si
852 2631 884 2686 et
909 2619 1038 2702 quando
1065 2615 1211 2699 requisiti
1239 2612 1373 2685 fueritis,

281 2715 462 2794 prouidere
482 2719 603 2783 curetis
625 2721 685 2784 sub
711 2720 843 2785 obtentu
871 2720 980 2801 gracie
1010 2727 1138 2792 nostre;
1164 2731 1203 2778 eo
1228 2707 1375 2776 faciendo

280 2813 449 2894 premissa
476 2817 594 2896 passim
622 2828 654 2883 et
680 2819 805 2899 publice
832 2819 988 2899 publicari
1015 2816 1096 2882 loeis
1122 2825 1153 2880 et
1176 2810 1375 2892 temporibus

280 2913 444 2998 eoongruis
469 2924 500 2979 et
525 2917 711 2996 oportunis;
738 2919 880 2983 scientes
907 2917 1005 2998 quod,
1032 2915 1060 2979 si
1087 2911 1374 2979 oorrtrndictionetc

286 3009 340 3075 uel
366 3011 595 3093 negligenciam
621 3027 762 3080 vestram
788 3017 826 3080 ad
858 3033 918 3081 uos
945 3014 1160 3080 veridicorum
1189 3011 1271 3074 fama
1302 3021 1374 3088 pcr-

282 3108 427 3186 doxerit,
444 3111 482 3176 ed
506 3114 689 3194 qualitatem
712 3115 943 3180 demeritorum
959 3123 1141 3179 vostrorum
1166 3110 1196 3172 in
1220 3107 1318 3172 rebus
1342 3113 1374 3170 et

281 3213 552 3288 corporenestris
564 3229 623 3277 vos
634 3217 777 3294 grauiter
789 3214 971 3293 puniemus.
983 3213 1093 3275 lictum
1106 3211 1137 3273 iu
1150 3209 1247 3290 opido
1261 3216 1373 3270 nostro

279 3304 501 3384 *bruxellensi
526 3312 589 3375 sub
620 3323 732 3378 nostro
757 3313 863 3394 sigillo
891 3311 1096 3392 presentibus
1122 3309 1294 3388 impresso.
1321 3304 1374 3368 die

282 3406 412 3470 decima
435 3419 548 3473 octaua
571 3411 692 3474 mensis
711 3412 844 3492 Augusti
866 3427 951 3475 arturo
971 3409 1092 3474 domini
1110 3405 1281 3471 millesimo
1295 3417 1373 3485 que·

281 3503 544 3586 driugcrtesino
559 3509 711 3574 vicesimo
728 3521 832 3575 sexto.

963 3607 1024 3673 Per
1039 3605 1204 3670 dominum
1220 3603 1334 3666 ducem

1025 3703 1061 3768 E.
1081 3705 1124 3766 lie
1141 3703 1271 3767 litorea.

335 3898 466 3962 Cessiorr
481 3901 520 3964 de
534 3913 619 3965 toute
629 3903 819 3981 juridiction
834 3901 854 3965 a*
869 3903 889 3965 i
896 3903 1089 3966 Universitd.
1106 3901 1257 3965 Prescrite
1273 3919 1329 3984 per
1340 3899 1372 3962 le

288 4019 371 4082 pepe
385 4002 506 4065 Mertin
519 4003 546 4066 V
557 4003 636 4065 dens
649 4003 677 4066 lc
691 4004 777 4066 boile
794 4006 896 4065 meme
911 4003 1081 4066 d’e'rection
1095 4005 1144 4082 ir),
1158 4014 1237 4065 cette
1252 3999 1374 4063 cession

284 4242 288 4252 .
324 4201 366 4262 ir)
379 4201 454 4252 Certe
469 4201 622 4268 exemption
639 4201 673 4254 de
690 4212 762 4272 tonte
779 4201 929 4266 juridiction
944 4201 1010 4259 dont
1027 4199 1182 4264 iouisssient
1195 4199 1323 4256 concisis
1337 4197 1378 4258 iss

288 4283 456 4336 Universitds
468 4283 552 4335 laisait
565 4285 647 4351 partie
659 4287 695 4336 dc
708 4285 776 4336 droit
788 4285 879 4352 public
890 4286 926 4335 du
939 4299 1034 4352 moyen
1047 4285 1104 4350 fage.
