3246 4944
735 433 920 500 -662-

285 635 348 684 nou
378 623 501 682 tantum
533 615 616 681 intra
645 615 841 698 scripturam
866 631 1004 693 sacram,
1027 616 1084 682 sed
1113 623 1146 682 et
1171 623 1258 681 extra
1284 616 1370 681 illam

285 717 381 782 nimis
404 717 571 799 divagetur
588 716 620 780 iu
637 715 881 797 quaestionibus
897 717 935 780 ad
952 733 1021 782 eam
1038 733 1101 782 uoa
1119 715 1369 796 pertinentibus3

286 816 348 882 hoc
372 826 480 897 patere
505 833 544 880 ex
565 815 809 891 commentario,
831 832 925 896 quem
948 815 1047 880 edidit
1073 816 1103 878 iu
1130 815 1207 879 heta
1232 815 1370 895 aposto-

286 916 410 990 lorum余
437 915 504 996 qui,
522 914 595 995 quia
622 931 684 980 aon
708 915 909 986 distrahitur,
924 915 1011 995 cogit
1033 915 1197 980 studiosos
1220 915 1259 978 ad
1282 913 1370 977 illius

287 1014 502 1095 emptionem余
543 1023 585 1090 et,
618 1013 679 1076 nisi
721 1015 823 1078 ferant
862 1013 1079 1078 testimonium
1119 1011 1289 1094 emptionis
1328 1013 1369 1076 ah

286 1113 495 1193 impressore,
517 1111 653 1193 denegat
677 1111 740 1176 illis
765 1112 982 1177 testimonium
1006 1111 1269 1193 frequentationis
1291 1129 1370 1177 suae

286 1211 454 1286 lectionis余
482 1211 552 1276 sine
579 1227 642 1292 auo
668 1220 773 1275 tamea
802 1227 865 1276 uon
893 1211 1018 1292 possint
1043 1209 1163 1274 admitti
1189 1211 1226 1273 ad
1251 1209 1370 1292 gradus

285 1309 500 1374 academicos.
526 1308 563 1373 Et
582 1308 654 1390 auia
670 1309 775 1374 dictus
792 1309 942 1374 domiuus
967 1310 1011 1374 fle
1034 1309 1107 1374 Bois
1129 1317 1202 1376 ante
1224 1313 1369 1390 adeptam

286 1407 456 1474 lectionem
481 1425 543 1474 aon
566 1408 732 1474 studuerat
752 1408 941 1490 theologiae,
960 1417 1089 1490 putatur
1111 1424 1174 1473 non
1197 1408 1371 1474 convenire

288 1507 391 1573 dictae
407 1505 547 1585 lectioni,
566 1523 624 1572 nec
639 1507 735 1572 lectio
751 1507 831 1589 ipsi余
849 1516 879 1573 et
895 1508 970 1574 hino
984 1508 1078 1573 etiam
1094 1507 1261 1572 lectionem
1278 1523 1368 1574 suam

288 1606 405 1674 dicitur
418 1606 602 1689 frequenter
617 1605 841 1672 intermittere.

329 1773 515 1855 Suggeritur
552 1789 609 1854 pro
649 1772 793 1838 facienda
830 1773 1052 1838 emendatione
1090 1779 1123 1837 ut
1158 1771 1372 1837 ordouaretur

288 1889 399 1938 sacrae
425 1871 565 1937 facultati
592 1869 773 1953 theologiae
798 1872 966 1937 instituere
992 1871 1249 1938 informationem
1273 1889 1372 1952 super

289 1972 436 2038 doctrina
470 1977 501 2036 et
529 1969 732 2051 professione
762 1971 876 2054 ipsius.
904 1970 970 2046 Qua
1000 1969 1118 2046 habita,
1142 1971 1373 2036 decerneretur

291 2079 384 2152 prout
399 2069 539 2136 consilii.

331 2169 392 2236 Sed
411 2169 463 2234 illa
480 2169 672 2248 informatio,
687 2177 760 2253 post
772 2170 896 2252 lapsum
914 2171 991 2236 tanti
1008 2170 1162 2252 temporis
1174 2187 1237 2252 quo
1248 2169 1371 2244 docuit,

291 2286 353 2335 non
384 2279 505 2335 tantum
536 2269 609 2352 ipsi,
637 2271 693 2336 sed
724 2281 755 2335 et
785 2271 867 2335 Suae
897 2269 1064 2352 majestati,
1090 2287 1171 2352 quae
1200 2269 1371 2334 lectionem

289 2369 334 2433 illi
361 2368 506 2446 contulit,
530 2369 693 2433 videretur
719 2368 884 2450 injuriosa.
910 2369 999 2434 Unde
1024 2368 1204 2436 insistendo
1230 2368 1372 2434 decretis

289 2468 488 2534 visitationis
526 2478 668 2548 putarem
706 2467 751 2530 ilh
789 2467 1016 2550 injungendum
1056 2479 1099 2544 ut,
1135 2467 1372 2550 praetermissis

289 2565 556 2646 divagationihus
573 2567 710 2646 explicet
731 2565 927 2647 scripturam
951 2583 1087 2640 sacram,
1112 2565 1207 2630 sicuti
1225 2565 1372 2631 Visitatio

292 2665 443 2745 requirin
469 2664 544 2727 item
567 2666 627 2728 suh
651 2665 767 2729 mulcta
791 2665 1011 2740 inhibendum,
1030 2681 1069 2729 ne
1091 2673 1184 2745 cogat
1206 2663 1373 2730 studiosos

292 2765 330 2829 ad
347 2764 539 2843 emptionem
560 2763 608 2828 sui
631 2764 851 2827 commentarii
876 2764 906 2826 in
923 2767 999 2827 ncta
1014 2764 1260 2843 Apostolorum3
1285 2773 1327 2832 et.
1345 2763 1374 2826 si

294 2863 462 2927 lectionem
486 2861 686 2942 frequentius
712 2862 908 2940 intermittat,
930 2861 1017 2943 juxta
1034 2863 1161 2927 decreta
1177 2861 1375 2926 visitationis

294 2962 438 3029 inferius
451 2961 618 3027 referenda
641 2978 658 3025 a
681 2962 806 3026 badello
823 2971 895 3026 nota
911 2961 1154 3037 adservanda,
1171 2971 1203 3027 et
1218 2961 1375 3026 muletan-

291 3063 353 3128 dus
376 3077 433 3142 pro
457 3061 597 3142 qualibet
620 3059 858 3126 intermissione
881 3061 1030 3126 lectionis
1053 3061 1213 3142 stipendio
1236 3061 1374 3126 duorum

290 3161 428 3226 dierum.

333 3326 450 3390 Contra
491 3333 608 3390 statuta
649 3316 847 3390 Visitationis
884 3343 965 3407 quae
1004 3325 1121 3390 habeut
1160 3326 1192 3388 ia
1230 3324 1377 3403 facultate

292 3423 459 3504 theologica
488 3422 605 3486 nullom
632 3423 789 3487 lectionem
826 3442 865 3488 ea
901 3426 1042 3488 instituto
1079 3441 1144 3486 ecre
1178 3423 1374 3504 primariam,

292 3521 443 3586 dominus
461 3521 504 3584 ltu
524 3521 600 3587 Bois
616 3539 652 3586 se
668 3521 772 3602 ipsum
790 3521 864 3586 ltine
880 3522 954 3586 inde
970 3521 1107 3586 intitulat
1124 3543 1137 3579 u
1158 3521 1375 3600 professorem

292 3619 478 3700 primarium
495 3618 526 3682 in
544 3619 703 3700 theologia
716 3642 742 3681 n.
755 3619 900 3685 Putarem
915 3620 978 3686 hoc
991 3619 1051 3701 ipsi
1063 3636 1136 3684 esse
1149 3617 1376 3690 inhibendum3

293 3726 336 3794 et,
353 3717 380 3783 si
396 3715 501 3783 adhuc
517 3717 639 3794 fecerit,
658 3735 714 3800 per
731 3719 899 3784 Rectorem
916 3717 1145 3784 mulctandum.

820 3917 850 3980 8.

336 4079 414 4146 ltem
452 4081 598 4146 Visitatio
634 4082 776 4148 deceruit
806 4091 840 4145 at
877 4089 1000 4163 uterpue
1024 4083 1180 4163 professor
1209 4077 1381 4158 theolopiae

291 4181 467 4246 scolasticae
480 4185 581 4264 spatia
597 4184 745 4264 septennii
759 4189 850 4246 totam
865 4182 1046 4264 theologiam
1061 4181 1228 4246 absolvant.
