3100 4942
594 477 780 545 ...155-

140 657 246 736 oepit.
264 659 366 726 Nemo
378 659 572 744 eomparuit,
587 672 644 726 aut
665 661 837 745 quiequam
860 660 1027 744 opposuit.
1044 659 1240 742 Quamquam

135 757 208 840 jam
231 768 329 825 ennea
351 772 410 841 por
424 760 609 842 pontionem
635 761 667 824 ln
683 760 859 826 erectionis
874 761 1048 843 diplomate
1071 759 1239 826 demotum

140 865 215 924 ent
231 858 286 924 lna
298 859 409 924 verbis
426 861 547 924 sinim
561 867 590 924 el
602 861 711 924 inundo
723 861 918 925 decemimus
932 875 1038 924 mutuet
1059 867 1087 924 tt
1101 859 1240 940 rinpulon

138 973 320 1037 proruerunt,
337 975 413 1040 puna
427 959 546 1036 lrodrri,
559 977 597 1024 uu
609 962 790 1034 sententias,
804 975 953 1024 tensurus
969 975 1005 1022 ue
1016 975 1147 1041 mutue,
1161 975 1239 1040 quur

138 1055 223 1134 ¹[erui
247 1063 278 1119 et
296 1057 501 1139 promulpuri‚
526 1075 562 1122 ue
587 1060 734 1141 quiequid
759 1069 867 1123 norttru
891 1064 1027 1122 tenerem
1054 1063 1083 1122 et
1103 1059 1239 1138 odedum

140 1156 356 1234 praesentium
379 1173 437 1240 per
461 1158 726 1234 setensteten,
748 1160 813 1222 aine
836 1157 919 1222 uliae
937 1175 995 1239 per
1018 1171 1240 1239 quemeumque

145 1254 320 1335 apostoliea
339 1254 386 1319 uel
406 1255 472 1320 ullu
491 1258 600 1338 puduit
621 1258 813 1332 auctoritate,
834 1258 964 1320 scienter
984 1255 1031 1319 nel
1051 1256 1239 1336 lpuorunler,

145 1354 310 1433 nonliperlt
326 1356 513 1436 attemptari.

189 1449 280 1516 liaeo
308 1467 387 1517 uero
416 1469 488 1518 oum
520 1454 562 1519 ita
592 1469 630 1519 se
659 1453 807 1528 habeant,
838 1451 990 1518 assiduae
1022 1459 1128 1517 lamen
1158 1451 1243 1516 inter

146 1555 323 1632 utrumque
334 1550 505 1634 oollegiunt
522 1553 765 1619 controversiae
777 1553 937 1618 lraotenus
952 1559 1039 1624 eunt,
1054 1549 1130 1614 dum
1147 1563 1243 1614 onno-

133 1646 211 1712 ·nioi
236 1651 312 1714 novi
336 1650 470 1732 primam
487 1667 575 1715 suam
599 1661 631 1717 et
653 1649 864 1733 apostoliusm
890 1649 1125 1714 institutionem
1148 1646 1241 1730 senui

142 1745 274 1822 volunt,
291 1749 413 1830 antiqui
428 1750 634 1815 oonoordiam
652 1765 784 1816 seruare
800 1765 836 1816 se
852 1749 934 1814 velle
946 1747 1158 1814 contendunt.

189 1844 295 1911 l¹orrn
308 1845 341 1910 in
358 1862 442 1913 noto
453 1848 592 1932 pullegio
607 1849 720 1915 denum
733 1859 809 1914 aunt
824 1847 1045 1922 oanoniualus,
1058 1855 1090 1911 et
1105 1844 1240 1911 tolldem

144 1941 188 2007 iis
210 1957 359 2011 annexae
382 1947 615 2026 protensiones,
640 1949 671 2011 in
695 1949 834 2030 singulis
860 1945 1011 2010 nimirum
1033 1944 1241 2010 laenitatibus

143 2041 247 2109 duae.

680 2275 716 2340 V.

141 2421 230 2486 leon
243 2421 283 2484 de
296 2423 491 2504 Bourpupne,
508 2424 618 2507 eulpae
632 2425 670 2490 de
686 2423 841 2501 commui,
854 2425 956 2490 donne
970 2441 1027 2488 ron
1038 2423 1240 2488 ‚mtenttment

185 2521 206 2582 d
233 2518 557 2602 incorporationem
580 2522 713 2605 citopltre
738 2525 775 2588 de
799 2523 1018 2590 Soloi-Plenus
1043 2524 1062 2586 d
1085 2521 1240 2599 Mundo,

183 2619 242 2682 des
260 2621 418 2700 paruisses
440 2621 564 2704 turpe,
584 2623 704 2697 Breuni,
721 2625 816 2688 Bootn
837 2630 867 2688 el
886 2623 1016 2698 sotello.
1037 2621 1114 2702 {uile
1132 2639 1193 2703 pur
1214 2621 1243 2684 le

184 2719 352 2782 maudein
366 2721 484 2800 ponllse
497 2720 626 2801 aspum
640 2723 658 2786 1
663 2721 695 2786 V.

434 2883 471 2940 29
490 2884 591 2942 fortier
614 2887 683 2942 llll
701 2887 835 2957 (nouveau
856 2885 949 2958 style).

185 3018 353 3084 Untuansts
373 3032 544 3102 presentes
566 3024 689 3090 litteras
711 3023 908 3106 inspecturis
928 3023 1080 3088 Joununtts
1100 3021 1142 3087 de
1157 3021 1238 3087 Bur-

146 3117 355 3196 popularet
381 3131 414 3186 et
437 3123 617 3203 apostoliea
642 3123 731 3190 sedis
756 3123 858 3206 gratie
884 3122 1239 3204 ltpiseopusttnnera-

140 3216 268 3282 oensis.
284 3217 424 3284 Salutem
441 3220 620 3286 indumine
636 3222 876 3304 sempiternam.
890 3221 968 3286 ilum
986 3237 1088 3302 nuper
1102 3235 1236 3302 presen-

142 3321 229 3380 tatus
251 3316 345 3380 nobis
361 3335 420 3398 pro
435 3329 526 3400 parte
540 3320 776 3386 honorabilium
793 3321 937 3386 virorum
954 3317 1048 3384 nobis
1063 3319 1096 3383 in
1112 3317 1236 3383 christo

141 3412 336 3480 dilectorum
350 3415 690 3500 Burgimagistrorum
699 3421 906 3486 scabinorum
919 3427 951 3485 et
963 3417 1132 3483 consulum
1146 3415 1234 3498 opidi

145 3511 370 3591 hunniensis,
384 3525 417 3580 et
432 3533 489 3597 per
502 3533 562 3583 nos
576 3533 651 3584 cum
666 3535 703 3584 ea
718 3536 780 3601 qua
795 3519 903 3584 denuit
918 3517 1107 3584 rouerenuia
1123 3531 1234 3596 reeup-

17 3611 18 3622 ’
145 3609 187 3674 tis
202 3621 235 3676 et
250 3611 388 3679 visitatis
402 3614 521 3681 litteris
536 3617 724 3698 apostolicis
741 3635 798 3698 por
812 3616 1052 3682 sanstissimum
1068 3614 1234 3680 dominum

146 3717 305 3784 nostrum,
321 3712 486 3780 dominum
510 3713 689 3798 Eugenium
712 3733 825 3796 papum
846 3715 1049 3790 modernum.
1067 3715 1106 3779 ad
1123 3713 1235 3794 singu·

144 3804 243 3874 larem
260 3810 527 3891 supplioslionem
544 3825 576 3880 et
591 3815 782 3880 instanciam
798 3814 1011 3880 illustrissimi
1028 3811 1183 3895 principis
1202 3819 1234 3876 et

139 3904 264 3972 demini
288 3909 348 3974 mei
371 3913 549 3988 metuendi,
572 3913 694 3978 domini
718 3913 854 3995 Philippi
876 3913 971 3978 dunis
992 3911 1176 3993 Burgundio
1201 3918 1234 3975 et

133 4003 321 4073 ‚sutanum
342 4017 420 4085 eiu,
437 4013 621 4090 sennensis,
639 4013 681 4078 de
701 4023 735 4078 et
754 4029 854 4095 super
869 4011 1132 4092 incorporatione
1148 4009 1233 4074 iruu-

131 4109 231 4169 -mum
247 4117 409 4172 uenarum
420 4109 632 4176 ecelesiarum
647 4111 909 4193 purrouniulium,
923 4109 1073 4175 videlieet
1083 4107 1125 4174 de
1136 4107 1230 4189 liupo,

143 4197 187 4267 de
207 4203 340 4280 Breeltt,
360 4207 403 4273 de
423 4206 543 4274 dueum
564 4217 596 4274 et
617 4209 659 4275 de
679 4209 795 4285 stelle,
819 4209 851 4274 in
875 4217 985 4275 nostra
1008 4205 1232 4273 Cameruosnsi
