3240 4946
738 375 922 442 -488-

293 559 512 626 uniuersitatis
544 575 600 640 per
626 557 842 641 juramentum
874 557 953 624 horn
985 573 1068 622 nona
1102 557 1142 624 de
1172 575 1264 625 mane
1293 559 1378 640 apuu

292 658 547 740 Augustinenses
562 675 660 740 super
677 657 741 740 hijs
757 657 914 724 articulis.

277 841 279 846 ’
332 855 501 922 Secundus
538 863 587 920 est
621 854 661 919 ad
692 855 885 921 audiendum
915 853 1041 935 recitari
1072 863 1143 919 acte
1173 854 1377 922 dominorum

292 954 517 1036 deputatorum
532 953 751 1020 uniuersitatis
773 969 872 1033 super
889 954 984 1018 modo
1006 952 1192 1034 acquirendi
1209 953 1376 1020 blanciam

293 1069 351 1132 pro
367 1051 510 1134 quotibet
525 1051 664 1118 termino
680 1068 698 1115 a
716 1052 859 1133 partibus
875 1067 982 1118 coram
999 1051 1130 1116 domiuo
1146 1061 1377 1119 conseruatorc

291 1149 489 1232 litigantibus
516 1167 573 1232 pro
598 1150 829 1217 exoneratione
851 1166 908 1216 seu
936 1149 1131 1216 releuamine
1154 1150 1263 1216 oneris
1290 1151 1376 1232 quod

291 1250 485 1316 uniuersites
507 1249 602 1316 trahet
624 1249 663 1314 ed
687 1265 819 1314 oausam
842 1248 1023 1314 assessoris
1046 1247 1135 1314 curie
1156 1246 1233 1315 dicti
1256 1247 1378 1316 domiui

292 1349 534 1416 conseruatoris
549 1356 581 1416 ct
596 1348 634 1414 ad
651 1347 895 1414 deliberandum
912 1347 1063 1428 desuper.

333 1546 490 1622 Quantum
527 1547 566 1610 ad
604 1549 660 1608 Ῥω
699 1533 868 1610 articu'ium
907 1544 1050 1610 narrauit
1083 1544 1233 1610 dominus
1270 1553 1378 1612 rector

291 1646 427 1728 qualiter
449 1645 528 1710 elias
552 1653 721 1728 postquam
744 1641 939 1710 uniuersites
962 1645 1107 1710 restitute
1132 1644 1191 1710 tuit
1210 1661 1266 1724 per
1290 1643 1377 1726 prin·

291 1745 394 1824 cipem
417 1745 455 1808 ad
473 1761 564 1808 usum
589 1761 647 1809 sue
666 1743 910 1808 conseruatorie
937 1741 1111 1808 subsertis
1133 1742 1376 1808 conditionibus

291 1853 324 1908 et
338 1841 633 1908 modificationibus
646 1852 721 1908 tunc
733 1841 911 1922 expressio,
926 1859 987 1922 que
1005 1840 1138 1904 muitum
1155 1839 1376 1921 preJuditiutes

292 1949 368 2006 sunt
383 1941 594 2024 uniuersitatj‚
611 1941 799 2008 conclusum
816 1941 873 2005 suit
890 1958 946 2022 per
961 1940 1202 2005 uniuersitatem
1220 1958 1277 2021 pro
1294 1941 1375 2006 rele-
1421 1941 1425 1948 '

293 2040 419 2104 uamine
440 2041 549 2106 oneris
569 2039 630 2121 sibj
644 2039 864 2120 incumbentis
883 2040 921 2104 ad
939 2055 1069 2104 censam
1091 2039 1272 2104 assessorie
1287 2039 1377 2104 curie

292 2137 368 2202 dicti
381 2137 502 2202 domini
516 2139 769 2213 conseruatoris,
780 2139 864 2219 quod
878 2137 1019 2219 quotibet
1032 2137 1169 2217 partium
1187 2137 1376 2218 litigantium

293 2251 401 2300 coram
418 2235 503 2301 dioto
520 2237 651 2302 domino
672 2246 903 2302 conseruatore
919 2237 1061 2302 solueret
1076 2225 1139 2316 ¹pro
1154 2235 1297 2318 quotibet
1313 2237 1376 2301 t'er-

294 2334 380 2398 mino
393 2335 431 2400 ad
445 2351 527 2416 opus
542 2335 760 2400 uniuersitatis
773 2352 865 2400 vnarn
884 2333 1070 2409 biarrctram3
1084 2349 1144 2415 qua
1158 2333 1303 2408 collecte,
1319 2351 1376 2414 pro

273 2433 434 2514 ,quolibet
460 2433 596 2499 termino
624 2434 813 2500 uniuersites
837 2435 1036 2499 satisfaceret
1060 2431 1191 2498 domino
1215 2433 1375 2514 assessor]

289 2531 473 2598 decentum
492 2531 591 2612 petris
613 2533 673 2614 sibi
690 2533 874 2614 assignatis,
894 2548 1020 2598 necnon
1036 2531 1131 2596 etiam
1151 2531 1281 2596 domino
1297 2547 1374 2596 oon·

290 2630 448 2710 seruatori
466 2631 506 2694 de
522 2629 581 2710 sibj
601 2649 703 2712 nuper
725 2648 782 2711 per
797 2632 947 2698 dominos
969 2631 1139 2710 deputatos
1155 2629 1375 2695 uniuersitatis

290 2743 448 2810 generose
483 2727 630 2806 addictis,
661 2729 808 2794 videlieet
844 2731 929 2810 quod
961 2728 1155 2792 uniuersitas
1191 2744 1254 2793 non
1284 2737 1373 2794 esset

287 2825 414 2907 ingrata
429 2825 467 2891 ad
487 2824 581 2890 finem
598 2826 682 2908 quod
699 2827 884 2909 dignaretur
899 2844 992 2894 suum
1010 2826 1148 2890 tribunal
1164 2826 1370 2901 continuare3

290 2938 351 3004 qus
367 2939 424 3003 spe
437 2921 509 3004 jpsc
524 2923 674 2988 dominus
691 2935 902 2990 conseruator
919 2925 1019 2990 fretus
1035 2941 1128 2988 suum
1146 2923 1283 2988 tribunal
1299 2939 1374 2988 oon·

289 3020 435 3086 tinuauit.
465 3020 569 3096 Quare
597 3021 683 3104 jdem
711 3023 861 3088 dominus
890 3031 1101 3088 conseruetor
1127 3031 1158 3090 et
1184 3023 1278 3090 etiam
1300 3021 1375 3104 jpse

291 3121 441 3188 domiuus
469 3139 620 3188 assessor
657 3133 766 3203 petunt
800 3124 882 3205 ipsis
918 3123 1080 3204 setisirerj,
1111 3131 1142 3188 et
1180 3139 1252 3187 curn
1290 3139 1377 3188 nuuc

291 3221 460 3287 difficultas
477 3221 519 3285 sit
533 3221 572 3286 de
587 3222 681 3286 modo
694 3221 860 3286 blanciam
875 3223 1058 3288 huiusmodi
1071 3220 1244 3304 recipiendi
1259 3229 1289 3286 et
1301 3221 1374 3302 quis

290 3320 424 3385 eandem
449 3318 592 3399 recipiet,
611 3320 792 3385 ordinatum
815 3329 865 3386 est
888 3330 918 3386 et
940 3331 1129 3402 conceptum
1154 3337 1210 3400 per
1226 3320 1375 3386 dominos

290 3417 460 3498 deputatos
476 3417 695 3482 uniuersitatis
711 3419 795 3500 quod
819 3419 1011 3484 Franciscus
1034 3420 1074 3484 do
1097 3418 1195 3500 Ligno
1219 3419 1376 3499 reciperet

290 3515 405 3580 dictam
429 3515 596 3580 bienokam
619 3533 636 3580 a
660 3517 874 3598 partionem
896 3518 1035 3598 untionis
1053 3516 1373 3599 procrastinemus

289 3614 364 3679 ticet
380 3630 396 3676 a
414 3613 516 3694 prima
532 3614 585 3678 die
602 3616 722 3680 mensis
739 3617 931 3698 septembris
949 3617 1092 3696 proxime
1108 3615 1249 3696 preterit]
1274 3633 1375 3696 vsnuo

287 3711 322 3794 jn
347 3711 431 3776 truuc
454 3711 548 3786 diem,
574 3713 612 3776 ad
635 3731 718 3794 opus
741 3715 980 3790 uniuersitatis;
1004 3715 1057 3796 qui
1082 3731 1139 3795 pro
1163 3731 1224 3778 suo
1246 3713 1377 3778 sallario

268 3809 423 3892 ¹traiceret
452 3809 611 3876 decimum
642 3813 786 3894 quintum
818 3814 1004 3886 dener·ium;
1036 3813 1178 3878 cedenda
1207 3811 1374 3894 antemio

291 3909 430 3972 futurum
458 3909 637 3990 reciperent
663 3913 756 3976 ambo
785 3911 897 3992 notarij
926 3911 1046 3976 domini
1072 3910 1313 3975 conseruatoris
1335 3910 1375 3974 ed

291 4023 373 4086 opus
413 4005 642 4084 uniuersitatis,
673 4011 892 4091 haberentque
933 4019 1172 4090 procuratores
1205 4018 1373 4091 postquam

292 4104 379 4170 litem
395 4114 505 4172 esseut
521 4108 703 4194 contestati,
721 4126 836 4176 seuere
859 4109 898 4176 rte
921 4109 1138 4177 satisfactione
1163 4109 1372 4176 terminorum
