3246 4944
733 396 917 478 -aeu—

324 579 474 660 «Eodem
505 593 556 660 die
586 593 704 660 indicta
733 595 791 660 luit
820 593 1025 678 congregatio
1054 594 1279 663 Universitatis
1305 596 1365 662 sub

279 691 470 774 juramento.
489 693 524 758 ln
540 692 633 775 cujus
649 693 912 760 deliberationem
928 695 1035 776 posuit
1053 693 1241 777 magnificus
1263 694 1366 763 domi·

283 809 343 857 nus
373 793 539 874 epistolam
566 793 852 861 serenissimorum
884 795 1079 876 Principum.
1105 795 1208 876 Super
1238 812 1299 876 qua
1330 812 1368 861 ex

283 891 422 974 plurium
459 893 642 958 facultatum
670 893 956 960 deliberationibus
988 893 1148 960 conclusit
1178 893 1367 976 magnificus

283 991 433 1056 dominus
463 991 580 1057 [lector
613 992 717 1074 rogari
755 1010 793 1058 ex
829 1000 918 1074 parte
955 991 1180 1058 Universitatis
1217 991 1367 1059 eximium

284 1089 448 1155 dominum
464 1099 495 1156 et
511 1091 697 1173 magistrum
712 1091 866 1158 loannem
884 1091 1093 1169 Paludanum,
1113 1109 1238 1158 necnon
1255 1091 1368 1158 claris·

284 1189 400 1254 simum
427 1189 530 1255 virum
558 1190 721 1256 dominum
748 1198 779 1257 et
806 1191 993 1273 magistrum
1016 1191 1199 1259 cornelium
1223 1191 1367 1268 Silvium,

285 1303 396 1354 sacrae
426 1287 605 1371 theologiae
636 1297 668 1355 et
701 1289 783 1372 iuris
817 1291 982 1372 utriusque
1018 1290 1182 1366 doctores,
1213 1297 1369 1372 quatenos

284 1385 438 1452 accedere
461 1387 633 1470 dignentur
655 1389 887 1470 amplissimum
910 1390 1073 1455 dominum
1095 1390 1276 1471 praesidem
1292 1406 1369 1456 con·

285 1485 349 1549 cilii
366 1486 552 1553 secretioris
568 1487 701 1552 suarum
718 1487 962 1564 celsitudinem,
981 1488 1019 1554 ad
1037 1488 1131 1555 linem
1152 1489 1184 1553 in
1207 1495 1369 1570 praetecta

286 1584 423 1664 epistola
459 1586 703 1652 mentionatum.
734 1587 800 1664 Qua
838 1588 1048 1654 conclusione
1078 1605 1135 1670 per
1166 1587 1368 1669 magnificum

286 1681 450 1748 dominum
472 1683 641 1750 Rectorem
665 1693 768 1766 capta,
786 1686 938 1766 praedicti
962 1685 1082 1752 domini
1107 1687 1247 1752 loannes
1274 1687 1369 1751 Palu-

286 1780 388 1847 danus
418 1790 449 1847 et
478 1783 644 1848 Cornelius
673 1784 790 1849 Silvius
816 1801 833 1850 a
860 1793 1023 1865 praetacto
1050 1801 1193 1861 munere,
1217 1785 1255 1850 ad
1283 1784 1367 1868 quod

289 1879 490 1947 subeundum
520 1899 558 1948 ex
588 1891 676 1964 parte
704 1883 929 1950 Universitatis
961 1885 1167 1966 rogabantur,
1198 1884 1240 1950 ob
1266 1893 1371 1950 certas

289 1995 405 2046 causas
433 1988 465 2048 et
493 1981 633 2047 rationes
663 1999 736 2050 sese
765 1991 970 2049 excusarunt.
994 1983 1098 2058 Quare
1127 1983 1241 2048 iterato
1266 1983 1370 2050 dictus

291 2079 479 2162 magnificus
504 2080 654 2146 dominus
681 2081 799 2148 llector
825 2081 932 2164 posuit
953 2082 985 2145 in
1009 2081 1193 2147 facultatum
1216 2081 1373 2148 delibera·

290 2177 431 2244 tionibus
447 2197 528 2262 quos
544 2187 575 2245 et
590 2181 700 2262 quales
723 2179 756 2245 in
780 2180 1016 2262 praedictorum
1041 2179 1244 2246 dominorum
1266 2180 1373 2247 locum

289 2293 461 2360 surrogare
484 2279 616 2360 placeat.
633 2279 672 2343 Et
687 2296 726 2345 ex
743 2279 927 2344 lacultatum
943 2278 1229 2344 deliberationibus
1244 2279 1374 2344 conclu·

290 2378 332 2442 sit
355 2377 518 2460 surrogari
540 2377 570 2441 in
595 2378 699 2444 locum
723 2377 909 2443 eorumdem
935 2376 1081 2443 eximium
1106 2384 1136 2442 et
1158 2375 1372 2442 clarissimum

290 2475 454 2542 dominum
471 2485 502 2542 et
521 2476 704 2559 magistrum
726 2476 881 2542 loannem
904 2474 1142 2541 Scbinclrelium
1165 2485 1197 2540 et
1218 2475 1371 2542 Jacobum

289 2575 470 2653 suntvoort,
489 2592 600 2643 sacrae
616 2576 795 2658 theologiae
811 2584 842 2642 et
859 2575 1025 2657 utriusque
1038 2574 1121 2656 iuris
1137 2574 1300 2641 doctores.

332 2796 345 2834 1
366 2775 421 2841 llie
444 2774 566 2850 martis,
584 2774 736 2857 vigesima
753 2773 893 2840 secunda
910 2773 1036 2856 augusti
1053 2773 1127 2838 anni
1144 2773 1236 2848 1611,
1254 2772 1374 2840 indicta

291 2873 348 2938 luit
363 2874 569 2956 congregatio
593 2871 827 2940 Universitatis.
845 2873 880 2936 ln
903 2889 965 2954 oua
987 2873 1127 2938 loannes
1150 2871 1373 2938 Schinckelius

290 2979 322 3037 et
335 2971 475 3038 lacobus
490 2971 670 3047 Santvoort‚
688 2973 782 3053 qui...
799 2971 976 3037 bruxellam
993 2971 1031 3036 ad
1048 2972 1228 3037 adeundum
1246 2969 1374 3052 amplis·

290 3071 406 3136 simum
444 3071 606 3136 dominum
645 3070 823 3152 praesidem
860 3068 987 3134 concilii
1020 3069 1205 3134 secretioris
1236 3069 1372 3150 protecti

290 3169 427 3247 lucrant,
445 3169 588 3235 lecerunt
611 3167 784 3236 relationes
807 3184 895 3233 suas.
913 3166 1036 3243 Quibus
1053 3167 1157 3244 lactis,
1172 3166 1372 3234 Universitas

289 3269 353 3353 egit
374 3268 493 3351 gratias
514 3266 685 3350 praedictis
701 3266 840 3332 dominis
857 3281 914 3347 pro
931 3283 1063 3332 munere
1079 3283 1116 3333 ex
1134 3273 1223 3348 parte
1238 3263 1372 3332 Univer-

289 3369 394 3434 sitatis
409 3367 448 3432 ab
463 3367 544 3448 ipsis
560 3374 712 3448 suscepto
728 3374 759 3431 ct
775 3364 911 3432 fideliter
926 3373 1072 3431 executo.

332 3590 345 3627 α
367 3565 421 3633 bie
438 3566 559 3638 martis.
576 3563 730 3648 vigesima
746 3580 828 3629 nona
845 3563 971 3644 augusti
988 3562 1063 3626 anni
1080 3561 1159 3626 l6l'i
1176 3560 1294 3627 indicta
1312 3563 1368 3628 luit

288 3664 495 3747 congregatio
516 3663 740 3728 Universiratis
760 3662 821 3728 sub
841 3661 1033 3744 iuramento.
1051 3661 1085 3725 ln
1101 3679 1162 3744 qua
1178 3661 1280 3728 lectae
1295 3669 1371 3726 sunt

289 3763 412 3830 litterae
427 3761 636 3828 illustrissimi
653 3761 773 3826 domini
789 3759 903 3825 Nuncii
921 3759 1088 3840 apostolici
1104 3759 1143 3824 ad
1167 3758 1369 3840 magnificum

288 3863 452 3928 dominum
468 3862 618 3938 directae,
636 3858 759 3926 tenoris
775 3857 940 3941 sequentis
957 3877 965 3922 :

331 4085 344 4122 1
363 4061 542 4127 lldmodum
558 4057 735 4126 reverende
751 4065 782 4124 et
798 4057 913 4124 eximie
928 4055 1068 4122 domine.

331 4185 344 4222 1
364 4160 476 4243 llliqua
506 4157 601 4225 nobis
630 4165 805 4223 occurrunt
834 4173 897 4222 non
928 4155 1015 4238 parvi
1046 4154 1209 4232 momenti,
1237 4160 1369 4236 propter

289 4279 370 4345 quae
392 4275 527 4326 neeesse
546 4257 701 4323 babemus
717 4264 905 4339 praesentes
920 4254 1038 4338 alloqui
1054 4253 1203 4320 dominos
1219 4254 1369 4319 doctores
