3112 4942
756 427 937 512 „32-
1012 455 1016 459 -

296 612 333 678 in
357 611 499 692 presenti
522 609 660 683 abdicet.
686 617 719 674 et
739 609 772 673 in
795 609 886 690 ipsos
909 609 1078 675 Rectorem
1104 625 1162 689 pro
1184 617 1329 690 tompore
1354 615 1396 674 cit

295 711 545 776 uniuersitatem
567 709 677 783 cessit,
703 710 868 774 transtulit
889 718 922 774 et
948 709 1137 790 resignauil.
1162 723 1200 772 uc
1225 708 1328 774 esiam
1353 708 1385 797 in

301 810 443 891 presenti
466 809 562 884 cedit,
581 809 734 873 transfert
755 819 787 873 et
803 808 957 890 croignon
975 807 1071 872 niclril
1085 807 1169 890 iuris
1185 807 1215 869 ln
1233 807 1396 888 predictis

294 915 355 973 aut
383 907 491 988 aliquo
529 905 760 986 premissorum
797 905 859 971 silli
895 905 1135 988 quomodolibet
1172 905 1387 986 competentis

300 1005 513 1072 reseruandd.
530 1003 646 1086 sicque
660 1005 760 1070 rolult
783 1016 815 1071 et
838 1006 869 1069 in
895 1005 1038 1086 presenti
1059 1003 1139 1080 vult,
1155 1020 1194 1068 ec
1216 1003 1248 1068 in
1273 1002 1388 1068 lutens

297 1095 467 1188 perpetuis
489 1103 689 1186 temporibus
703 1104 790 1168 velit·
803 1104 922 1169 nouere
943 1113 975 1169 el
998 1119 1185 1184 permanere
1199 1119 1238 1167 ec
1253 1101 1388 1168 inuiolt‘·

296 1204 385 1270 ulter
406 1203 587 1272 obseruari.
612 1203 646 1267 ln
669 1203 762 1268 cuius
786 1204 885 1267 eciam
910 1201 1093 1267 euidentius
1117 1199 1334 1266 testimonium
1357 1209 1389 1264 et

296 1301 430 1385 signum
460 1303 531 1383 lpse
557 1302 690 1381 ligidins
715 1301 963 1384 bur-gimsglster
988 1301 1075 1366 dicto
1099 1299 1231 1364 domitio
1258 1298 1385 1364 llectori

294 1417 416 1466 ornnes
432 1401 535 1465 bullus
551 1399 621 1466 siue
637 1400 759 1466 litteras
776 1400 972 1482 apostolicus
989 1397 1185 1480 fundationis
1200 1406 1233 1462 et
1255 1397 1386 1478 priuile-

295 1500 428 1583 giorum
455 1500 610 1582 sepedicti
638 1498 733 1580 studii
761 1499 793 1564 in
822 1509 855 1565 et
883 1500 921 1565 ud
941 1503 1067 1564 'marrus
1096 1498 1178 1562 eius
1196 1497 1328 1564 tradidit
1356 1503 1388 1562 et

302 1600 491 1680 resignante.
520 1615 577 1679 per
607 1599 775 1664 Rectorem
810 1616 868 1679 pro
899 1608 1043 1680 tempore
1077 1607 1110 1662 et
1139 1597 1394 1662 Vniuersitetem-

296 1697 731 1779 sepedictoslnoutea'eude
743 1709 852 1763 cetero
865 1698 1081 1763 reseruandos
1094 1695 1386 1774 etcustodien'des;

300 1783 489 1878 supplicans
505 1807 610 1862 tumen
628 1797 712 1862 idom
728 1795 859 1876 Epidius
875 1796 1122 1879 burglnragistcr
1133 1794 1230 1860 dietis
1247 1793 1388 1870 llectori,

298 1895 489 1963 doctoribus
512 1905 545 1961 et
568 1895 729 1978 magistris
752 1895 1169 1978 pt·enomitmtis,tquatcnus
1190 1894 1250 1974 ipsi
1266 1895 1307 1958 de
1322 1901 1386 1957 ste·

297 1994 380 2060 tutis
396 1995 549 2075 congruis
565 2003 596 2059 el
609 1995 754 2060 honestis
769 2011 826 2075 pro
839 1995 924 2060 burto
935 2004 966 2059 et
978 1993 1151 2060 concordio
1165 1992 1387 2059 Vniuersitntis

296 2102 334 2158 et
346 2092 431 2174 opidi
443 2093 642 2174 prelatorum
655 2093 774 2157 vellent
791 2095 973 2172 prouidere.
987 2091 1223 2174 Superouibus
1238 2092 1392 2158 omnibus

295 2201 334 2257 et
354 2191 492 2272 singulis
514 2191 598 2256 idern
622 2191 776 2272 tnagister
798 2189 988 2256 ll'illtelmus
1014 2191 1129 2256 ilector
1153 2190 1282 2256 nornine
1307 2190 1394 2257 lieo.

302 2299 408 2356 torum
427 2307 484 2371 pro
500 2301 644 2370 tempore
660 2301 691 2356 el
708 2291 942 2366 llniuersitntis,
959 2309 998 2355 ec
1017 2291 1151 2371 Egidius
1168 2289 1293 2365 Dicitis·
1312 2291 1388 2355 luur-

295 2389 501 2472 ¹gimegister,
519 2388 665 2470 predicti,
683 2405 722 2454 eo
740 2389 869 2454 nomine
884 2399 917 2453 et·
931 2389 1030 2470 opidi.
1050 2391 1243 2470 protutorem
1261 2408 1277 2452 a
1297 2389 1395 2454 rtobis·

296 2487 435 2568 notorijs
452 2488 589 2568 publicis
605 2487 818 2569 intreseriptls
835 2488 995 2568 puutteun
1009 2488 1077 2553 lleri
1094 2488 1255 2570 petierunt
1268 2489 1387 2554 instro-

302 2596 443 2653 mentum
470 2587 685 2668 scupublica
715 2587 927 2654 instrumenta
957 2588 996 2652 ed
1026 2588 1186 2654 dictamen
1215 2588 1397 2654 cuiuslibet

295 2685 470 2766 sapientis.
483 2685 561 2751 dcto
573 2687 702 2752 luerunt
714 2688 775 2756 tec
790 2687 822 2750 in
834 2688 935 2754 ‚domo
950 2688 1139 2760 consulatus
1156 2687 1267 2768 preluti
1284 2687 1398 2768 opidi„

300 2783 335 2846 in
352 2799 478 2850 cernere
495 2795 678 2867 nuncupato
689 2785 749 2850 dle
763 2785 1000 2861 Rusenlroet,
1014 2785 1075 2852 sub
1087 2801 1183 2860 anno,
1198 2785 1395 2862 indictiones

303 2897 427 2954 mense.
443 2882 507 2957 die,
525 2883 616 2958 luere,
635 2885 706 2950 loco
721 2902 759 2950 ec
776 2885 973 2966 pontillcatu.
991 2886 1110 2966 quibus
1126 2901 1236 2965 supra.
1255 2901 1388 2964 presen-

297 2979 390 3045 cium
416 2980 533 3046 ibidem
560 2983 706 3048 honestis
732 2995 765 3049 et
793 2983 945 3050 discretis
970 2985 1049 3050 viris
1078 2984 1220 3049 dominis
1246 2983 1389 3050 lolianus

302 3078 389 3145 dicto
413 3079 508 3161 Pape,
534 3082 726 3161 presbitero.
744 3093 775 3148 et
798 3083 971 3150 Aristotele
986 3084 1027 3149 de
1045 3083 1098 3149 llic
1116 3083 1252 3164 lapidea.
1270 3084 1390 3150 clerico

294 3175 538 3256 cameracensi,
558 3197 617 3246 nec
639 3198 703 3246 non
727 3182 868 3248 dominis
886 3183 1025 3248 weltere
1053 3183 1189 3248 leemen
1205 3200 1244 3248 ec
1259 3183 1390 3250 Simone

300 3275 344 3342 de
361 3275 461 3342 Ponte
476 3278 556 3344 alies
575 3277 691 3346 lletten
714 3279 823 3355 Gelde.
842 3281 1030 3362 presbiteris
1054 3282 1229 3364 copellonis
1251 3282 1390 3348 ecclesie

296 3375 406 3441 suncti
425 3377 507 3442 Petri
524 3376 735 3444 tonantensts
752 3379 904 3460 predicte,
922 3379 1112 3446 Leodiensis
1127 3381 1280 3457 diocesis.
1299 3382 1389 3447 testi·

303 3473 365 3566 lius
382 3475 444 3545 lude
458 3475 565 3560 dignis
580 3478 619 3542 nd
637 3477 872 3545 testificandum
890 3480 1046 3561 premisse
1062 3482 1184 3547 vocetis
1207 3482 1392 3564 specialiter.

295 3574 483 3656 etrogetis.
1389 3619 1393 3642 .

313 3681 317 3708 ²
343 3673 382 3737 llt
404 3691 464 3756 ego
487 3675 605 3758 symon
621 3677 662 3744 de
677 3677 838 3759 Outdorp.
851 3679 987 3746 clericus
1002 3681 1217 3748 Treiectensis
1232 3681 1391 3758 diocesim

297 3772 457 3855 publicus·
468 3774 624 3855 imperiali
640 3777 829 3843 auctoritate
846 3780 1003 3857 noterius,
1015 3782 1089 3862 quis
1106 3781 1274 3862 premissis
1286 3782 1392 3847 ororii·¹

298 3870 364 3936 ltus
379 3880 411 3937 et
426 3872 577 3954 singulis,
594 3875 668 3940 dunt
686 3875 734 3941 sic
749 3885 782 3941 vt
798 3877 991 3958 premittitur
1007 3879 1130 3952 ‘flerent
1151 3891 1183 3946 et
1204 3891 1395 3962 egerentur„

301 3983 364 4034 une
380 3987 453 4038 cnm
469 3971 620 4038 discretis
632 3974 711 4039 viris
722 3974 844 4042 ludoco
861 3977 988 4044 notario
1003 3979 1188 4060 subscripto
1203 3989 1236 4044 et
1251 3981 1394 4046 testibus·

298 4070 536 4150 prenmninstis
559 4089 694 4152 presens
716 4073 856 4152 interlui,
874 4093 975 4159 eaque
989 4077 1037 4143 sic
1054 4078 1121 4142 llori
1138 4078 1202 4143 ridi
1218 4089 1251 4144 et
1264 4079 1395 4158 undiuip

297 4166 378 4233 ideo
394 4167 457 4234 lucc
470 4185 606 4253 presens
623 4171 786 4253 publicum
800 4173 1047 4242 instrumentum
1069 4176 1185 4243 exinde
1205 4178 1391 4245 conlectum
