3222 4944
697 437 919 540 *ees--v

245 638 302 686 cos
329 619 417 701 juxte
446 619 641 700 evigenciam
671 628 702 686 et
733 619 948 703 frequenciam
979 619 1103 686 oderice
1132 621 1272 702 corriget
1297 629 1328 686 et

247 720 356 800 puniat
372 719 555 799 pecuniario
570 719 620 784 vel
639 735 695 799 per
709 737 871 784 carcerem
888 719 1052 784 eutalium
1075 719 1203 785 modum
1227 719 1266 784 ab
1289 737 1327 786 co

246 817 478 883 arbitrandum.
501 817 532 880 Si
554 826 658 882 tamen
676 819 942 900 eadem'persoua
959 827 1007 884 ter
1022 819 1054 882 in
1071 835 1154 882 atino
1172 819 1202 881 in
1217 819 1325 883 cousi·

247 917 313 982 mili
330 917 453 982 eliense
470 917 670 996 deprehensa
688 917 781 982 luerit
798 927 829 983 et
844 927 955 999 quarta
971 917 1041 982 vice
1057 917 1325 998 apprehendatur,

246 1016 319 1081 duci
344 1015 461 1098 poterit
483 1015 521 1079 ad
546 1032 693 1080 carceres
717 1017 820 1081 nostri
843 1017 942 1097 opidi,
960 1027 991 1084 ct
1008 1026 1156 1098 tanquam
1173 1016 1244 1095 ipso
1257 1016 1329 1097 iure

246 1125 278 1180 ct
294 1114 434 1196 predicta
451 1114 666 1180 Universitate
682 1115 825 1195 privatus
843 1115 946 1196 punivi
965 1123 995 1180 ct
1018 1115 1174 1180 coerceri.
1193 1115 1228 1179 lit
1247 1114 1329 1197 pari·

246 1223 294 1278 ter
317 1212 536 1293 prohibemus,
556 1229 595 1277 ne
618 1221 691 1294 post
711 1213 884 1294 predictam
903 1214 1120 1295 puisacionem
1136 1214 1329 1296 quicumque

245 1312 382 1378 scolaris
412 1312 443 1375 in
475 1311 628 1388 tabernis,
661 1313 803 1394 staphis,
836 1313 1036 1393 prostibulis,
1067 1329 1123 1377 scu
1151 1311 1223 1376 aliis
1250 1312 1329 1376 locis

192 1435 195 1446 ·
245 1410 438 1484 inhonestis,
469 1427 669 1493 quacumque
707 1428 804 1476 causa
842 1421 1065 1486 conversetur,
1105 1421 1246 1477 moretur
1276 1421 1330 1476 aut

246 1511 393 1577 dormiet.
411 1510 500 1586 Quod
517 1511 545 1574 si
562 1528 658 1575 secus
675 1511 797 1587 lecerit,
813 1512 1005 1592 procedetur
1020 1521 1130 1576 contra
1148 1529 1232 1586 eum,
1246 1513 1331 1575 sicut

246 1611 286 1676 dc
302 1609 579 1676 deambulantibus
597 1619 669 1690 pest
685 1611 858 1692 predictam
873 1609 1093 1692 puisacionem
1110 1611 1259 1689 superius
1282 1619 1332 1674 est

245 1725 446 1790 expressum.
470 1709 529 1773 Sed
562 1719 635 1773 ante
666 1709 840 1786 predictam
874 1709 1092 1789 puisacionem
1124 1709 1331 1789 prohibemus

245 1809 365 1882 villico,
390 1808 460 1873 aliis
483 1807 647 1888 officiariis
671 1809 756 1890 opidi
782 1810 963 1890 ceterisque
989 1808 1149 1882 omnibus,
1176 1825 1215 1872 ne
1236 1825 1333 1889 quos·

247 1925 384 1988 cumque
410 1907 555 1971 scolares
581 1923 784 1988 quocumque
812 1915 954 1986 pretextu
984 1906 1145 1980 invadant,
1169 1906 1333 1971 offendant

249 2015 303 2070 aut
318 2005 366 2068 eis
382 2004 585 2085 injurientur,
603 2021 659 2070 seu
684 2006 777 2070 etiam
802 2005 932 2070 racione
954 2006 1038 2070 dicte
1059 2005 1333 2070 deambulacienis

249 2104 375 2185 capiant
411 2113 465 2168 aut
504 2104 763 2184 apprehendaut;
801 2115 834 2169 et
869 2105 1016 2168 similiter
1052 2114 1124 2185 post
1160 2105 1333 2184 predictam

253 2203 471 2286 puisacionem
494 2204 770 2269 deambulantibus
788 2205 817 2266 in
836 2204 988 2268 societate
1004 2204 1147 2268 doctoris
1163 2204 1211 2268 vel
1228 2205 1334 2284 gravis

256 2319 393 2384 persone
409 2319 481 2366 cum
499 2303 569 2366 teda
585 2302 634 2367 vel
651 2303 794 2368 lanterna
811 2303 970 2367 eminente
995 2319 1056 2366 non
1077 2302 1268 2382 injurientur
1281 2311 1334 2366 aut

254 2401 432 2466 molestiam
460 2401 586 2476 iaciant,
617 2417 675 2466 nec
701 2402 956 2482 quibuscumque
986 2401 1128 2481 ipsorum
1160 2401 1333 2465 seolurium

253 2501 381 2566 clericis
418 2510 471 2564 aut
508 2500 719 2565 servitoribus
755 2517 955 2582 quacumque
993 2500 1070 2564 hora
1108 2516 1180 2564 cum
1217 2499 1336 2565 iumine

251 2599 541 2664 deambulantibus.
566 2597 602 2663 Et
626 2598 893 2664 contrafacientes
919 2599 1111 2663 intendimus
1133 2597 1224 2680 penis
1240 2599 1338 2663 certis

252 2697 405 2780 ailigere.

293 2846 330 2910 lit
354 2854 465 2910 contra
490 2846 637 2910 ludentes
659 2847 697 2910 ad
722 2846 849 2910 taxillus
873 2847 921 2911 vel
947 2846 1041 2912 ludus
1062 2863 1120 2928 per
1135 2853 1251 2910 statuta
1267 2843 1339 2929 [pro

252 2941 385 3027 hibitus]
402 2953 520 3010 statuta
535 2944 605 3025 ipsa
622 2944 736 3010 stricte
752 2953 783 3010 et
800 2945 900 3026 rigide
915 2944 1138 3010 observentur.

297 3092 386 3168 item,
414 3092 487 3172 quia
515 3101 601 3156 artes
632 3093 725 3174 lenge
755 3103 841 3168 sunt,
870 3093 940 3158 dies
970 3109 1047 3157 vero
1079 3092 1179 3156 nostri
1210 3092 1338 3165 breves,

212 3245 218 3252 .
255 3200 286 3256 et
317 3207 380 3255 non
413 3205 543 3270 parvum
574 3190 640 3255 iteo
667 3202 698 3255 et
727 3192 848 3255 sanctis
875 3191 944 3255 suis
971 3193 1006 3254 iit
1031 3191 1239 3262 sacrificium,
1267 3205 1339 3254 cum

255 3291 478 3354 adolescentes
495 3289 594 3354 etalii
614 3291 707 3354 bouis
722 3291 845 3355 ortibus
862 3301 893 3355 et
916 3290 1061 3354 scientiis
1084 3289 1181 3353 dediti
1206 3289 1236 3351 in
1261 3289 1341 3368 ipsis

253 3389 455 3463 crudiuntur,
477 3389 647 3453 statuimus
671 3400 702 3454 et
724 3391 911 3454 ordinamus
935 3389 1018 3469 quud
1044 3389 1073 3451 in
1099 3387 1241 3468 predicta
1265 3387 1341 3450 Uni·
1374 3405 1377 3410 ·

254 3487 407 3553 versitate
433 3487 580 3568 legentur
606 3487 760 3552 lectiones
786 3489 949 3552 ordinarie
972 3489 1011 3551 de
1037 3503 1128 3550 mane
1150 3495 1181 3550 et
1203 3486 1244 3550 de
1265 3501 1340 3551 sero

254 3585 405 3652 omnihus
418 3585 543 3659 diebus,
555 3596 755 3668 preterquam
769 3587 938 3652 dominicis
954 3605 991 3650 uc
1007 3585 1098 3650 lestis
1112 3585 1339 3666 sequentibus;

254 3685 403 3750 videlicet
434 3707 441 3747 :
475 3684 506 3748 in
541 3685 688 3765 januario
723 3685 839 3751 diebus
877 3685 1029 3749 leston-um
1067 3683 1339 3760 circumcisionis,

255 3783 443 3864 Epiphanie,
472 3784 572 3848 sancti
602 3784 765 3859 Anthonii,
792 3783 1020 3849 conversionis
1046 3783 1148 3848 sancti
1179 3782 1282 3858 t¹auli;
1310 3783 1342 3846 in

256 3882 416 3948 t'ebruario
462 3881 577 3947 diebus
622 3883 776 3948 festorum
821 3882 1057 3948 Purilicationis
1101 3883 1193 3946 beate
1233 3879 1342 3956 llarie,

257 3981 414 4046 (lathcdre
443 3982 546 4045 sancti
566 3981 674 4058 ‚Petrh
705 3983 820 4047 blathie
845 3982 1004 4063 apostoti;
1034 3982 1063 4044 in
1093 3982 1206 4044 martio
1231 3977 1346 4044 diebus

258 4081 412 4144 l'cstorum
429 4091 614 4145 sanctorum
630 4083 751 4146 Thome
763 4082 803 4146 de
815 4081 941 4163 Aquino
958 4099 1015 4161 pro
1034 4080 1192 4160 theologis
1209 4087 1343 4152 tantum,

258 4179 416 4262 Gregorii,
448 4180 720 4246 hrrnuneiacionis
758 4181 847 4246 beate
884 4179 999 4254 harim
1039 4180 1069 4242 iu
1106 4178 1197 4262 aprili
1227 4176 1342 4242 (liebus

1523 4049 1538 4082 Ι
