3246 4944
677 423 865 500 ..669-

269 615 309 684 Ut
344 624 449 684 autem
486 616 650 682 decretum
679 615 879 681 visitationis
914 614 955 680 de
990 615 1153 682 exercitiis
1183 611 1307 699 collegii

227 717 508 783 baccalaureorum
545 716 653 782 debite
691 716 893 790 observetur,
929 715 959 778 in
996 731 1060 796 quo
1098 732 1194 796 saepe
1231 717 1311 782 liunt
1411 718 1416 731 '

228 824 470 898 extravagantes
505 815 687 888 discursus,
719 823 846 896 putatur
883 829 1089 896 summopere
1124 815 1309 892 convenire,

230 924 324 997 prout
339 924 369 980 et
384 913 579 996 egoiudico,
599 922 631 980 ut
647 915 861 979 ordonaretur
876 913 960 995 qnod
984 913 1014 976 in
1038 913 1310 993 disputationibus

229 1013 491 1096 septimunatibus
522 1013 610 1093 prior
641 1012 800 1078 facultatis
830 1027 958 1092 semper
993 1011 1152 1078 interesse
1181 1011 1313 1078 deberet

231 1131 288 1196 pro
307 1113 474 1195 dirigenda
498 1114 676 1194 iuventute,
702 1119 733 1176 et
759 1112 869 1176 theses
894 1120 969 1176 ante
994 1109 1240 1192 impressionem
1268 1111 1313 1175 illi

230 1213 446 1294 praeostendi,
464 1221 534 1292 esto
551 1212 669 1277 nuttam
688 1210 760 1277 ideo
776 1211 910 1276 haberet
925 1210 1195 1277 distributionem.

749 1392 799 1455 li.

273 1559 351 1624 item
367 1557 511 1623 Visitatio
527 1558 652 1624 ordinat
666 1575 705 1622 uc
720 1558 760 1621 ad
771 1557 952 1621 doctoralem
964 1557 1102 1623 lauream
1114 1559 1316 1624 admittantur

232 1659 292 1722 nisi
306 1661 366 1722 ciri
381 1658 628 1723 excellentissimi
642 1664 672 1721 et
687 1659 821 1720 maxime
836 1657 1010 1732 eminentes,
1028 1667 1090 1722 ete.

273 1815 343 1882 Non
371 1815 427 1881 luit
452 1815 673 1890 observatum
701 1813 774 1896 quia
804 1813 966 1897 quondam
997 1832 1093 1880 unum
1118 1815 1317 1882 admiserunt

233 1931 327 1998 quem
354 1930 440 1980 nunc
466 1913 578 1980 volunt
604 1913 741 1994 probare
767 1913 951 1993 incapacem
978 1929 1053 1979 esse
1079 1913 1226 1979 iectionis
1255 1931 1317 1995 qua

233 2013 385 2096 iungitur.
404 2009 542 2078 Proinde
555 2012 666 2095 jndice
682 2011 895 2078 ordinandum
910 2019 943 2077 ut
957 2029 1020 2078 nou
1033 2012 1239 2079 admittantur
1256 2013 1316 2077 nisi

233 2111 278 2177 itti
308 2112 362 2194 qui
391 2121 462 2178 actu
493 2111 652 2178 habentur
681 2127 816 2192 capaces
850 2111 993 2176 omnium
1030 2110 1230 2178 functionum
1267 2111 1316 2177 sui

234 2211 366 2294 gradus.
1000 2215 1003 2222 “

756 2342 804 2406 18.

279 2489 356 2556 ltem
370 2490 515 2555 Visitatio
533 2489 643 2554 statuit
658 2497 692 2553 ut
709 2491 746 2554 rie
758 2489 881 2571 callepio
894 2491 1054 2573 utriusque
1058 2492 1140 2571 iuris
1150 2509 1211 2554 aton
1222 2491 1327 2574 plures

237 2590 493 2672 disputationibus
508 2591 540 2652 in
556 2591 663 2654 oraine
678 2590 720 2653 ad
739 2591 854 2671 prodas
873 2593 1014 2672 praesint
1035 2608 1126 2672 paam
1142 2592 1257 2664 decem.
1274 2607 1330 2654 sea

237 2691 351 2754 scilicet
381 2689 531 2754 ordinarii
561 2698 585 2754 et
616 2696 677 2753 tres
707 2690 949 2768 ectroordiuarii
977 2692 1162 2771 professores
1198 2689 1330 2773 qnotidie

238 2789 382 2872 tepentes,
399 2797 428 2854 et
442 2808 524 2854 artus
539 2807 579 2852 ec
594 2789 654 2854 loto
670 2789 793 2872 callepio
810 2791 1025 2854 assumendus.

283 2946 390 3010 [rictas
414 2945 647 3027 praesidentias
670 2945 787 3012 dicitnr
810 2947 957 3012 strictum
981 2945 1152 3028 collegium
1179 2945 1241 3011 sibi
1266 2945 1329 3012 soii

242 3059 372 3110 servare
387 3052 419 3108 et
435 3045 547 3108 minari
564 3045 733 3122 studiosis,
751 3045 781 3108 in
800 3054 948 3110 eventum
965 3061 1029 3125 quo
1044 3044 1140 3108 atium
1162 3044 1327 3109 doctorem

242 3144 408 3224 eligerent,
426 3141 540 3226 [quod]
566 3143 785 3208 difficultatem
815 3143 940 3224 passuri
968 3143 1031 3208 sint
1058 3143 1089 3206 in
1117 3143 1263 3210 examine
1290 3143 1330 3208 ad

243 3241 416 3307 licentiam.
450 3243 526 3307 ideo
563 3242 773 3308 ordinandum
813 3253 888 3322 puto
924 3253 956 3306 ut
988 3241 1078 3322 iuxta
1111 3243 1331 3310 visitationem

244 3341 442 3422 relinquatur
470 3340 625 3406 studiosis
655 3340 788 3405 libertas
818 3341 999 3406 electionis.
1028 3340 1105 3405 item
1131 3358 1188 3422 pro
1214 3341 1332 3407 decore

244 3449 372 3506 actuum
390 3439 539 3506 licentiae
554 3447 586 3505 et
601 3439 854 3520 disputationum
872 3439 1027 3504 deberent
1045 3456 1158 3504 ornnes
1181 3440 1333 3506 doctores

244 3539 284 3604 de
308 3539 422 3603 stricto
444 3537 581 3620 collegio
605 3537 669 3602 iltis
693 3537 850 3602 interesse
872 3547 945 3603 ante
970 3537 1108 3603 medium
1132 3538 1331 3604 undecimae.

246 3637 282 3702 Et
313 3637 422 3718 plures
452 3647 528 3702 sunt
557 3636 610 3719 qui
640 3644 761 3701 tanturn
792 3646 980 3717 comparent
1010 3637 1041 3700 in
1072 3637 1183 3702 ultimo
1214 3645 1333 3718 puncto

245 3735 355 3812 horae,
380 3736 508 3818 quando
531 3735 762 3801 discedendum
785 3745 852 3810 est;
877 3745 908 3800 et
931 3735 1027 3818 aliqui
1052 3735 1229 3801 interillos
1253 3753 1333 3800 nun·

247 3851 342 3915 quam
358 3843 554 3916 oppugnant,
572 3835 625 3916 qui
644 3833 715 3900 ideo
732 3833 890 3900 habentur
905 3843 1064 3916 tamquam
1082 3834 1181 3900 boves
1199 3834 1288 3900 muti.

291 3983 351 4047 Pro
375 3983 518 4049 remedio
542 3983 788 4049 ordonnandum
808 3985 869 4048 erit
886 3992 919 4047 ut
935 3999 992 4064 per
1008 3983 1167 4050 bedetlum
1185 3991 1337 4048 notentnr

248 4081 301 4162 qui
340 4091 412 4162 post
450 4081 588 4148 medium
627 4082 814 4147 undecimae
850 4089 1048 4163 comparent,
1081 4091 1113 4147 et
1144 4082 1338 4147 mulctentur

248 4181 486 4253 substractione
521 4181 641 4263 jurium
682 4181 895 4263 praesentiae,
925 4181 1187 4263 applicandorum
1226 4180 1333 4246 erario
