3240 4946
666 435 849 512 -lllss-

217 628 334 712 rectori
356 639 388 694 et
406 627 604 710 uniuersitatj
626 630 878 696 moderationem
895 627 1069 696 eorundem
1086 640 1300 708 expensarum

218 746 275 794 seu
306 721 507 794 sellariorum
537 727 766 795 officiariornm
804 728 888 794 dicto
924 727 1013 792 curie
1049 725 1300 799 conseruatoris.

220 826 447 892 nichilominus
484 836 588 891 tamen
622 827 801 892 consultius
832 837 918 892 esset
948 825 1052 891 adbuc
1082 826 1242 890 dimittere
1268 824 1303 905 jn

218 927 349 1008 antiquo
375 943 432 991 seu
461 926 595 1007 pristino
626 935 723 1000 statu,
749 935 842 1006 prout
872 925 930 990 luit
960 917 1301 990 antc'reuocationcm

219 1025 472 1098 conseruatorie..
490 1041 583 1105 quam
601 1041 659 1106 uro
676 1043 760 1090 nunc
780 1025 908 1106 sellaria
930 1041 987 1090 scu
1010 1041 1167 1104 expensas
1191 1023 1301 1089 buius-

220 1124 304 1189 modi
335 1137 541 1205 augmentarc
571 1141 628 1189 seu
659 1124 847 1190 diminuere.
876 1124 998 1199 Quibus
1024 1125 1062 1188 a'd
1090 1125 1218 1204 longum
1247 1142 1303 1205 ncr

220 1224 356 1288 cundem
373 1224 537 1288 dominum
559 1225 714 1288 decanum
739 1225 875 1288 narratis
897 1234 929 1290 et
951 1224 1103 1296 recitatis,
1121 1224 1302 1289 antedictus

220 1321 370 1386 dominus
401 1332 508 1386 rector
536 1323 643 1403 posuit
669 1322 704 1405 jn
736 1323 967 1387 deliberatione
996 1323 1199 1387 dominorum
1227 1323 1302 1404 quid

220 1420 353 1486 ulterius
366 1421 399 1502 jn
417 1420 599 1486 huiusmodi
617 1421 744 1502 negotio
761 1421 849 1486 curie
865 1421 1108 1486 conseruatorie
1124 1421 1304 1487 laciendum

222 1536 279 1583 scu
304 1520 466 1600 quomodo
490 1520 728 1601 procedendum
752 1521 824 1584 erit.
841 1521 943 1601 Super
969 1521 1085 1602 quibus
1111 1521 1305 1585 uniuersitas
1345 1603 1350 1610 ἱ

223 1618 404 1684 deliberans
427 1618 491 1699 egit
512 1618 632 1699 gratias
654 1619 825 1686 antedictis
847 1620 987 1685 dominis
1010 1619 1242 1700 commissoriis
1266 1621 1306 1684 de

225 1716 306 1780 bona
328 1716 492 1800 diligentia
516 1727 547 1783 et
568 1717 805 1783 sollicitatione.
827 1719 870 1783 lle
893 1720 988 1784 modo
1010 1729 1114 1783 autem
1135 1719 1304 1799 exercendi

221 1815 356 1881 ulterius
390 1815 648 1897 jurisdictionem
681 1815 716 1897 jn
753 1818 837 1883 dicta
866 1817 955 1883 curia
984 1818 1146 1883 commisit
1175 1818 1306 1883 domino

222 1914 341 1995 rector]
359 1923 390 1980 cl
406 1914 577 1996 deputatis.

262 2013 401 2094 insuper
431 2014 599 2095 proposuit
628 2015 779 2079 dominus
810 2024 916 2082 rector
942 2033 981 2080 an
1009 2033 1048 2080 nc
1075 2017 1197 2096 placeat
1223 2015 1307 2098 quod

225 2112 264 2174 ad
283 2112 543 2177 satisfaciendum
560 2113 599 2177 dc
615 2111 710 2180 dictis
724 2113 883 2179 dictorum
901 2116 1103 2180 dominorum
1119 2116 1310 2180 commissa-

220 2210 343 2274 riorum
359 2219 390 2275 et
406 2211 560 2292 expositis
577 2228 633 2293 uer
649 2213 780 2277 eosdem
797 2230 855 2293 pro
871 2213 971 2279 literis
990 2214 1171 2294 impetratis
1194 2215 1305 2294 decani

222 2309 405 2374 facultatum
427 2309 549 2390 intrent
572 2311 700 2376 arebam
725 2311 942 2376 uniuersitatis
967 2329 1024 2393 pro
1050 2312 1182 2393 pecunia
1204 2321 1307 2377 extra·

222 2406 338 2483 benda,
365 2425 437 2473 cum
468 2408 592 2474 modice
622 2409 757 2490 pecunie
783 2411 933 2474 dicuntur
960 2427 1032 2478 csse
1059 2413 1119 2476 sub
1146 2413 1302 2477 moderno

220 2507 351 2571 domino
377 2517 554 2589 receptore.
579 2508 682 2588 Super
708 2526 771 2590 quo
797 2508 990 2574 uniuersitas
1017 2510 1200 2575 deliberans
1225 2528 1303 2576 con·

220 2605 316 2670 clusit
342 2622 380 2670 ex
407 2607 502 2672 aruba
528 2607 746 2672 uniuersitatis
774 2625 831 2688 uro
858 2609 1078 2674 satisfactione
1106 2611 1302 2674 creditorum

220 2704 436 2769 uniuersitatis
454 2705 619 2785 pecuniam
635 2707 874 2772 extrahendam.

222 3157 413 3224 L'.›lr·clriduc
441 3160 581 3242 Philippo
604 3163 631 3225 le
656 3163 739 3225 beau
762 3161 881 3241 moditia
903 3166 1050 3227 cerlcines
1073 3163 1190 3228 clauses
1213 3165 1250 3228 dc
1272 3164 1302 3227 ln
1334 3154 1339 3164 '

261 3257 364 3321 oberte
375 3277 435 3340 pm
450 3259 581 3340 laquelle
601 3261 622 3324 il
644 3263 724 3324 auoit
747 3261 873 3324 restitue
892 3261 1010 3342 l'uscue
1031 3263 1068 3326 de
1091 3263 1120 3325 lo
1143 3280 1303 3326 coluerun-

261 3358 337 3420 lon'c
351 3359 370 3421 d
385 3357 580 3423 l'llniuersitd
593 3361 629 3424 de
643 3361 790 3424 Lococin.

624 3557 642 3614 3
661 3559 803 3615 decembre
826 3560 906 3616 1504.

161 3755 164 3761 .
265 3695 410 3779 Pbilipue
434 3712 489 3779 oar
505 3698 534 3761 la
550 3701 699 3780 grauedo
717 3702 791 3768 llieu
809 3701 969 3768 tronione
984 3703 1164 3778 ddustrice
1183 3705 1250 3770 buc
1265 3706 1305 3770 de

223 3796 438 3878 Bourgoignc,
455 3797 496 3863 de
520 3798 672 3882 bothnin,
689 3801 729 3866 de
752 3801 900 3879 Brabant,
922 3804 961 3868 do
985 3805 1077 3880 stiur,
1102 3805 1142 3869 de
1165 3805 1304 3885 Garintc,

222 3895 262 3959 de
283 3891 443 3971 cornicle,
464 3897 503 3960 de
528 3897 717 3980 Lembourg,
736 3900 775 3965 dc
798 3900 1020 3983 buxcmbourg
1043 3913 1073 3968 ct
1095 3906 1135 3968 dc
1157 3905 1305 3982 Geldrcs,

222 3993 321 4058 llonle
347 3995 386 4059 de
414 3995 615 4078 Habsbourg‚
644 3998 683 4062 dc
709 3999 856 4072 Flandre,
885 4001 924 4066 de
950 4002 1047 4080 lirul,
1075 4001 1239 4079 dbrtbois
1267 4004 1307 4070 de

227 4093 441 4174 Bourgoignc‚
468 4095 586 4160 l‘alatin
614 4096 653 4161 de
680 4096 834 4174 llainnau‚
861 4101 1038 4181 lantgraue
1060 4103 1202 4180 dlllsate,
1228 4107 1308 4168 llar-

225 4191 297 4271 quis
323 4192 364 4256 du
395 4193 549 4274 Burgaun
575 4203 605 4260 et
631 4196 672 4260 du
700 4197 808 4262 Sainct
838 4199 975 4280 Empire,
1004 4203 1043 4266 de
1075 4203 1240 4283 llollande,
1268 4207 1308 4272 dc
