3246 4944
682 392 867 472 -823-

235 584 287 666 ius
309 584 403 651 civile
424 587 474 652 vel
493 587 683 652 canonicum
706 589 886 670 respective
902 587 1114 656 licentiandos
1130 591 1321 668 examinent,

237 695 268 750 et
291 685 319 749 si
346 687 481 752 idoneos
507 687 697 768 repererint,
714 688 900 763 adrnittant;
928 689 978 754 sin
1008 690 1123 764 minus,
1142 691 1256 756 saitem
1283 692 1322 755 od

238 793 366 867 tempus
383 785 551 866 repellant.

767 918 801 983 C.

281 1067 397 1131 Verum
426 1084 465 1132 nc
491 1066 553 1132 iilis
576 1067 726 1133 dedecori
749 1069 791 1133 sit
815 1070 974 1150 repuisam
1000 1070 1074 1152 pati,
1097 1071 1266 1136 statuimus
1291 1082 1322 1137 ut

242 1165 370 1230 notabili
392 1175 536 1247 tempore
558 1177 631 1233 ante
654 1169 876 1250 repetitionem
899 1169 1020 1234 dictum
1043 1186 1175 1236 examen
1201 1171 1325 1252 rigoro-

241 1281 312 1329 sum
330 1264 396 1331 iiat.

760 1399 810 1464 ΕΙ.

285 1536 322 1601 Et
357 1538 436 1602 baec
472 1555 544 1602 cunr
576 1538 605 1601 in
636 1537 852 1604 Universitate
883 1539 1071 1604 Luraniensi
1102 1541 1143 1606 ita
1175 1542 1327 1622 expedire

243 1636 436 1709 invenimus,
461 1638 490 1700 in
520 1637 729 1703 Universitate
759 1657 886 1722 quoque
916 1652 1023 1704 nostro
1055 1640 1210 1706 Duacensi
1242 1642 1324 1705 idern

244 1735 480 1800 observandum
497 1737 680 1807 statuimus.

753 1869 813 1934 cti.

287 2017 324 2083 dt
339 2019 391 2100 qni
409 2019 501 2084 aliter
515 2021 553 2084 ad
570 2020 729 2087 licentiam
748 2021 883 2102 promoti
901 2021 1031 2096 tuerint,
1051 2039 1112 2086 non
1131 2023 1277 2088 voiumns
1297 2032 1330 2088 ut

247 2116 284 2181 ad
303 2119 416 2198 paiatia
435 2125 541 2182 nostra
558 2119 762 2184 nntGonsiiia
780 2131 938 2203 tamquam
952 2122 1094 2185 advocati
1110 2121 1329 2194 admittantur,

248 2216 308 2279 nisi
326 2235 362 2279 ex
378 2218 532 2297 singulari
549 2235 645 2282 cansa
662 2228 693 2283 et
705 2220 946 2300 dispensatione
961 2237 978 2284 a
996 2220 1102 2300 priore
1116 2229 1147 2284 et
1165 2219 1332 2299 utriusque

249 2315 406 2380 tacutnarts
429 2317 565 2398 collegio
587 2317 759 2400 approbata
783 2329 815 2384 et
836 2335 992 2386 concessa
1016 2319 1153 2398 promoti
1178 2319 1329 2383 tuissent.

750 2467 829 2532 (illl.
860 2471 867 2488 ¹

293 2596 326 2660 io
351 2597 445 2662 dictis
467 2607 572 2666 autern
600 2600 803 2665 facultatibus
826 2601 897 2682 jura
924 2599 1217 2674 baccalaureornm,
1235 2599 1332 2663 ticen-

252 2696 434 2760 tiandorum
456 2707 488 2762 et
512 2715 666 2764 novorum
689 2698 855 2765 doctorum
879 2699 966 2781 juxta
990 2705 1180 2764 consuetum
1205 2699 1333 2762 modom

252 2809 270 2857 a
287 2795 530 2875 professoribus.
541 2797 744 2879 recipiantur.

756 2945 832 3012 CIV.

295 3075 558 3160 Quandoquidem
580 3088 684 3147 autem
708 3089 796 3144 certo
819 3079 921 3143 simus
937 3077 1096 3143 informati
1114 3076 1200 3141 circa
1218 3076 1286 3140 tisci
1304 3085 1336 3142 ct

255 3173 365 3239 decani
389 3176 669 3244 baccalaureorum
688 3178 772 3260 juris
795 3178 962 3258 utriusque
977 3176 1166 3241 eiectionem
1184 3175 1338 3255 plurimas

257 3273 474 3357 maximosque
501 3278 654 3341 committi
682 3277 823 3351 fraudes,
852 3275 1088 3355 nonnnttosqna
1114 3273 1339 3339 adolescentes

259 3374 352 3439 nimis
379 3375 548 3441 ambitiose
575 3386 606 3442 et
631 3377 723 3442 avide
749 3393 787 3442 eo
813 3375 1046 3440 contendentes
1077 3391 1133 3454 per
1162 3372 1339 3454 symposia,

258 3477 514 3555 compotationes
530 3477 673 3558 aliasque
695 3477 809 3541 sordes
825 3475 1023 3554 collegarum
1039 3489 1170 3537 suornm
1187 3471 1339 3552 sotiragia

259 3574 462 3640 emendicare
490 3576 615 3657 sibique
644 3589 842 3656 comparare,
877 3581 908 3637 et
941 3571 1014 3636 inde
1046 3571 1129 3634 inter
1160 3571 1341 3651 aspirantes

259 3690 374 3754 graves
390 3675 520 3756 saepius
542 3675 625 3739 rixas
646 3673 891 3754 discordiasque
906 3669 1037 3746 exoriri,
1054 3679 1084 3734 et
1101 3685 1232 3750 magnas
1249 3669 1342 3749 piane

262 3772 371 3838 turbas
412 3789 650 3856 nonnumquam
691 3770 822 3837 excitari
863 3786 935 3834 curn
973 3768 1116 3850 periculo
1154 3782 1341 3846 magnorum

263 3869 550 3946 incommodorum,
581 3873 665 3938 unde
695 3871 787 3936 etiam
820 3869 853 3934 ttt
883 3877 917 3934 ut
946 3868 1061 3933 eiectio
1091 3876 1123 3932 et
1152 3866 1258 3930 debita
1287 3881 1345 3930 soa

263 3969 410 4036 libertate
433 3974 608 4046 t'raodotur,
627 3981 658 4038 et
682 3972 713 4034 in
740 3969 877 4034 xtraxime
904 3967 1052 4033 idoneum
1079 3965 1348 4048 (disturbantibus

264 4085 334 4132 eam
350 4070 541 4153 ambitiosis)
558 4089 621 4137 non
639 4073 772 4145 seratum
791 4069 862 4132 idco
879 4077 911 4132 ut
927 4069 1006 4131 baec
1020 4065 1202 4147 similiaque
1224 4066 1346 4130 incom-

267 4175 358 4238 moda
377 4173 503 4255 penitus
519 4181 754 4246 removeantur,
772 4168 917 4234 districte
932 4166 1144 4249 praecipimus
1166 4175 1198 4230 et
1217 4165 1348 4230 ordina-
