<?xml version="1.0" encoding="UTF-8"?>
<!DOCTYPE html PUBLIC "-//W3C//DTD XHTML 1.0 Transitional//EN"
    "http://www.w3.org/TR/xhtml1/DTD/xhtml1-transitional.dtd">
<html xmlns="http://www.w3.org/1999/xhtml" xml:lang="en" lang="en">
 <head>
  <title>
</title>
<meta http-equiv="Content-Type" content="text/html;charset=utf-8" />
  <meta name='ocr-system' content='tesseract 3.04.00' />
  <meta name='ocr-capabilities' content='ocr_page ocr_carea ocr_par ocr_line ocrx_word'/>
</head>
<body>
  <div class='ocr_page' id='page_1' title='image "./documentsrelati00reusgoog_0709.png"; bbox 0 0 3222 4944; ppageno 0'>
   <div class='ocr_carea' id='block_1_1' title="bbox 714 420 898 484">
    <p class='ocr_par' dir='ltr' id='par_1_1' title="bbox 714 420 898 484">
     <span class='ocr_line' id='line_1_1' title="bbox 714 420 898 484; baseline 0 -14"><span class='ocrx_word' id='word_1_1' title='bbox 714 420 898 484; x_wconf 72' lang='lat' dir='ltr'><strong>‚ppr-</strong></span> 
     </span>
    </p>
   </div>
   <div class='ocr_carea' id='block_1_2' title="bbox 255 594 1343 1062">
    <p class='ocr_par' dir='ltr' id='par_1_2' title="bbox 255 594 1343 1062">
     <span class='ocr_line' id='line_1_2' title="bbox 257 594 1343 684; baseline 0.003 -20"><span class='ocrx_word' id='word_1_2' title='bbox 257 594 369 681; x_wconf 85' lang='lat' dir='ltr'><strong>ltaque</strong></span> <span class='ocrx_word' id='word_1_3' title='bbox 385 609 459 666; x_wconf 90' lang='lat' dir='ltr'><strong>ante</strong></span> <span class='ocrx_word' id='word_1_4' title='bbox 475 601 696 682; x_wconf 91' lang='lat' dir='ltr'><strong>pulsacionem</strong></span> <span class='ocrx_word' id='word_1_5' title='bbox 715 611 827 670; x_wconf 85' lang='lat' dir='ltr'><strong>octavo</strong></span> <span class='ocrx_word' id='word_1_6' title='bbox 842 605 921 668; x_wconf 90' lang='lat' dir='ltr'><strong>hore</strong></span> <span class='ocrx_word' id='word_1_7' title='bbox 945 601 976 666; x_wconf 92' lang='lat' dir='ltr'><strong>in</strong></span> <span class='ocrx_word' id='word_1_8' title='bbox 1000 601 1113 682; x_wconf 82' lang='lat' dir='ltr'><strong>hyeme</strong></span> <span class='ocrx_word' id='word_1_9' title='bbox 1136 602 1185 667; x_wconf 90' lang='lat' dir='ltr'><strong>vel</strong></span> <span class='ocrx_word' id='word_1_10' title='bbox 1207 601 1343 684; x_wconf 76' lang='lat' dir='ltr'><strong>septime</strong></span> 
     </span>
     <span class='ocr_line' id='line_1_3' title="bbox 257 698 1342 783; baseline 0.006 -23"><span class='ocrx_word' id='word_1_11' title='bbox 257 698 288 762; x_wconf 89' lang='lat' dir='ltr'><strong>in</strong></span> <span class='ocrx_word' id='word_1_12' title='bbox 312 708 425 777; x_wconf 88' lang='lat' dir='ltr'><strong>estate,</strong></span> <span class='ocrx_word' id='word_1_13' title='bbox 443 709 496 766; x_wconf 87' lang='lat' dir='ltr'><strong>aut</strong></span> <span class='ocrx_word' id='word_1_14' title='bbox 520 701 551 764; x_wconf 93' lang='lat' dir='ltr'><strong>in</strong></span> <span class='ocrx_word' id='word_1_15' title='bbox 575 702 644 783; x_wconf 88' lang='lat' dir='ltr'><strong>ipsa</strong></span> <span class='ocrx_word' id='word_1_16' title='bbox 668 703 856 783; x_wconf 90' lang='lat' dir='ltr'><strong>pulsacione</strong></span> <span class='ocrx_word' id='word_1_17' title='bbox 879 702 1011 781; x_wconf 90' lang='lat' dir='ltr'><strong>incipiat</strong></span> <span class='ocrx_word' id='word_1_18' title='bbox 1027 702 1208 776; x_wconf 86' lang='lat' dir='ltr'><strong>lectionem,</strong></span> <span class='ocrx_word' id='word_1_19' title='bbox 1226 709 1256 766; x_wconf 90' lang='lat' dir='ltr'><strong>et</strong></span> <span class='ocrx_word' id='word_1_20' title='bbox 1272 719 1342 768; x_wconf 87' lang='lat' dir='ltr'><strong>eam</strong></span> 
     </span>
     <span class='ocr_line' id='line_1_4' title="bbox 255 797 1343 884; baseline 0.004 -22"><span class='ocrx_word' id='word_1_21' title='bbox 255 797 421 862; x_wconf 75' lang='lat' dir='ltr'><strong>continuet</strong></span> <span class='ocrx_word' id='word_1_22' title='bbox 444 816 500 880; x_wconf 89' lang='lat' dir='ltr'><strong>per</strong></span> <span class='ocrx_word' id='word_1_23' title='bbox 522 799 631 864; x_wconf 91' lang='lat' dir='ltr'><strong>horam</strong></span> <span class='ocrx_word' id='word_1_24' title='bbox 660 819 732 866; x_wconf 93' lang='lat' dir='ltr'><strong>cum</strong></span> <span class='ocrx_word' id='word_1_25' title='bbox 761 803 863 866; x_wconf 86' lang='lat' dir='ltr'><strong>medin</strong></span> <span class='ocrx_word' id='word_1_26' title='bbox 891 803 1060 884; x_wconf 82' lang='lat' dir='ltr'><strong>integram.</strong></span> <span class='ocrx_word' id='word_1_27' title='bbox 1085 810 1115 864; x_wconf 90' lang='lat' dir='ltr'><strong>et</strong></span> <span class='ocrx_word' id='word_1_28' title='bbox 1143 817 1244 881; x_wconf 80' lang='lat' dir='ltr'><strong>nsque</strong></span> <span class='ocrx_word' id='word_1_29' title='bbox 1271 811 1343 882; x_wconf 89' lang='lat' dir='ltr'><strong>post</strong></span> 
     </span>
     <span class='ocr_line' id='line_1_5' title="bbox 256 896 1342 982; baseline 0.006 -22"><span class='ocrx_word' id='word_1_30' title='bbox 256 896 474 977; x_wconf 88' lang='lat' dir='ltr'><strong>pulsacionem</strong></span> <span class='ocrx_word' id='word_1_31' title='bbox 506 899 609 972; x_wconf 85' lang='lat' dir='ltr'><strong>medie</strong></span> <span class='ocrx_word' id='word_1_32' title='bbox 639 900 718 966; x_wconf 91' lang='lat' dir='ltr'><strong>hore</strong></span> <span class='ocrx_word' id='word_1_33' title='bbox 750 910 821 981; x_wconf 88' lang='lat' dir='ltr'><strong>post</strong></span> <span class='ocrx_word' id='word_1_34' title='bbox 852 917 967 966; x_wconf 87' lang='lat' dir='ltr'><strong>nonam</strong></span> <span class='ocrx_word' id='word_1_35' title='bbox 996 899 1026 964; x_wconf 94' lang='lat' dir='ltr'><strong>in</strong></span> <span class='ocrx_word' id='word_1_36' title='bbox 1054 899 1167 980; x_wconf 81' lang='lat' dir='ltr'><strong>hyeme</strong></span> <span class='ocrx_word' id='word_1_37' title='bbox 1193 899 1242 964; x_wconf 89' lang='lat' dir='ltr'><strong>vel</strong></span> <span class='ocrx_word' id='word_1_38' title='bbox 1270 910 1342 982; x_wconf 92' lang='lat' dir='ltr'><strong>post</strong></span> 
     </span>
     <span class='ocr_line' id='line_1_6' title="bbox 255 997 578 1062; baseline 0.006 -2"><span class='ocrx_word' id='word_1_39' title='bbox 255 1006 399 1061; x_wconf 88' lang='lat' dir='ltr'><strong>octavam</strong></span> <span class='ocrx_word' id='word_1_40' title='bbox 416 997 447 1060; x_wconf 91' lang='lat' dir='ltr'><strong>in</strong></span> <span class='ocrx_word' id='word_1_41' title='bbox 465 1005 578 1062; x_wconf 84' lang='lat' dir='ltr'><strong>estate.</strong></span> 
     </span>
    </p>
   </div>
   <div class='ocr_carea' id='block_1_3' title="bbox 253 1128 1341 1708">
    <p class='ocr_par' dir='ltr' id='par_1_3' title="bbox 253 1128 1341 1708">
     <span class='ocr_line' id='line_1_7' title="bbox 298 1128 1340 1212; baseline 0.004 -20"><span class='ocrx_word' id='word_1_42' title='bbox 298 1128 374 1193; x_wconf 91' lang='lat' dir='ltr'><strong>ltem</strong></span> <span class='ocrx_word' id='word_1_43' title='bbox 400 1145 457 1208; x_wconf 92' lang='lat' dir='ltr'><strong>pro</strong></span> <span class='ocrx_word' id='word_1_44' title='bbox 481 1129 684 1196; x_wconf 76' lang='lat' dir='ltr'><strong>facultatibus</strong></span> <span class='ocrx_word' id='word_1_45' title='bbox 705 1129 824 1212; x_wconf 88' lang='lat' dir='ltr'><strong>jurium</strong></span> <span class='ocrx_word' id='word_1_46' title='bbox 849 1132 993 1198; x_wconf 88' lang='lat' dir='ltr'><strong>canonici</strong></span> <span class='ocrx_word' id='word_1_47' title='bbox 1017 1141 1049 1196; x_wconf 89' lang='lat' dir='ltr'><strong>et</strong></span> <span class='ocrx_word' id='word_1_48' title='bbox 1070 1130 1174 1196; x_wconf 84' lang='lat' dir='ltr'><strong>civilis</strong></span> <span class='ocrx_word' id='word_1_49' title='bbox 1197 1131 1340 1210; x_wconf 68' lang='lat' dir='ltr'><strong>legentes</strong></span> 
     </span>
     <span class='ocr_line' id='line_1_8' title="bbox 254 1227 1341 1312; baseline 0.001 -22"><span class='ocrx_word' id='word_1_50' title='bbox 254 1227 294 1292; x_wconf 92' lang='lat' dir='ltr'><strong>de</strong></span> <span class='ocrx_word' id='word_1_51' title='bbox 311 1243 404 1292; x_wconf 90' lang='lat' dir='ltr'><strong>mane</strong></span> <span class='ocrx_word' id='word_1_52' title='bbox 424 1229 580 1294; x_wconf 88' lang='lat' dir='ltr'><strong>lectiones</strong></span> <span class='ocrx_word' id='word_1_53' title='bbox 603 1230 783 1295; x_wconf 88' lang='lat' dir='ltr'><strong>ordinarias</strong></span> <span class='ocrx_word' id='word_1_54' title='bbox 807 1231 944 1295; x_wconf 82' lang='lat' dir='ltr'><strong>debeant</strong></span> <span class='ocrx_word' id='word_1_55' title='bbox 967 1230 1104 1308; x_wconf 74' lang='lat' dir='ltr'><strong>singulis</strong></span> <span class='ocrx_word' id='word_1_56' title='bbox 1127 1229 1240 1296; x_wconf 86' lang='lat' dir='ltr'><strong>dicbus</strong></span> <span class='ocrx_word' id='word_1_57' title='bbox 1265 1229 1341 1312; x_wconf 85' lang='lat' dir='ltr'><strong>legi-</strong></span> 
     </span>
     <span class='ocr_line' id='line_1_9' title="bbox 254 1326 1339 1410; baseline 0.003 -21"><span class='ocrx_word' id='word_1_58' title='bbox 254 1326 370 1390; x_wconf 81' lang='lat' dir='ltr'><strong>bilibus</strong></span> <span class='ocrx_word' id='word_1_59' title='bbox 388 1343 515 1394; x_wconf 89' lang='lat' dir='ltr'><strong>sumere</strong></span> <span class='ocrx_word' id='word_1_60' title='bbox 531 1329 592 1394; x_wconf 89' lang='lat' dir='ltr'><strong>iter</strong></span> <span class='ocrx_word' id='word_1_61' title='bbox 608 1329 645 1394; x_wconf 88' lang='lat' dir='ltr'><strong>ad</strong></span> <span class='ocrx_word' id='word_1_62' title='bbox 663 1331 771 1395; x_wconf 84' lang='lat' dir='ltr'><strong>scolas</strong></span> <span class='ocrx_word' id='word_1_63' title='bbox 792 1332 898 1395; x_wconf 90' lang='lat' dir='ltr'><strong>statim</strong></span> <span class='ocrx_word' id='word_1_64' title='bbox 917 1341 986 1410; x_wconf 88' lang='lat' dir='ltr'><strong>post</strong></span> <span class='ocrx_word' id='word_1_65' title='bbox 1003 1339 1123 1398; x_wconf 77' lang='lat' dir='ltr'><strong>sextam</strong></span> <span class='ocrx_word' id='word_1_66' title='bbox 1141 1332 1250 1394; x_wconf 87' lang='lat' dir='ltr'><strong>horam</strong></span> <span class='ocrx_word' id='word_1_67' title='bbox 1267 1347 1339 1394; x_wconf 90' lang='lat' dir='ltr'><strong>cum</strong></span> 
     </span>
     <span class='ocr_line' id='line_1_10' title="bbox 254 1425 1339 1509; baseline 0.005 -21"><span class='ocrx_word' id='word_1_68' title='bbox 254 1425 368 1500; x_wconf 88' lang='lat' dir='ltr'><strong>media,</strong></span> <span class='ocrx_word' id='word_1_69' title='bbox 385 1434 416 1490; x_wconf 90' lang='lat' dir='ltr'><strong>et</strong></span> <span class='ocrx_word' id='word_1_70' title='bbox 439 1425 580 1508; x_wconf 81' lang='lat' dir='ltr'><strong>incipere</strong></span> <span class='ocrx_word' id='word_1_71' title='bbox 602 1429 760 1494; x_wconf 90' lang='lat' dir='ltr'><strong>lectiones</strong></span> <span class='ocrx_word' id='word_1_72' title='bbox 783 1439 857 1493; x_wconf 88' lang='lat' dir='ltr'><strong>ante</strong></span> <span class='ocrx_word' id='word_1_73' title='bbox 881 1429 985 1508; x_wconf 91' lang='lat' dir='ltr'><strong>ipsum</strong></span> <span class='ocrx_word' id='word_1_74' title='bbox 1011 1429 1136 1509; x_wconf 90' lang='lat' dir='ltr'><strong>pulsum</strong></span> <span class='ocrx_word' id='word_1_75' title='bbox 1154 1429 1202 1492; x_wconf 87' lang='lat' dir='ltr'><strong>vel</strong></span> <span class='ocrx_word' id='word_1_76' title='bbox 1220 1429 1251 1491; x_wconf 92' lang='lat' dir='ltr'><strong>in</strong></span> <span class='ocrx_word' id='word_1_77' title='bbox 1269 1429 1339 1508; x_wconf 93' lang='lat' dir='ltr'><strong>ipso</strong></span> 
     </span>
     <span class='ocr_line' id='line_1_11' title="bbox 254 1523 1340 1610; baseline 0.004 -22"><span class='ocrx_word' id='word_1_78' title='bbox 254 1523 348 1604; x_wconf 91' lang='lat' dir='ltr'><strong>pulsu</strong></span> <span class='ocrx_word' id='word_1_79' title='bbox 374 1525 510 1605; x_wconf 82' lang='lat' dir='ltr'><strong>septime</strong></span> <span class='ocrx_word' id='word_1_80' title='bbox 537 1527 628 1604; x_wconf 89' lang='lat' dir='ltr'><strong>hore,</strong></span> <span class='ocrx_word' id='word_1_81' title='bbox 656 1536 687 1592; x_wconf 88' lang='lat' dir='ltr'><strong>et</strong></span> <span class='ocrx_word' id='word_1_82' title='bbox 714 1529 800 1610; x_wconf 92' lang='lat' dir='ltr'><strong>ipsas</strong></span> <span class='ocrx_word' id='word_1_83' title='bbox 828 1528 1016 1593; x_wconf 86' lang='lat' dir='ltr'><strong>continuare</strong></span> <span class='ocrx_word' id='word_1_84' title='bbox 1047 1546 1104 1609; x_wconf 88' lang='lat' dir='ltr'><strong>per</strong></span> <span class='ocrx_word' id='word_1_85' title='bbox 1132 1529 1212 1592; x_wconf 92' lang='lat' dir='ltr'><strong>duas</strong></span> <span class='ocrx_word' id='word_1_86' title='bbox 1242 1529 1340 1592; x_wconf 88' lang='lat' dir='ltr'><strong>horas</strong></span> 
     </span>
     <span class='ocr_line' id='line_1_12' title="bbox 253 1621 1288 1708; baseline 0.012 -24"><span class='ocrx_word' id='word_1_87' title='bbox 253 1621 396 1704; x_wconf 82' lang='lat' dir='ltr'><strong>integras</strong></span> <span class='ocrx_word' id='word_1_88' title='bbox 411 1633 441 1689; x_wconf 93' lang='lat' dir='ltr'><strong>et</strong></span> <span class='ocrx_word' id='word_1_89' title='bbox 458 1642 560 1707; x_wconf 90' lang='lat' dir='ltr'><strong>usque</strong></span> <span class='ocrx_word' id='word_1_90' title='bbox 576 1636 648 1707; x_wconf 89' lang='lat' dir='ltr'><strong>post</strong></span> <span class='ocrx_word' id='word_1_91' title='bbox 665 1628 882 1708; x_wconf 88' lang='lat' dir='ltr'><strong>pulsacionem</strong></span> <span class='ocrx_word' id='word_1_92' title='bbox 899 1628 978 1693; x_wconf 90' lang='lat' dir='ltr'><strong>horo</strong></span> <span class='ocrx_word' id='word_1_93' title='bbox 994 1644 1089 1694; x_wconf 88' lang='lat' dir='ltr'><strong>none.</strong></span> <span class='ocrx_word' id='word_1_94' title='bbox 1284 1641 1288 1648; x_wconf 85' lang='lat'>&#39;</span> 
     </span>
    </p>
   </div>
   <div class='ocr_carea' id='block_1_4' title="bbox 296 1754 1460 1838">
    <p class='ocr_par' dir='ltr' id='par_1_4' title="bbox 296 1754 1460 1838">
     <span class='ocr_line' id='line_1_13' title="bbox 296 1754 1460 1838; baseline 0.005 -20"><span class='ocrx_word' id='word_1_95' title='bbox 296 1754 372 1819; x_wconf 90' lang='lat' dir='ltr'><strong>ltem</strong></span> <span class='ocrx_word' id='word_1_96' title='bbox 391 1755 534 1838; x_wconf 82' lang='lat' dir='ltr'><strong>legentes</strong></span> <span class='ocrx_word' id='word_1_97' title='bbox 552 1757 707 1824; x_wconf 89' lang='lat' dir='ltr'><strong>lectiones</strong></span> <span class='ocrx_word' id='word_1_98' title='bbox 723 1760 904 1824; x_wconf 85' lang='lat' dir='ltr'><strong>ordinarias</strong></span> <span class='ocrx_word' id='word_1_99' title='bbox 918 1759 958 1824; x_wconf 90' lang='lat' dir='ltr'><strong>de</strong></span> <span class='ocrx_word' id='word_1_100' title='bbox 973 1777 1048 1824; x_wconf 90' lang='lat' dir='ltr'><strong>sero</strong></span> <span class='ocrx_word' id='word_1_101' title='bbox 1060 1759 1196 1824; x_wconf 88' lang='lat' dir='ltr'><strong>debeant</strong></span> <span class='ocrx_word' id='word_1_102' title='bbox 1211 1775 1339 1823; x_wconf 89' lang='lat' dir='ltr'><strong>sumere</strong></span> <span class='ocrx_word' id='word_1_103' title='bbox 1458 1791 1460 1797; x_wconf 37' lang='lat' dir='ltr'>v</span> 
     </span>
    </p>
   </div>
   <div class='ocr_carea' id='block_1_5' title="bbox 168 1852 1338 3706">
    <p class='ocr_par' dir='ltr' id='par_1_5' title="bbox 168 1852 1338 3706">
     <span class='ocr_line' id='line_1_14' title="bbox 253 1852 1338 1937; baseline 0.007 -23"><span class='ocrx_word' id='word_1_104' title='bbox 253 1852 313 1918; x_wconf 93' lang='lat' dir='ltr'><strong>iter</strong></span> <span class='ocrx_word' id='word_1_105' title='bbox 343 1853 380 1917; x_wconf 86' lang='lat' dir='ltr'><strong>ad</strong></span> <span class='ocrx_word' id='word_1_106' title='bbox 412 1857 520 1920; x_wconf 88' lang='lat' dir='ltr'><strong>scolas</strong></span> <span class='ocrx_word' id='word_1_107' title='bbox 549 1858 657 1921; x_wconf 89' lang='lat' dir='ltr'><strong>statim</strong></span> <span class='ocrx_word' id='word_1_108' title='bbox 688 1869 759 1937; x_wconf 89' lang='lat' dir='ltr'><strong>post</strong></span> <span class='ocrx_word' id='word_1_109' title='bbox 790 1859 899 1923; x_wconf 90' lang='lat' dir='ltr'><strong>horam</strong></span> <span class='ocrx_word' id='word_1_110' title='bbox 931 1859 1106 1924; x_wconf 87' lang='lat' dir='ltr'><strong>secundam</strong></span> <span class='ocrx_word' id='word_1_111' title='bbox 1133 1876 1205 1923; x_wconf 91' lang='lat' dir='ltr'><strong>cum</strong></span> <span class='ocrx_word' id='word_1_112' title='bbox 1234 1858 1338 1922; x_wconf 88' lang='lat' dir='ltr'><strong>media</strong></span> 
     </span>
     <span class='ocr_line' id='line_1_15' title="bbox 253 1953 1336 2040; baseline 0.006 -24"><span class='ocrx_word' id='word_1_113' title='bbox 253 1953 422 2033; x_wconf 89' lang='lat' dir='ltr'><strong>pulsatam,</strong></span> <span class='ocrx_word' id='word_1_114' title='bbox 439 1966 470 2020; x_wconf 89' lang='lat' dir='ltr'><strong>et</strong></span> <span class='ocrx_word' id='word_1_115' title='bbox 486 1955 640 2021; x_wconf 90' lang='lat' dir='ltr'><strong>lectiones</strong></span> <span class='ocrx_word' id='word_1_116' title='bbox 657 1958 799 2039; x_wconf 90' lang='lat' dir='ltr'><strong>incipere</strong></span> <span class='ocrx_word' id='word_1_117' title='bbox 815 1969 888 2023; x_wconf 90' lang='lat' dir='ltr'><strong>ante</strong></span> <span class='ocrx_word' id='word_1_118' title='bbox 906 1963 952 2024; x_wconf 88' lang='lat' dir='ltr'><strong>vel</strong></span> <span class='ocrx_word' id='word_1_119' title='bbox 970 1961 1000 2022; x_wconf 87' lang='lat' dir='ltr'><strong>in</strong></span> <span class='ocrx_word' id='word_1_120' title='bbox 1019 1959 1110 2040; x_wconf 84' lang='lat' dir='ltr'><strong>pulsu</strong></span> <span class='ocrx_word' id='word_1_121' title='bbox 1131 1958 1230 2023; x_wconf 78' lang='lat' dir='ltr'><strong>tercie</strong></span> <span class='ocrx_word' id='word_1_122' title='bbox 1245 1958 1336 2032; x_wconf 88' lang='lat' dir='ltr'><strong>hore,</strong></span> 
     </span>
     <span class='ocr_line' id='line_1_16' title="bbox 251 2053 1336 2140; baseline 0.004 -23"><span class='ocrx_word' id='word_1_123' title='bbox 251 2063 281 2117; x_wconf 90' lang='lat' dir='ltr'><strong>et</strong></span> <span class='ocrx_word' id='word_1_124' title='bbox 305 2053 376 2118; x_wconf 85' lang='lat' dir='ltr'><strong>illas</strong></span> <span class='ocrx_word' id='word_1_125' title='bbox 398 2055 587 2120; x_wconf 87' lang='lat' dir='ltr'><strong>continuare</strong></span> <span class='ocrx_word' id='word_1_126' title='bbox 611 2073 712 2139; x_wconf 85' lang='lat' dir='ltr'><strong>usque</strong></span> <span class='ocrx_word' id='word_1_127' title='bbox 735 2060 772 2122; x_wconf 88' lang='lat' dir='ltr'><strong>ad</strong></span> <span class='ocrx_word' id='word_1_128' title='bbox 795 2069 940 2140; x_wconf 74' lang='lat' dir='ltr'><strong>quautam</strong></span> <span class='ocrx_word' id='word_1_129' title='bbox 957 2077 1028 2124; x_wconf 93' lang='lat' dir='ltr'><strong>cum</strong></span> <span class='ocrx_word' id='word_1_130' title='bbox 1047 2059 1149 2123; x_wconf 86' lang='lat' dir='ltr'><strong>media</strong></span> <span class='ocrx_word' id='word_1_131' title='bbox 1167 2058 1336 2140; x_wconf 83' lang='lat' dir='ltr'><strong>pulsatam.</strong></span> 
     </span>
     <span class='ocr_line' id='line_1_17' title="bbox 253 2150 1337 2240; baseline 0.008 -28"><span class='ocrx_word' id='word_1_132' title='bbox 253 2150 374 2232; x_wconf 77' lang='lat' dir='ltr'><strong>legens</strong></span> <span class='ocrx_word' id='word_1_133' title='bbox 391 2171 467 2218; x_wconf 88' lang='lat' dir='ltr'><strong>vero</strong></span> <span class='ocrx_word' id='word_1_134' title='bbox 486 2153 706 2221; x_wconf 85' lang='lat' dir='ltr'><strong>institutiones</strong></span> <span class='ocrx_word' id='word_1_135' title='bbox 724 2157 886 2222; x_wconf 87' lang='lat' dir='ltr'><strong>incohabit</strong></span> <span class='ocrx_word' id='word_1_136' title='bbox 902 2159 1072 2223; x_wconf 82' lang='lat' dir='ltr'><strong>lectionem</strong></span> <span class='ocrx_word' id='word_1_137' title='bbox 1094 2160 1125 2222; x_wconf 91' lang='lat' dir='ltr'><strong>in</strong></span> <span class='ocrx_word' id='word_1_138' title='bbox 1151 2157 1337 2240; x_wconf 87' lang='lat' dir='ltr'><strong>pulsaoione</strong></span> 
     </span>
     <span class='ocr_line' id='line_1_18' title="bbox 251 2251 1333 2337; baseline 0.004 -23"><span class='ocrx_word' id='word_1_139' title='bbox 251 2251 330 2317; x_wconf 92' lang='lat' dir='ltr'><strong>hore</strong></span> <span class='ocrx_word' id='word_1_140' title='bbox 354 2253 454 2333; x_wconf 90' lang='lat' dir='ltr'><strong>prime</strong></span> <span class='ocrx_word' id='word_1_141' title='bbox 477 2263 549 2335; x_wconf 91' lang='lat' dir='ltr'><strong>post</strong></span> <span class='ocrx_word' id='word_1_142' title='bbox 573 2256 749 2330; x_wconf 83' lang='lat' dir='ltr'><strong>meridiem,</strong></span> <span class='ocrx_word' id='word_1_143' title='bbox 766 2266 797 2322; x_wconf 89' lang='lat' dir='ltr'><strong>et</strong></span> <span class='ocrx_word' id='word_1_144' title='bbox 820 2274 888 2321; x_wconf 91' lang='lat' dir='ltr'><strong>enm</strong></span> <span class='ocrx_word' id='word_1_145' title='bbox 912 2258 1109 2322; x_wconf 79' lang='lat' dir='ltr'><strong>continuabit</strong></span> <span class='ocrx_word' id='word_1_146' title='bbox 1132 2268 1204 2337; x_wconf 87' lang='lat' dir='ltr'><strong>post</strong></span> <span class='ocrx_word' id='word_1_147' title='bbox 1223 2257 1333 2322; x_wconf 90' lang='lat' dir='ltr'><strong>horam</strong></span> 
     </span>
     <span class='ocr_line' id='line_1_19' title="bbox 250 2352 1334 2436; baseline 0.004 -22"><span class='ocrx_word' id='word_1_148' title='bbox 250 2367 321 2414; x_wconf 92' lang='lat' dir='ltr'><strong>cum</strong></span> <span class='ocrx_word' id='word_1_149' title='bbox 347 2352 449 2416; x_wconf 90' lang='lat' dir='ltr'><strong>media</strong></span> <span class='ocrx_word' id='word_1_150' title='bbox 474 2356 635 2434; x_wconf 83' lang='lat' dir='ltr'><strong>usquead</strong></span> <span class='ocrx_word' id='word_1_151' title='bbox 659 2355 738 2420; x_wconf 88' lang='lat' dir='ltr'><strong>duas</strong></span> <span class='ocrx_word' id='word_1_152' title='bbox 761 2356 858 2419; x_wconf 87' lang='lat' dir='ltr'><strong>horas</strong></span> <span class='ocrx_word' id='word_1_153' title='bbox 881 2373 953 2420; x_wconf 91' lang='lat' dir='ltr'><strong>cnm</strong></span> <span class='ocrx_word' id='word_1_154' title='bbox 978 2356 1099 2432; x_wconf 90' lang='lat' dir='ltr'><strong>media;</strong></span> <span class='ocrx_word' id='word_1_155' title='bbox 1116 2365 1148 2421; x_wconf 89' lang='lat' dir='ltr'><strong>et</strong></span> <span class='ocrx_word' id='word_1_156' title='bbox 1164 2356 1247 2436; x_wconf 80' lang='lat' dir='ltr'><strong>leget</strong></span> <span class='ocrx_word' id='word_1_157' title='bbox 1263 2357 1334 2418; x_wconf 87' lang='lat' dir='ltr'><strong>sine</strong></span> 
     </span>
     <span class='ocr_line' id='line_1_20' title="bbox 248 2449 1334 2536; baseline 0.006 -24"><span class='ocrx_word' id='word_1_158' title='bbox 248 2449 382 2524; x_wconf 87' lang='lat' dir='ltr'><strong>calamo,</strong></span> <span class='ocrx_word' id='word_1_159' title='bbox 405 2449 597 2518; x_wconf 87' lang='lat' dir='ltr'><strong>declarando</strong></span> <span class='ocrx_word' id='word_1_160' title='bbox 621 2455 785 2519; x_wconf 91' lang='lat' dir='ltr'><strong>succincte</strong></span> <span class='ocrx_word' id='word_1_161' title='bbox 804 2463 924 2519; x_wconf 83' lang='lat' dir='ltr'><strong>textum</strong></span> <span class='ocrx_word' id='word_1_162' title='bbox 945 2465 977 2520; x_wconf 89' lang='lat' dir='ltr'><strong>et</strong></span> <span class='ocrx_word' id='word_1_163' title='bbox 998 2457 1119 2536; x_wconf 80' lang='lat' dir='ltr'><strong>glosas,</strong></span> <span class='ocrx_word' id='word_1_164' title='bbox 1142 2452 1334 2519; x_wconf 89' lang='lat' dir='ltr'><strong>resolvendo</strong></span> 
     </span>
     <span class='ocr_line' id='line_1_21' title="bbox 250 2549 1334 2635; baseline 0.005 -24"><span class='ocrx_word' id='word_1_165' title='bbox 250 2549 400 2614; x_wconf 88' lang='lat' dir='ltr'><strong>materias</strong></span> <span class='ocrx_word' id='word_1_166' title='bbox 431 2568 486 2633; x_wconf 89' lang='lat' dir='ltr'><strong>per</strong></span> <span class='ocrx_word' id='word_1_167' title='bbox 516 2554 744 2618; x_wconf 86' lang='lat' dir='ltr'><strong>conclusiones</strong></span> <span class='ocrx_word' id='word_1_168' title='bbox 773 2554 895 2634; x_wconf 83' lang='lat' dir='ltr'><strong>absone</strong></span> <span class='ocrx_word' id='word_1_169' title='bbox 922 2554 1258 2635; x_wconf 80' lang='lat' dir='ltr'><strong>argumentaoionibus</strong></span> <span class='ocrx_word' id='word_1_170' title='bbox 1285 2552 1334 2618; x_wconf 92' lang='lat' dir='ltr'><strong>vel</strong></span> 
     </span>
     <span class='ocr_line' id='line_1_22' title="bbox 168 2649 1335 2736; baseline 0.005 -26"><span class='ocrx_word' id='word_1_171' title='bbox 168 2719 175 2736; x_wconf 31' lang='lat'>⁸</span> <span class='ocrx_word' id='word_1_172' title='bbox 248 2649 526 2730; x_wconf 86' lang='lat' dir='ltr'><strong>disputacionibus</strong></span> <span class='ocrx_word' id='word_1_173' title='bbox 544 2652 679 2732; x_wconf 84' lang='lat' dir='ltr'><strong>magnis,</strong></span> <span class='ocrx_word' id='word_1_174' title='bbox 691 2669 731 2718; x_wconf 92' lang='lat' dir='ltr'><strong>ne</strong></span> <span class='ocrx_word' id='word_1_175' title='bbox 743 2653 908 2718; x_wconf 79' lang='lat' dir='ltr'><strong>auditores</strong></span> <span class='ocrx_word' id='word_1_176' title='bbox 921 2653 1038 2718; x_wconf 85' lang='lat' dir='ltr'><strong>novelli</strong></span> <span class='ocrx_word' id='word_1_177' title='bbox 1054 2653 1147 2717; x_wconf 91' lang='lat' dir='ltr'><strong>nimis</strong></span> <span class='ocrx_word' id='word_1_178' title='bbox 1159 2661 1335 2717; x_wconf 87' lang='lat' dir='ltr'><strong>onerentur</strong></span> 
     </span>
     <span class='ocr_line' id='line_1_23' title="bbox 248 2749 1335 2832; baseline 0.006 -22"><span class='ocrx_word' id='word_1_179' title='bbox 248 2757 280 2810; x_wconf 88' lang='lat' dir='ltr'><strong>et</strong></span> <span class='ocrx_word' id='word_1_180' title='bbox 307 2749 419 2814; x_wconf 91' lang='lat' dir='ltr'><strong>melior</strong></span> <span class='ocrx_word' id='word_1_181' title='bbox 446 2749 501 2814; x_wconf 85' lang='lat' dir='ltr'><strong>hat</strong></span> <span class='ocrx_word' id='word_1_182' title='bbox 528 2767 720 2830; x_wconf 87' lang='lat' dir='ltr'><strong>processus;</strong></span> <span class='ocrx_word' id='word_1_183' title='bbox 749 2753 791 2817; x_wconf 91' lang='lat' dir='ltr'><strong>ita</strong></span> <span class='ocrx_word' id='word_1_184' title='bbox 820 2764 851 2817; x_wconf 95' lang='lat' dir='ltr'><strong>ut</strong></span> <span class='ocrx_word' id='word_1_185' title='bbox 878 2755 909 2816; x_wconf 92' lang='lat' dir='ltr'><strong>in</strong></span> <span class='ocrx_word' id='word_1_186' title='bbox 937 2752 1063 2818; x_wconf 89' lang='lat' dir='ltr'><strong>dnobus</strong></span> <span class='ocrx_word' id='word_1_187' title='bbox 1089 2751 1181 2815; x_wconf 88' lang='lat' dir='ltr'><strong>annis</strong></span> <span class='ocrx_word' id='word_1_188' title='bbox 1211 2752 1335 2832; x_wconf 85' lang='lat' dir='ltr'><strong>integre</strong></span> 
     </span>
     <span class='ocr_line' id='line_1_24' title="bbox 251 2845 1332 2932; baseline 0.007 -25"><span class='ocrx_word' id='word_1_189' title='bbox 251 2845 471 2911; x_wconf 89' lang='lat' dir='ltr'><strong>institutiones</strong></span> <span class='ocrx_word' id='word_1_190' title='bbox 501 2849 608 2928; x_wconf 80' lang='lat' dir='ltr'><strong>legere</strong></span> <span class='ocrx_word' id='word_1_191' title='bbox 635 2851 748 2929; x_wconf 88' lang='lat' dir='ltr'><strong>possit.</strong></span> <span class='ocrx_word' id='word_1_192' title='bbox 778 2851 867 2914; x_wconf 81' lang='lat' dir='ltr'><strong>Etsi</strong></span> <span class='ocrx_word' id='word_1_193' title='bbox 894 2866 1094 2932; x_wconf 83' lang='lat' dir='ltr'><strong>quacumque</strong></span> <span class='ocrx_word' id='word_1_194' title='bbox 1124 2865 1232 2923; x_wconf 78' lang='lat' dir='ltr'><strong>causa,</strong></span> <span class='ocrx_word' id='word_1_195' title='bbox 1261 2867 1332 2930; x_wconf 87' lang='lat' dir='ltr'><strong>pre·</strong></span> 
     </span>
     <span class='ocr_line' id='line_1_25' title="bbox 250 2945 1330 3030; baseline 0.006 -23"><span class='ocrx_word' id='word_1_196' title='bbox 250 2952 393 3024; x_wconf 83' lang='lat' dir='ltr'><strong>terquam</strong></span> <span class='ocrx_word' id='word_1_197' title='bbox 424 2945 618 3010; x_wconf 81' lang='lat' dir='ltr'><strong>infirmitatis</strong></span> <span class='ocrx_word' id='word_1_198' title='bbox 647 2957 701 3010; x_wconf 88' lang='lat' dir='ltr'><strong>aut</strong></span> <span class='ocrx_word' id='word_1_199' title='bbox 730 2949 874 3014; x_wconf 88' lang='lat' dir='ltr'><strong>absentie</strong></span> <span class='ocrx_word' id='word_1_200' title='bbox 903 2951 943 3014; x_wconf 93' lang='lat' dir='ltr'><strong>de</strong></span> <span class='ocrx_word' id='word_1_201' title='bbox 972 2949 1065 3030; x_wconf 85' lang='lat' dir='ltr'><strong>jussu</strong></span> <span class='ocrx_word' id='word_1_202' title='bbox 1097 2948 1330 3025; x_wconf 87' lang='lat' dir='ltr'><strong>Universitatis‚</strong></span> 
     </span>
     <span class='ocr_line' id='line_1_26' title="bbox 247 3043 1332 3129; baseline 0.006 -23"><span class='ocrx_word' id='word_1_203' title='bbox 247 3043 398 3108; x_wconf 89' lang='lat' dir='ltr'><strong>doctores</strong></span> <span class='ocrx_word' id='word_1_204' title='bbox 436 3045 579 3124; x_wconf 83' lang='lat' dir='ltr'><strong>legentes</strong></span> <span class='ocrx_word' id='word_1_205' title='bbox 609 3046 763 3112; x_wconf 86' lang='lat' dir='ltr'><strong>desierint</strong></span> <span class='ocrx_word' id='word_1_206' title='bbox 792 3048 953 3129; x_wconf 86' lang='lat' dir='ltr'><strong>aliquibus</strong></span> <span class='ocrx_word' id='word_1_207' title='bbox 984 3048 1098 3114; x_wconf 89' lang='lat' dir='ltr'><strong>diebus</strong></span> <span class='ocrx_word' id='word_1_208' title='bbox 1128 3047 1246 3128; x_wconf 78' lang='lat' dir='ltr'><strong>legere,</strong></span> <span class='ocrx_word' id='word_1_209' title='bbox 1278 3047 1332 3112; x_wconf 87' lang='lat' dir='ltr'><strong>hat</strong></span> 
     </span>
     <span class='ocr_line' id='line_1_27' title="bbox 246 3142 1329 3228; baseline 0.004 -22"><span class='ocrx_word' id='word_1_210' title='bbox 246 3142 407 3207; x_wconf 86' lang='lat' dir='ltr'><strong>detraccio</strong></span> <span class='ocrx_word' id='word_1_211' title='bbox 420 3144 460 3208; x_wconf 91' lang='lat' dir='ltr'><strong>de</strong></span> <span class='ocrx_word' id='word_1_212' title='bbox 476 3144 645 3223; x_wconf 88' lang='lat' dir='ltr'><strong>stipendiis</strong></span> <span class='ocrx_word' id='word_1_213' title='bbox 658 3146 698 3210; x_wconf 94' lang='lat' dir='ltr'><strong>de</strong></span> <span class='ocrx_word' id='word_1_214' title='bbox 716 3155 802 3210; x_wconf 91' lang='lat' dir='ltr'><strong>tanto</strong></span> <span class='ocrx_word' id='word_1_215' title='bbox 816 3157 967 3228; x_wconf 82' lang='lat' dir='ltr'><strong>quantum</strong></span> <span class='ocrx_word' id='word_1_216' title='bbox 982 3148 1160 3212; x_wconf 91' lang='lat' dir='ltr'><strong>ascendunt</strong></span> <span class='ocrx_word' id='word_1_217' title='bbox 1171 3146 1329 3227; x_wconf 87' lang='lat' dir='ltr'><strong>stipendia</strong></span> 
     </span>
     <span class='ocr_line' id='line_1_28' title="bbox 246 3241 1330 3324; baseline 0.006 -21"><span class='ocrx_word' id='word_1_218' title='bbox 246 3249 277 3304; x_wconf 88' lang='lat' dir='ltr'><strong>et</strong></span> <span class='ocrx_word' id='word_1_219' title='bbox 293 3241 416 3304; x_wconf 82' lang='lat' dir='ltr'><strong>tructus</strong></span> <span class='ocrx_word' id='word_1_220' title='bbox 433 3243 594 3318; x_wconf 87' lang='lat' dir='ltr'><strong>prebende</strong></span> <span class='ocrx_word' id='word_1_221' title='bbox 611 3261 669 3324; x_wconf 91' lang='lat' dir='ltr'><strong>pro</strong></span> <span class='ocrx_word' id='word_1_222' title='bbox 684 3245 810 3309; x_wconf 91' lang='lat' dir='ltr'><strong>duobus</strong></span> <span class='ocrx_word' id='word_1_223' title='bbox 833 3245 964 3322; x_wconf 87' lang='lat' dir='ltr'><strong>diebus;</strong></span> <span class='ocrx_word' id='word_1_224' title='bbox 989 3255 1020 3310; x_wconf 89' lang='lat' dir='ltr'><strong>et</strong></span> <span class='ocrx_word' id='word_1_225' title='bbox 1041 3263 1125 3318; x_wconf 87' lang='lat' dir='ltr'><strong>cum,</strong></span> <span class='ocrx_word' id='word_1_226' title='bbox 1147 3245 1330 3310; x_wconf 77' lang='lat' dir='ltr'><strong>infirmitate</strong></span> 
     </span>
     <span class='ocr_line' id='line_1_29' title="bbox 245 3339 1329 3426; baseline 0.006 -25"><span class='ocrx_word' id='word_1_227' title='bbox 245 3340 293 3403; x_wconf 86' lang='lat' dir='ltr'><strong>vel</strong></span> <span class='ocrx_word' id='word_1_228' title='bbox 321 3339 464 3404; x_wconf 88' lang='lat' dir='ltr'><strong>absentia</strong></span> <span class='ocrx_word' id='word_1_229' title='bbox 488 3341 580 3420; x_wconf 90' lang='lat' dir='ltr'><strong>jussu</strong></span> <span class='ocrx_word' id='word_1_230' title='bbox 611 3343 832 3408; x_wconf 85' lang='lat' dir='ltr'><strong>l&#39;niversitatis</strong></span> <span class='ocrx_word' id='word_1_231' title='bbox 857 3345 1073 3425; x_wconf 81' lang='lat' dir='ltr'><strong>contingente.</strong></span> <span class='ocrx_word' id='word_1_232' title='bbox 1094 3346 1202 3426; x_wconf 80' lang='lat' dir='ltr'><strong>legere</strong></span> <span class='ocrx_word' id='word_1_233' title='bbox 1228 3345 1329 3410; x_wconf 90' lang='lat' dir='ltr'><strong>obmi-</strong></span> 
     </span>
     <span class='ocr_line' id='line_1_30' title="bbox 244 3439 1327 3520; baseline 0.006 -18"><span class='ocrx_word' id='word_1_234' title='bbox 244 3439 355 3514; x_wconf 89' lang='lat' dir='ltr'><strong>serint‚</strong></span> <span class='ocrx_word' id='word_1_235' title='bbox 398 3440 617 3520; x_wconf 80' lang='lat' dir='ltr'><strong>subrogabuut</strong></span> <span class='ocrx_word' id='word_1_236' title='bbox 663 3441 888 3507; x_wconf 86' lang='lat' dir='ltr'><strong>nichilominus</strong></span> <span class='ocrx_word' id='word_1_237' title='bbox 932 3446 1030 3508; x_wconf 91' lang='lat' dir='ltr'><strong>alium</strong></span> <span class='ocrx_word' id='word_1_238' title='bbox 1072 3445 1237 3509; x_wconf 89' lang='lat' dir='ltr'><strong>doctorem</strong></span> <span class='ocrx_word' id='word_1_239' title='bbox 1278 3445 1327 3508; x_wconf 89' lang='lat' dir='ltr'><strong>vel</strong></span> 
     </span>
     <span class='ocr_line' id='line_1_31' title="bbox 243 3538 1327 3625; baseline 0.007 -25"><span class='ocrx_word' id='word_1_240' title='bbox 243 3538 438 3603; x_wconf 85' lang='lat' dir='ltr'><strong>licentiatum</strong></span> <span class='ocrx_word' id='word_1_241' title='bbox 465 3539 615 3604; x_wconf 91' lang='lat' dir='ltr'><strong>idoneum</strong></span> <span class='ocrx_word' id='word_1_242' title='bbox 641 3541 701 3604; x_wconf 93' lang='lat' dir='ltr'><strong>sub</strong></span> <span class='ocrx_word' id='word_1_243' title='bbox 729 3558 829 3621; x_wconf 88' lang='lat' dir='ltr'><strong>poena</strong></span> <span class='ocrx_word' id='word_1_244' title='bbox 862 3543 1057 3622; x_wconf 88' lang='lat' dir='ltr'><strong>perdicionis</strong></span> <span class='ocrx_word' id='word_1_245' title='bbox 1087 3543 1237 3625; x_wconf 77' lang='lat' dir='ltr'><strong>stipendi]</strong></span> <span class='ocrx_word' id='word_1_246' title='bbox 1270 3560 1327 3624; x_wconf 93' lang='lat' dir='ltr'><strong>pro</strong></span> 
     </span>
     <span class='ocr_line' id='line_1_32' title="bbox 243 3637 384 3706; baseline 0 -6"><span class='ocrx_word' id='word_1_247' title='bbox 243 3637 384 3706; x_wconf 88' lang='lat' dir='ltr'><strong>unodie.</strong></span> 
     </span>
    </p>
   </div>
   <div class='ocr_carea' id='block_1_6' title="bbox 237 3769 1327 4350">
    <p class='ocr_par' dir='ltr' id='par_1_6' title="bbox 237 3769 1327 4350">
     <span class='ocr_line' id='line_1_33' title="bbox 284 3769 1327 3856; baseline 0.011 -26"><span class='ocrx_word' id='word_1_248' title='bbox 284 3769 319 3831; x_wconf 82' lang='lat' dir='ltr'><strong>Et</strong></span> <span class='ocrx_word' id='word_1_249' title='bbox 349 3769 456 3849; x_wconf 84' lang='lat' dir='ltr'><strong>legent</strong></span> <span class='ocrx_word' id='word_1_250' title='bbox 480 3769 632 3835; x_wconf 90' lang='lat' dir='ltr'><strong>doctores</strong></span> <span class='ocrx_word' id='word_1_251' title='bbox 662 3771 804 3852; x_wconf 82' lang='lat' dir='ltr'><strong>legentes</strong></span> <span class='ocrx_word' id='word_1_252' title='bbox 831 3773 1024 3838; x_wconf 88' lang='lat' dir='ltr'><strong>ordinariam</strong></span> <span class='ocrx_word' id='word_1_253' title='bbox 1049 3774 1132 3856; x_wconf 83' lang='lat' dir='ltr'><strong>juris</strong></span> <span class='ocrx_word' id='word_1_254' title='bbox 1157 3774 1260 3838; x_wconf 90' lang='lat' dir='ltr'><strong>civilis</strong></span> <span class='ocrx_word' id='word_1_255' title='bbox 1286 3775 1327 3841; x_wconf 89' lang='lat' dir='ltr'><strong>de</strong></span> 
     </span>
     <span class='ocr_line' id='line_1_34' title="bbox 242 3867 1326 3955; baseline 0.01 -28"><span class='ocrx_word' id='word_1_256' title='bbox 242 3882 333 3930; x_wconf 88' lang='lat' dir='ltr'><strong>mnne</strong></span> <span class='ocrx_word' id='word_1_257' title='bbox 370 3867 569 3934; x_wconf 85' lang='lat' dir='ltr'><strong>alternativis</strong></span> <span class='ocrx_word' id='word_1_258' title='bbox 605 3869 699 3934; x_wconf 91' lang='lat' dir='ltr'><strong>annis</strong></span> <span class='ocrx_word' id='word_1_259' title='bbox 730 3871 760 3932; x_wconf 92' lang='lat' dir='ltr'><strong>in</strong></span> <span class='ocrx_word' id='word_1_260' title='bbox 800 3871 912 3952; x_wconf 89' lang='lat' dir='ltr'><strong>primis</strong></span> <span class='ocrx_word' id='word_1_261' title='bbox 942 3882 973 3936; x_wconf 86' lang='lat' dir='ltr'><strong>et</strong></span> <span class='ocrx_word' id='word_1_262' title='bbox 1001 3874 1152 3938; x_wconf 88' lang='lat' dir='ltr'><strong>secundis</strong></span> <span class='ocrx_word' id='word_1_263' title='bbox 1183 3874 1326 3955; x_wconf 89' lang='lat' dir='ltr'><strong>partibus</strong></span> 
     </span>
     <span class='ocr_line' id='line_1_35' title="bbox 242 3963 1323 4054; baseline 0.009 -28"><span class='ocrx_word' id='word_1_264' title='bbox 242 3963 361 4046; x_wconf 75' lang='lat' dir='ltr'><strong>digesti</strong></span> <span class='ocrx_word' id='word_1_265' title='bbox 389 3967 508 4031; x_wconf 82' lang='lat' dir='ltr'><strong>veteris</strong></span> <span class='ocrx_word' id='word_1_266' title='bbox 534 3978 565 4032; x_wconf 89' lang='lat' dir='ltr'><strong>et</strong></span> <span class='ocrx_word' id='word_1_267' title='bbox 591 3968 720 4034; x_wconf 86' lang='lat' dir='ltr'><strong>Codicis</strong></span> <span class='ocrx_word' id='word_1_268' title='bbox 748 3993 755 4033; x_wconf 75' lang='grc' dir='ltr'><strong>ι</strong></span> <span class='ocrx_word' id='word_1_269' title='bbox 785 3989 847 4034; x_wconf 91' lang='lat' dir='ltr'><strong>uun</strong></span> <span class='ocrx_word' id='word_1_270' title='bbox 875 3970 1023 4054; x_wconf 85' lang='lat' dir='ltr'><strong>videlieet</strong></span> <span class='ocrx_word' id='word_1_271' title='bbox 1051 3989 1135 4037; x_wconf 91' lang='lat' dir='ltr'><strong>anno</strong></span> <span class='ocrx_word' id='word_1_272' title='bbox 1164 3974 1194 4036; x_wconf 93' lang='lat' dir='ltr'><strong>in</strong></span> <span class='ocrx_word' id='word_1_273' title='bbox 1226 3973 1323 4052; x_wconf 92' lang='lat' dir='ltr'><strong>prima</strong></span> 
     </span>
     <span class='ocr_line' id='line_1_36' title="bbox 238 4065 1323 4154; baseline 0.009 -28"><span class='ocrx_word' id='word_1_274' title='bbox 238 4072 327 4144; x_wconf 85' lang='lat' dir='ltr'><strong>parte</strong></span> <span class='ocrx_word' id='word_1_275' title='bbox 355 4065 473 4146; x_wconf 84' lang='lat' dir='ltr'><strong>Digesti</strong></span> <span class='ocrx_word' id='word_1_276' title='bbox 501 4069 632 4142; x_wconf 87' lang='lat' dir='ltr'><strong>veteris,</strong></span> <span class='ocrx_word' id='word_1_277' title='bbox 661 4085 745 4133; x_wconf 80' lang='lat' dir='ltr'><strong>atino</strong></span> <span class='ocrx_word' id='word_1_278' title='bbox 771 4069 953 4136; x_wconf 87' lang='lat' dir='ltr'><strong>immediate</strong></span> <span class='ocrx_word' id='word_1_279' title='bbox 980 4083 1136 4154; x_wconf 84' lang='lat' dir='ltr'><strong>sequente</strong></span> <span class='ocrx_word' id='word_1_280' title='bbox 1163 4073 1193 4136; x_wconf 94' lang='lat' dir='ltr'><strong>in</strong></span> <span class='ocrx_word' id='word_1_281' title='bbox 1222 4072 1323 4153; x_wconf 88' lang='lat' dir='ltr'><strong>prima</strong></span> 
     </span>
     <span class='ocr_line' id='line_1_37' title="bbox 238 4163 1319 4254; baseline 0.007 -28"><span class='ocrx_word' id='word_1_282' title='bbox 238 4172 329 4243; x_wconf 86' lang='lat' dir='ltr'><strong>parte</strong></span> <span class='ocrx_word' id='word_1_283' title='bbox 354 4163 499 4240; x_wconf 87' lang='lat' dir='ltr'><strong>Codicis;</strong></span> <span class='ocrx_word' id='word_1_284' title='bbox 523 4166 724 4232; x_wconf 86' lang='lat' dir='ltr'><strong>alternando</strong></span> <span class='ocrx_word' id='word_1_285' title='bbox 741 4168 771 4253; x_wconf 18' lang='lat' dir='ltr'><strong>iun</strong></span> <span class='ocrx_word' id='word_1_286' title='bbox 788 4170 930 4233; x_wconf 89' lang='lat' dir='ltr'><strong>secunda</strong></span> <span class='ocrx_word' id='word_1_287' title='bbox 948 4180 1037 4252; x_wconf 87' lang='lat' dir='ltr'><strong>parte</strong></span> <span class='ocrx_word' id='word_1_288' title='bbox 1056 4172 1172 4254; x_wconf 80' lang='lat' dir='ltr'><strong>bigesti</strong></span> <span class='ocrx_word' id='word_1_289' title='bbox 1190 4171 1319 4246; x_wconf 88' lang='lat' dir='ltr'><strong>veteris,</strong></span> 
     </span>
     <span class='ocr_line' id='line_1_38' title="bbox 237 4262 973 4350; baseline 0.01 -24"><span class='ocrx_word' id='word_1_290' title='bbox 237 4269 267 4328; x_wconf 89' lang='lat' dir='ltr'><strong>et</strong></span> <span class='ocrx_word' id='word_1_291' title='bbox 283 4262 409 4346; x_wconf 89' lang='lat' dir='ltr'><strong>reliquo</strong></span> <span class='ocrx_word' id='word_1_292' title='bbox 424 4279 507 4330; x_wconf 92' lang='lat' dir='ltr'><strong>anno</strong></span> <span class='ocrx_word' id='word_1_293' title='bbox 523 4265 555 4328; x_wconf 92' lang='lat' dir='ltr'><strong>in</strong></span> <span class='ocrx_word' id='word_1_294' title='bbox 572 4267 714 4332; x_wconf 89' lang='lat' dir='ltr'><strong>secunda</strong></span> <span class='ocrx_word' id='word_1_295' title='bbox 730 4276 820 4350; x_wconf 88' lang='lat' dir='ltr'><strong>parte</strong></span> <span class='ocrx_word' id='word_1_296' title='bbox 834 4266 973 4336; x_wconf 87' lang='lat' dir='ltr'><strong>Codicis.</strong></span> 
     </span>
    </p>
   </div>
   <div class='ocr_carea' id='block_1_7' title="bbox 0 0 1616 4944">
    <p class='ocr_par' dir='ltr' id='par_1_7' title="bbox 0 0 1616 4944">
     <span class='ocr_line' id='line_1_39' title="bbox 0 0 1616 4944; baseline 0 6"><span class='ocrx_word' id='word_1_297' title='bbox 0 0 1616 4944; x_wconf 95' lang='lat' dir='ltr'><strong> </strong></span> 
     </span>
    </p>
   </div>
  </div>
 </body>
</html>
