<?xml version="1.0" encoding="UTF-8"?>
<!DOCTYPE html PUBLIC "-//W3C//DTD XHTML 1.0 Transitional//EN"
    "http://www.w3.org/TR/xhtml1/DTD/xhtml1-transitional.dtd">
<html xmlns="http://www.w3.org/1999/xhtml" xml:lang="en" lang="en">
 <head>
  <title>
</title>
<meta http-equiv="Content-Type" content="text/html;charset=utf-8" />
  <meta name='ocr-system' content='tesseract 3.04.00' />
  <meta name='ocr-capabilities' content='ocr_page ocr_carea ocr_par ocr_line ocrx_word'/>
</head>
<body>
  <div class='ocr_page' id='page_1' title='image "./documentsrelati00reusgoog_0166.png"; bbox 0 0 3100 4942; ppageno 0'>
   <div class='ocr_carea' id='block_1_1' title="bbox 746 482 932 548">
    <p class='ocr_par' dir='ltr' id='par_1_1' title="bbox 746 482 932 548">
     <span class='ocr_line' id='line_1_1' title="bbox 746 482 932 548; baseline -0.005 -18"><span class='ocrx_word' id='word_1_1' title='bbox 746 482 932 548; x_wconf 69' lang='lat'>..154-</span> 
     </span>
    </p>
   </div>
   <div class='ocr_carea' id='block_1_2' title="bbox 291 661 1396 4014">
    <p class='ocr_par' dir='ltr' id='par_1_2' title="bbox 291 661 1387 2315">
     <span class='ocr_line' id='line_1_2' title="bbox 341 661 1386 745; baseline 0.001 -18"><span class='ocrx_word' id='word_1_2' title='bbox 341 663 441 730; x_wconf 88' lang='lat' dir='ltr'><strong>Paulo</strong></span> <span class='ocrx_word' id='word_1_3' title='bbox 457 672 542 745; x_wconf 90' lang='lat' dir='ltr'><strong>post,</strong></span> <span class='ocrx_word' id='word_1_4' title='bbox 555 663 658 745; x_wconf 78' lang='lat' dir='ltr'><strong>pridie</strong></span> <span class='ocrx_word' id='word_1_5' title='bbox 672 661 854 730; x_wconf 79' lang='lat' dir='ltr'><strong>dominicae</strong></span> <span class='ocrx_word' id='word_1_6' title='bbox 869 663 1061 738; x_wconf 83' lang='lat' dir='ltr'><strong>Palmarum,</strong></span> <span class='ocrx_word' id='word_1_7' title='bbox 1076 661 1170 744; x_wconf 88' lang='lat' dir='ltr'><strong>primi</strong></span> <span class='ocrx_word' id='word_1_8' title='bbox 1185 663 1333 728; x_wconf 89' lang='lat' dir='ltr'><strong>canonici</strong></span> <span class='ocrx_word' id='word_1_9' title='bbox 1351 663 1386 728; x_wconf 92' lang='lat' dir='ltr'><strong>in</strong></span> 
     </span>
     <span class='ocr_line' id='line_1_3' title="bbox 300 761 1386 844; baseline -0.003 -16"><span class='ocrx_word' id='word_1_10' title='bbox 300 761 543 844; x_wconf 88' lang='lat' dir='ltr'><strong>possessionem</strong></span> <span class='ocrx_word' id='word_1_11' title='bbox 566 761 656 828; x_wconf 88' lang='lat' dir='ltr'><strong>missi</strong></span> <span class='ocrx_word' id='word_1_12' title='bbox 679 771 766 828; x_wconf 86' lang='lat' dir='ltr'><strong>suut.</strong></span> <span class='ocrx_word' id='word_1_13' title='bbox 784 762 824 826; x_wconf 89' lang='lat' dir='ltr'><strong>Ut</strong></span> <span class='ocrx_word' id='word_1_14' title='bbox 845 772 953 828; x_wconf 89' lang='lat' dir='ltr'><strong>certus</strong></span> <span class='ocrx_word' id='word_1_15' title='bbox 975 771 1111 827; x_wconf 88' lang='lat' dir='ltr'><strong>conatus</strong></span> <span class='ocrx_word' id='word_1_16' title='bbox 1134 769 1232 837; x_wconf 86' lang='lat' dir='ltr'><strong>esset,</strong></span> <span class='ocrx_word' id='word_1_17' title='bbox 1250 777 1386 842; x_wconf 89' lang='lat' dir='ltr'><strong>persua-</strong></span> 
     </span>
     <span class='ocr_line' id='line_1_4' title="bbox 297 859 1383 943; baseline -0.002 -17"><span class='ocrx_word' id='word_1_18' title='bbox 297 878 372 926; x_wconf 87' lang='lat' dir='ltr'><strong>sum</strong></span> <span class='ocrx_word' id='word_1_19' title='bbox 388 861 421 926; x_wconf 94' lang='lat' dir='ltr'><strong>id</strong></span> <span class='ocrx_word' id='word_1_20' title='bbox 438 861 592 943; x_wconf 90' lang='lat' dir='ltr'><strong>temporis</strong></span> <span class='ocrx_word' id='word_1_21' title='bbox 607 859 692 938; x_wconf 91' lang='lat' dir='ltr'><strong>duci,</strong></span> <span class='ocrx_word' id='word_1_22' title='bbox 712 871 743 928; x_wconf 87' lang='lat' dir='ltr'><strong>nt</strong></span> <span class='ocrx_word' id='word_1_23' title='bbox 765 862 971 928; x_wconf 75' lang='lat' dir='ltr'><strong>concordiam</strong></span> <span class='ocrx_word' id='word_1_24' title='bbox 994 860 1198 942; x_wconf 85' lang='lat' dir='ltr'><strong>approbaret.</strong></span> <span class='ocrx_word' id='word_1_25' title='bbox 1216 861 1256 926; x_wconf 89' lang='lat' dir='ltr'><strong>Ut</strong></span> <span class='ocrx_word' id='word_1_26' title='bbox 1277 869 1383 926; x_wconf 91' lang='lat' dir='ltr'><strong>autem</strong></span> 
     </span>
     <span class='ocr_line' id='line_1_5' title="bbox 291 949 1383 1043; baseline -0.001 -19"><span class='ocrx_word' id='word_1_27' title='bbox 291 949 365 1027; x_wconf 77' lang='lat' dir='ltr'><strong>&#39;boc</strong></span> <span class='ocrx_word' id='word_1_28' title='bbox 375 961 547 1043; x_wconf 75' lang='lat' dir='ltr'><strong>collegium</strong></span> <span class='ocrx_word' id='word_1_29' title='bbox 561 977 625 1026; x_wconf 90' lang='lat' dir='ltr'><strong>non</strong></span> <span class='ocrx_word' id='word_1_30' title='bbox 637 969 735 1038; x_wconf 85' lang='lat' dir='ltr'><strong>esset,</strong></span> <span class='ocrx_word' id='word_1_31' title='bbox 749 971 803 1028; x_wconf 90' lang='lat' dir='ltr'><strong>aut</strong></span> <span class='ocrx_word' id='word_1_32' title='bbox 818 960 996 1030; x_wconf 86' lang='lat' dir='ltr'><strong>secundum</strong></span> <span class='ocrx_word' id='word_1_33' title='bbox 1009 959 1118 1024; x_wconf 90' lang='lat' dir='ltr'><strong>initam</strong></span> <span class='ocrx_word' id='word_1_34' title='bbox 1131 969 1163 1025; x_wconf 90' lang='lat' dir='ltr'><strong>et</strong></span> <span class='ocrx_word' id='word_1_35' title='bbox 1176 959 1383 1042; x_wconf 79' lang='lat' dir='ltr'><strong>approbatam</strong></span> 
     </span>
     <span class='ocr_line' id='line_1_6' title="bbox 299 1059 1383 1142; baseline -0.004 -16"><span class='ocrx_word' id='word_1_36' title='bbox 299 1060 506 1126; x_wconf 88' lang='lat' dir='ltr'><strong>concordiam</strong></span> <span class='ocrx_word' id='word_1_37' title='bbox 528 1069 628 1137; x_wconf 87' lang='lat' dir='ltr'><strong>esset,</strong></span> <span class='ocrx_word' id='word_1_38' title='bbox 642 1061 706 1142; x_wconf 82' lang='lat' dir='ltr'><strong>iarn</strong></span> <span class='ocrx_word' id='word_1_39' title='bbox 723 1060 835 1136; x_wconf 87' lang='lat' dir='ltr'><strong>Roma,</strong></span> <span class='ocrx_word' id='word_1_40' title='bbox 855 1071 888 1125; x_wconf 91' lang='lat' dir='ltr'><strong>ct</strong></span> <span class='ocrx_word' id='word_1_41' title='bbox 910 1061 1084 1136; x_wconf 84' lang='lat' dir='ltr'><strong>serebatur,</strong></span> <span class='ocrx_word' id='word_1_42' title='bbox 1102 1077 1220 1126; x_wconf 86' lang='lat' dir='ltr'><strong>norum</strong></span> <span class='ocrx_word' id='word_1_43' title='bbox 1242 1059 1383 1142; x_wconf 87' lang='lat' dir='ltr'><strong>diploma</strong></span> 
     </span>
     <span class='ocr_line' id='line_1_7' title="bbox 296 1158 1382 1241; baseline 0 -19"><span class='ocrx_word' id='word_1_44' title='bbox 296 1158 503 1240; x_wconf 89' lang='lat' dir='ltr'><strong>impetratum</strong></span> <span class='ocrx_word' id='word_1_45' title='bbox 518 1169 597 1224; x_wconf 89' lang='lat' dir='ltr'><strong>erat.</strong></span> <span class='ocrx_word' id='word_1_46' title='bbox 610 1160 764 1240; x_wconf 84' lang='lat' dir='ltr'><strong>Suspecta</strong></span> <span class='ocrx_word' id='word_1_47' title='bbox 776 1159 968 1227; x_wconf 74' lang='lat' dir='ltr'><strong>Academiae</strong></span> <span class='ocrx_word' id='word_1_48' title='bbox 983 1175 1037 1226; x_wconf 86' lang='lat' dir='ltr'><strong>res</strong></span> <span class='ocrx_word' id='word_1_49' title='bbox 1049 1158 1118 1224; x_wconf 83' lang='lat' dir='ltr'><strong>luit.</strong></span> <span class='ocrx_word' id='word_1_50' title='bbox 1136 1158 1236 1241; x_wconf 91' lang='lat' dir='ltr'><strong>igitur</strong></span> <span class='ocrx_word' id='word_1_51' title='bbox 1247 1169 1285 1224; x_wconf 92' lang='lat' dir='ltr'><strong>ut</strong></span> <span class='ocrx_word' id='word_1_52' title='bbox 1301 1173 1382 1222; x_wconf 89' lang='lat' dir='ltr'><strong>noro</strong></span> 
     </span>
     <span class='ocr_line' id='line_1_8' title="bbox 300 1257 1382 1340; baseline -0.002 -16"><span class='ocrx_word' id='word_1_53' title='bbox 300 1259 430 1324; x_wconf 91' lang='lat' dir='ltr'><strong>conatui</strong></span> <span class='ocrx_word' id='word_1_54' title='bbox 445 1267 641 1329; x_wconf 84' lang='lat' dir='ltr'><strong>occurreret.</strong></span> <span class='ocrx_word' id='word_1_55' title='bbox 659 1269 690 1324; x_wconf 87' lang='lat' dir='ltr'><strong>el</strong></span> <span class='ocrx_word' id='word_1_56' title='bbox 713 1258 775 1324; x_wconf 93' lang='lat' dir='ltr'><strong>boc</strong></span> <span class='ocrx_word' id='word_1_57' title='bbox 797 1275 930 1324; x_wconf 88' lang='lat' dir='ltr'><strong>suorum</strong></span> <span class='ocrx_word' id='word_1_58' title='bbox 955 1259 1175 1338; x_wconf 88' lang='lat' dir='ltr'><strong>prolessorum</strong></span> <span class='ocrx_word' id='word_1_59' title='bbox 1198 1257 1382 1340; x_wconf 75' lang='lat' dir='ltr'><strong>collegium,</strong></span> 
     </span>
     <span class='ocr_line' id='line_1_9' title="bbox 301 1355 1387 1440; baseline -0.002 -18"><span class='ocrx_word' id='word_1_60' title='bbox 301 1358 436 1440; x_wconf 85' lang='lat' dir='ltr'><strong>primam</strong></span> <span class='ocrx_word' id='word_1_61' title='bbox 452 1355 550 1424; x_wconf 88' lang='lat' dir='ltr'><strong>studii</strong></span> <span class='ocrx_word' id='word_1_62' title='bbox 572 1358 623 1424; x_wconf 86' lang='lat' dir='ltr'><strong>sui</strong></span> <span class='ocrx_word' id='word_1_63' title='bbox 639 1359 759 1436; x_wconf 91' lang='lat' dir='ltr'><strong>dotem,</strong></span> <span class='ocrx_word' id='word_1_64' title='bbox 777 1366 932 1432; x_wconf 89' lang='lat' dir='ltr'><strong>tueretur,</strong></span> <span class='ocrx_word' id='word_1_65' title='bbox 950 1357 1099 1424; x_wconf 80' lang='lat' dir='ltr'><strong>bostium</strong></span> <span class='ocrx_word' id='word_1_66' title='bbox 1120 1357 1280 1439; x_wconf 83' lang='lat' dir='ltr'><strong>imprimis</strong></span> <span class='ocrx_word' id='word_1_67' title='bbox 1299 1357 1387 1438; x_wconf 83' lang='lat' dir='ltr'><strong>jure·</strong></span> 
     </span>
     <span class='ocr_line' id='line_1_10' title="bbox 297 1455 1384 1540; baseline 0 -18"><span class='ocrx_word' id='word_1_68' title='bbox 297 1457 436 1540; x_wconf 88' lang='lat' dir='ltr'><strong>jurando</strong></span> <span class='ocrx_word' id='word_1_69' title='bbox 450 1457 622 1539; x_wconf 75' lang='lat' dir='ltr'><strong>obstringit</strong></span> <span class='ocrx_word' id='word_1_70' title='bbox 637 1457 715 1521; x_wconf 90' lang='lat' dir='ltr'><strong>nibil</strong></span> <span class='ocrx_word' id='word_1_71' title='bbox 739 1458 812 1524; x_wconf 86' lang='lat' dir='ltr'><strong>noui</strong></span> <span class='ocrx_word' id='word_1_72' title='bbox 829 1455 1016 1539; x_wconf 73' lang='lat' dir='ltr'><strong>diplomatis</strong></span> <span class='ocrx_word' id='word_1_73' title='bbox 1036 1456 1226 1522; x_wconf 86' lang='lat' dir='ltr'><strong>auctoritate</strong></span> <span class='ocrx_word' id='word_1_74' title='bbox 1241 1465 1384 1530; x_wconf 77' lang='lat' dir='ltr'><strong>teutsro;</strong></span> 
     </span>
     <span class='ocr_line' id='line_1_11' title="bbox 301 1555 1385 1638; baseline -0.002 -18"><span class='ocrx_word' id='word_1_75' title='bbox 301 1555 418 1621; x_wconf 91' lang='lat' dir='ltr'><strong>deinde</strong></span> <span class='ocrx_word' id='word_1_76' title='bbox 439 1565 473 1621; x_wconf 93' lang='lat' dir='ltr'><strong>ut</strong></span> <span class='ocrx_word' id='word_1_77' title='bbox 494 1571 608 1622; x_wconf 89' lang='lat' dir='ltr'><strong>omnes</strong></span> <span class='ocrx_word' id='word_1_78' title='bbox 629 1573 666 1622; x_wconf 93' lang='lat' dir='ltr'><strong>ac</strong></span> <span class='ocrx_word' id='word_1_79' title='bbox 687 1555 818 1637; x_wconf 89' lang='lat' dir='ltr'><strong>singuli,</strong></span> <span class='ocrx_word' id='word_1_80' title='bbox 834 1557 888 1638; x_wconf 82' lang='lat' dir='ltr'><strong>qui</strong></span> <span class='ocrx_word' id='word_1_81' title='bbox 907 1555 943 1619; x_wconf 92' lang='lat' dir='ltr'><strong>in</strong></span> <span class='ocrx_word' id='word_1_82' title='bbox 957 1555 1141 1622; x_wconf 81' lang='lat' dir='ltr'><strong>academico</strong></span> <span class='ocrx_word' id='word_1_83' title='bbox 1161 1563 1275 1620; x_wconf 85' lang='lat' dir='ltr'><strong>senatu</strong></span> <span class='ocrx_word' id='word_1_84' title='bbox 1298 1563 1385 1632; x_wconf 89' lang='lat' dir='ltr'><strong>sunt,</strong></span> 
     </span>
     <span class='ocr_line' id='line_1_12' title="bbox 292 1653 1383 1738; baseline -0.003 -17"><span class='ocrx_word' id='word_1_85' title='bbox 292 1657 409 1738; x_wconf 73' lang='lat' dir='ltr'><strong>jurent</strong></span> <span class='ocrx_word' id='word_1_86' title='bbox 433 1671 469 1720; x_wconf 88' lang='lat' dir='ltr'><strong>sc</strong></span> <span class='ocrx_word' id='word_1_87' title='bbox 491 1655 624 1736; x_wconf 84' lang='lat' dir='ltr'><strong>primam</strong></span> <span class='ocrx_word' id='word_1_88' title='bbox 645 1655 774 1737; x_wconf 91' lang='lat' dir='ltr'><strong>collegii</strong></span> <span class='ocrx_word' id='word_1_89' title='bbox 800 1655 897 1736; x_wconf 85' lang='lat' dir='ltr'><strong>bujus</strong></span> <span class='ocrx_word' id='word_1_90' title='bbox 920 1656 1168 1732; x_wconf 80' lang='lat' dir='ltr'><strong>institutionem,</strong></span> <span class='ocrx_word' id='word_1_91' title='bbox 1191 1653 1383 1729; x_wconf 87' lang='lat' dir='ltr'><strong>libertatem,</strong></span> 
     </span>
     <span class='ocr_line' id='line_1_13' title="bbox 295 1751 1387 1836; baseline -0.003 -17"><span class='ocrx_word' id='word_1_92' title='bbox 295 1755 371 1836; x_wconf 85' lang='lat' dir='ltr'><strong>jura</strong></span> <span class='ocrx_word' id='word_1_93' title='bbox 392 1754 499 1820; x_wconf 92' lang='lat' dir='ltr'><strong>omnia</strong></span> <span class='ocrx_word' id='word_1_94' title='bbox 527 1769 566 1820; x_wconf 89' lang='lat' dir='ltr'><strong>ac</strong></span> <span class='ocrx_word' id='word_1_95' title='bbox 592 1753 758 1836; x_wconf 86' lang='lat' dir='ltr'><strong>privilegia</strong></span> <span class='ocrx_word' id='word_1_96' title='bbox 784 1765 1047 1830; x_wconf 84' lang='lat' dir='ltr'><strong>conservaturos,</strong></span> <span class='ocrx_word' id='word_1_97' title='bbox 1068 1753 1170 1836; x_wconf 77' lang='lat' dir='ltr'><strong>lubet.</strong></span> <span class='ocrx_word' id='word_1_98' title='bbox 1195 1751 1331 1827; x_wconf 78' lang='lat' dir='ltr'><strong>Placuit,</strong></span> <span class='ocrx_word' id='word_1_99' title='bbox 1355 1761 1387 1818; x_wconf 88' lang='lat' dir='ltr'><strong>et</strong></span> 
     </span>
     <span class='ocr_line' id='line_1_14' title="bbox 298 1853 1385 1936; baseline 0 -20"><span class='ocrx_word' id='word_1_100' title='bbox 298 1861 387 1918; x_wconf 81' lang='lat' dir='ltr'><strong>lactc</strong></span> <span class='ocrx_word' id='word_1_101' title='bbox 404 1869 497 1918; x_wconf 90' lang='lat' dir='ltr'><strong>manu</strong></span> <span class='ocrx_word' id='word_1_102' title='bbox 515 1861 646 1935; x_wconf 89' lang='lat' dir='ltr'><strong>pectore</strong></span> <span class='ocrx_word' id='word_1_103' title='bbox 660 1853 779 1918; x_wconf 81' lang='lat' dir='ltr'><strong>uiritim</strong></span> <span class='ocrx_word' id='word_1_104' title='bbox 792 1853 932 1936; x_wconf 85' lang='lat' dir='ltr'><strong>juratum</strong></span> <span class='ocrx_word' id='word_1_105' title='bbox 947 1863 1016 1928; x_wconf 88' lang='lat' dir='ltr'><strong>est;</strong></span> <span class='ocrx_word' id='word_1_106' title='bbox 1034 1863 1133 1935; x_wconf 81' lang='lat' dir='ltr'><strong>utque</strong></span> <span class='ocrx_word' id='word_1_107' title='bbox 1145 1867 1261 1918; x_wconf 87' lang='lat' dir='ltr'><strong>omnes</strong></span> <span class='ocrx_word' id='word_1_108' title='bbox 1273 1867 1385 1918; x_wconf 84' lang='lat' dir='ltr'><strong>accra-</strong></span> 
     </span>
     <span class='ocr_line' id='line_1_15' title="bbox 300 1949 1386 2034; baseline -0.004 -17"><span class='ocrx_word' id='word_1_109' title='bbox 300 1953 400 2018; x_wconf 88' lang='lat' dir='ltr'><strong>menti</strong></span> <span class='ocrx_word' id='word_1_110' title='bbox 422 1952 518 2034; x_wconf 78' lang='lat' dir='ltr'><strong>buius</strong></span> <span class='ocrx_word' id='word_1_111' title='bbox 540 1953 697 2034; x_wconf 89' lang='lat' dir='ltr'><strong>religione</strong></span> <span class='ocrx_word' id='word_1_112' title='bbox 711 1953 807 2018; x_wconf 86' lang='lat' dir='ltr'><strong>etiarn</strong></span> <span class='ocrx_word' id='word_1_113' title='bbox 831 1953 863 2016; x_wconf 94' lang='lat' dir='ltr'><strong>in</strong></span> <span class='ocrx_word' id='word_1_114' title='bbox 887 1963 1052 2033; x_wconf 90' lang='lat' dir='ltr'><strong>posterum</strong></span> <span class='ocrx_word' id='word_1_115' title='bbox 1075 1961 1274 2025; x_wconf 87' lang='lat' dir='ltr'><strong>tenerentur,</strong></span> <span class='ocrx_word' id='word_1_116' title='bbox 1290 1949 1386 2014; x_wconf 91' lang='lat' dir='ltr'><strong>lertio</strong></span> 
     </span>
     <span class='ocr_line' id='line_1_16' title="bbox 303 2049 1386 2132; baseline -0.004 -15"><span class='ocrx_word' id='word_1_117' title='bbox 303 2051 342 2117; x_wconf 91' lang='lat' dir='ltr'><strong>ad</strong></span> <span class='ocrx_word' id='word_1_118' title='bbox 368 2051 571 2118; x_wconf 74' lang='lat' dir='ltr'><strong>Academiam</strong></span> <span class='ocrx_word' id='word_1_119' title='bbox 598 2052 638 2118; x_wconf 91' lang='lat' dir='ltr'><strong>de</strong></span> <span class='ocrx_word' id='word_1_120' title='bbox 663 2051 774 2118; x_wconf 88' lang='lat' dir='ltr'><strong>eadem</strong></span> <span class='ocrx_word' id='word_1_121' title='bbox 801 2069 837 2117; x_wconf 90' lang='lat' dir='ltr'><strong>re</strong></span> <span class='ocrx_word' id='word_1_122' title='bbox 863 2052 997 2117; x_wconf 88' lang='lat' dir='ltr'><strong>relatum</strong></span> <span class='ocrx_word' id='word_1_123' title='bbox 1023 2060 1086 2127; x_wconf 90' lang='lat' dir='ltr'><strong>est,</strong></span> <span class='ocrx_word' id='word_1_124' title='bbox 1112 2050 1328 2132; x_wconf 83' lang='lat' dir='ltr'><strong>omnibusque</strong></span> <span class='ocrx_word' id='word_1_125' title='bbox 1354 2049 1386 2112; x_wconf 91' lang='lat' dir='ltr'><strong>in</strong></span> 
     </span>
     <span class='ocr_line' id='line_1_17' title="bbox 298 2147 1385 2228; baseline -0.004 -12"><span class='ocrx_word' id='word_1_126' title='bbox 298 2149 448 2216; x_wconf 88' lang='lat' dir='ltr'><strong>eamdem</strong></span> <span class='ocrx_word' id='word_1_127' title='bbox 473 2151 665 2216; x_wconf 86' lang='lat' dir='ltr'><strong>sententiam</strong></span> <span class='ocrx_word' id='word_1_128' title='bbox 695 2153 841 2216; x_wconf 88' lang='lat' dir='ltr'><strong>certatim</strong></span> <span class='ocrx_word' id='word_1_129' title='bbox 867 2151 1036 2228; x_wconf 89' lang='lat' dir='ltr'><strong>euntibus,</strong></span> <span class='ocrx_word' id='word_1_130' title='bbox 1067 2147 1385 2215; x_wconf 80' lang='lat' dir='ltr'><strong>senatusconsultum</strong></span> 
     </span>
     <span class='ocr_line' id='line_1_18' title="bbox 302 2250 433 2315; baseline -0.023 0"><span class='ocrx_word' id='word_1_131' title='bbox 302 2250 433 2315; x_wconf 76' lang='lat' dir='ltr'><strong>lactum.</strong></span> 
     </span>
    </p>

    <p class='ocr_par' dir='ltr' id='par_1_3' title="bbox 300 2346 1390 2908">
     <span class='ocr_line' id='line_1_19' title="bbox 346 2346 1389 2429; baseline -0.001 -17"><span class='ocrx_word' id='word_1_132' title='bbox 346 2348 480 2414; x_wconf 80' lang='lat' dir='ltr'><strong>Domum</strong></span> <span class='ocrx_word' id='word_1_133' title='bbox 506 2363 592 2414; x_wconf 90' lang='lat' dir='ltr'><strong>anno</strong></span> <span class='ocrx_word' id='word_1_134' title='bbox 622 2368 655 2414; x_wconf 89' lang='lat' dir='ltr'><strong>rr.</strong></span> <span class='ocrx_word' id='word_1_135' title='bbox 683 2367 763 2414; x_wconf 90' lang='lat' dir='ltr'><strong>cccc.</strong></span> <span class='ocrx_word' id='word_1_136' title='bbox 790 2367 906 2424; x_wconf 64' lang='lat' dir='ltr'><strong>suurn„</strong></span> <span class='ocrx_word' id='word_1_137' title='bbox 935 2348 1062 2414; x_wconf 91' lang='lat' dir='ltr'><strong>decimo</strong></span> <span class='ocrx_word' id='word_1_138' title='bbox 1092 2347 1204 2429; x_wconf 81' lang='lat' dir='ltr'><strong>quinto</strong></span> <span class='ocrx_word' id='word_1_139' title='bbox 1233 2346 1389 2412; x_wconf 84' lang='lat' dir='ltr'><strong>kalendas</strong></span> 
     </span>
     <span class='ocr_line' id='line_1_20' title="bbox 300 2445 1390 2530; baseline -0.004 -17"><span class='ocrx_word' id='word_1_140' title='bbox 300 2447 443 2530; x_wconf 81' lang='lat' dir='ltr'><strong>augusti,</strong></span> <span class='ocrx_word' id='word_1_141' title='bbox 462 2463 621 2530; x_wconf 83' lang='lat' dir='ltr'><strong>nunqnam</strong></span> <span class='ocrx_word' id='word_1_142' title='bbox 644 2465 662 2512; x_wconf 94' lang='lat' dir='ltr'><strong>a</strong></span> <span class='ocrx_word' id='word_1_143' title='bbox 681 2449 784 2530; x_wconf 90' lang='lat' dir='ltr'><strong>primo</strong></span> <span class='ocrx_word' id='word_1_144' title='bbox 805 2448 933 2530; x_wconf 85' lang='lat' dir='ltr'><strong>collegii</strong></span> <span class='ocrx_word' id='word_1_145' title='bbox 957 2448 1052 2529; x_wconf 85' lang='lat' dir='ltr'><strong>nujus</strong></span> <span class='ocrx_word' id='word_1_146' title='bbox 1074 2445 1278 2512; x_wconf 86' lang='lat' dir='ltr'><strong>institutione</strong></span> <span class='ocrx_word' id='word_1_147' title='bbox 1299 2459 1390 2510; x_wconf 88' lang='lat' dir='ltr'><strong>rece·</strong></span> 
     </span>
     <span class='ocr_line' id='line_1_21' title="bbox 300 2541 1389 2628; baseline -0.007 -16"><span class='ocrx_word' id='word_1_148' title='bbox 300 2546 444 2612; x_wconf 90' lang='lat' dir='ltr'><strong>dendum</strong></span> <span class='ocrx_word' id='word_1_149' title='bbox 467 2561 542 2612; x_wconf 88' lang='lat' dir='ltr'><strong>esse</strong></span> <span class='ocrx_word' id='word_1_150' title='bbox 563 2546 720 2628; x_wconf 78' lang='lat' dir='ltr'><strong>beccensi</strong></span> <span class='ocrx_word' id='word_1_151' title='bbox 745 2557 871 2623; x_wconf 81' lang='lat' dir='ltr'><strong>senatu,</strong></span> <span class='ocrx_word' id='word_1_152' title='bbox 887 2563 925 2612; x_wconf 90' lang='lat' dir='ltr'><strong>ac</strong></span> <span class='ocrx_word' id='word_1_153' title='bbox 948 2547 1075 2613; x_wconf 89' lang='lat' dir='ltr'><strong>nemine</strong></span> <span class='ocrx_word' id='word_1_154' title='bbox 1097 2543 1317 2610; x_wconf 87' lang='lat' dir='ltr'><strong>intercedente</strong></span> <span class='ocrx_word' id='word_1_155' title='bbox 1338 2541 1389 2608; x_wconf 85' lang='lat' dir='ltr'><strong>vel</strong></span> 
     </span>
     <span class='ocr_line' id='line_1_22' title="bbox 300 2643 1387 2728; baseline -0.005 -18"><span class='ocrx_word' id='word_1_156' title='bbox 300 2645 489 2728; x_wconf 87' lang='lat' dir='ltr'><strong>obrogante,</strong></span> <span class='ocrx_word' id='word_1_157' title='bbox 500 2644 664 2710; x_wconf 88' lang='lat' dir='ltr'><strong>decretum</strong></span> <span class='ocrx_word' id='word_1_158' title='bbox 676 2655 739 2712; x_wconf 85' lang='lat' dir='ltr'><strong>est.</strong></span> <span class='ocrx_word' id='word_1_159' title='bbox 754 2646 948 2712; x_wconf 82' lang='lat' dir='ltr'><strong>Permissum</strong></span> <span class='ocrx_word' id='word_1_160' title='bbox 961 2662 1090 2728; x_wconf 82' lang='lat' dir='ltr'><strong>quoque</strong></span> <span class='ocrx_word' id='word_1_161' title='bbox 1101 2643 1269 2710; x_wconf 89' lang='lat' dir='ltr'><strong>canonicis</strong></span> <span class='ocrx_word' id='word_1_162' title='bbox 1282 2643 1387 2716; x_wconf 87' lang='lat' dir='ltr'><strong>novis,</strong></span> 
     </span>
     <span class='ocr_line' id='line_1_23' title="bbox 302 2741 1388 2826; baseline -0.003 -17"><span class='ocrx_word' id='word_1_163' title='bbox 302 2752 340 2809; x_wconf 93' lang='lat' dir='ltr'><strong>ut</strong></span> <span class='ocrx_word' id='word_1_164' title='bbox 352 2741 543 2809; x_wconf 77' lang='lat' dir='ltr'><strong>Academiae</strong></span> <span class='ocrx_word' id='word_1_165' title='bbox 562 2743 753 2810; x_wconf 86' lang='lat' dir='ltr'><strong>auctoritate</strong></span> <span class='ocrx_word' id='word_1_166' title='bbox 771 2743 844 2826; x_wconf 88' lang='lat' dir='ltr'><strong>jnra</strong></span> <span class='ocrx_word' id='word_1_167' title='bbox 859 2761 930 2822; x_wconf 88' lang='lat' dir='ltr'><strong>sna,</strong></span> <span class='ocrx_word' id='word_1_168' title='bbox 946 2761 1011 2826; x_wconf 85' lang='lat' dir='ltr'><strong>quo</strong></span> <span class='ocrx_word' id='word_1_169' title='bbox 1036 2753 1169 2826; x_wconf 87' lang='lat' dir='ltr'><strong>possent</strong></span> <span class='ocrx_word' id='word_1_170' title='bbox 1191 2741 1299 2816; x_wconf 92' lang='lat' dir='ltr'><strong>modo,</strong></span> <span class='ocrx_word' id='word_1_171' title='bbox 1318 2750 1388 2807; x_wconf 91' lang='lat' dir='ltr'><strong>tue-</strong></span> 
     </span>
     <span class='ocr_line' id='line_1_24' title="bbox 304 2851 428 2908; baseline -0.008 -2"><span class='ocrx_word' id='word_1_172' title='bbox 304 2851 428 2908; x_wconf 90' lang='lat' dir='ltr'><strong>rentur.</strong></span> 
     </span>
    </p>

    <p class='ocr_par' dir='ltr' id='par_1_4' title="bbox 301 2941 1391 3322">
     <span class='ocr_line' id='line_1_25' title="bbox 347 2941 1388 3024; baseline -0.004 -18"><span class='ocrx_word' id='word_1_173' title='bbox 347 2941 444 3006; x_wconf 87' lang='lat' dir='ltr'><strong>Paulo</strong></span> <span class='ocrx_word' id='word_1_174' title='bbox 460 2949 531 3022; x_wconf 87' lang='lat' dir='ltr'><strong>post</strong></span> <span class='ocrx_word' id='word_1_175' title='bbox 546 2941 634 3022; x_wconf 86' lang='lat' dir='ltr'><strong>leges</strong></span> <span class='ocrx_word' id='word_1_176' title='bbox 650 2942 778 3024; x_wconf 90' lang='lat' dir='ltr'><strong>collegii</strong></span> <span class='ocrx_word' id='word_1_177' title='bbox 802 2942 897 3024; x_wconf 81' lang='lat' dir='ltr'><strong>buius</strong></span> <span class='ocrx_word' id='word_1_178' title='bbox 912 2942 1053 3024; x_wconf 87' lang='lat' dir='ltr'><strong>scriptae</strong></span> <span class='ocrx_word' id='word_1_179' title='bbox 1076 2949 1162 3018; x_wconf 88' lang='lat' dir='ltr'><strong>sunt,</strong></span> <span class='ocrx_word' id='word_1_180' title='bbox 1180 2947 1212 3006; x_wconf 90' lang='lat' dir='ltr'><strong>et</strong></span> <span class='ocrx_word' id='word_1_181' title='bbox 1223 2941 1388 3023; x_wconf 82' lang='lat' dir='ltr'><strong>juramen·</strong></span> 
     </span>
     <span class='ocr_line' id='line_1_26' title="bbox 302 3039 1391 3124; baseline -0.002 -18"><span class='ocrx_word' id='word_1_182' title='bbox 302 3051 409 3106; x_wconf 91' lang='lat' dir='ltr'><strong>torum</strong></span> <span class='ocrx_word' id='word_1_183' title='bbox 421 3039 514 3106; x_wconf 89' lang='lat' dir='ltr'><strong>datae</strong></span> <span class='ocrx_word' id='word_1_184' title='bbox 526 3041 693 3106; x_wconf 88' lang='lat' dir='ltr'><strong>lormulae.</strong></span> <span class='ocrx_word' id='word_1_185' title='bbox 712 3043 798 3107; x_wconf 88' lang='lat' dir='ltr'><strong>inter</strong></span> <span class='ocrx_word' id='word_1_186' title='bbox 810 3058 866 3108; x_wconf 87' lang='lat' dir='ltr'><strong>eas</strong></span> <span class='ocrx_word' id='word_1_187' title='bbox 879 3059 953 3117; x_wconf 92' lang='lat' dir='ltr'><strong>una,</strong></span> <span class='ocrx_word' id='word_1_188' title='bbox 967 3057 1029 3124; x_wconf 84' lang='lat' dir='ltr'><strong>qua</strong></span> <span class='ocrx_word' id='word_1_189' title='bbox 1043 3041 1185 3107; x_wconf 88' lang='lat' dir='ltr'><strong>decanus</strong></span> <span class='ocrx_word' id='word_1_190' title='bbox 1197 3057 1234 3105; x_wconf 90' lang='lat' dir='ltr'><strong>se</strong></span> <span class='ocrx_word' id='word_1_191' title='bbox 1245 3039 1391 3123; x_wconf 89' lang='lat' dir='ltr'><strong>obligare</strong></span> 
     </span>
     <span class='ocr_line' id='line_1_27' title="bbox 301 3138 1390 3222; baseline -0.002 -19"><span class='ocrx_word' id='word_1_192' title='bbox 301 3138 437 3205; x_wconf 89' lang='lat' dir='ltr'><strong>deberet</strong></span> <span class='ocrx_word' id='word_1_193' title='bbox 458 3141 635 3204; x_wconf 89' lang='lat' dir='ltr'><strong>secundnm</strong></span> <span class='ocrx_word' id='word_1_194' title='bbox 662 3139 873 3206; x_wconf 89' lang='lat' dir='ltr'><strong>institutionis</strong></span> <span class='ocrx_word' id='word_1_195' title='bbox 898 3142 1025 3222; x_wconf 82' lang='lat' dir='ltr'><strong>primae·</strong></span> <span class='ocrx_word' id='word_1_196' title='bbox 1046 3155 1191 3205; x_wconf 90' lang='lat' dir='ltr'><strong>normam</strong></span> <span class='ocrx_word' id='word_1_197' title='bbox 1216 3139 1390 3220; x_wconf 87' lang='lat' dir='ltr'><strong>collegium</strong></span> 
     </span>
     <span class='ocr_line' id='line_1_28' title="bbox 303 3237 1233 3322; baseline -0.001 -19"><span class='ocrx_word' id='word_1_198' title='bbox 303 3253 428 3320; x_wconf 89' lang='lat' dir='ltr'><strong>regere.</strong></span> <span class='ocrx_word' id='word_1_199' title='bbox 446 3237 570 3320; x_wconf 81' lang='lat' dir='ltr'><strong>Quippe</strong></span> <span class='ocrx_word' id='word_1_200' title='bbox 585 3239 669 3305; x_wconf 88' lang='lat' dir='ltr'><strong>idem</strong></span> <span class='ocrx_word' id='word_1_201' title='bbox 686 3240 853 3322; x_wconf 81' lang='lat' dir='ltr'><strong>utriusque</strong></span> <span class='ocrx_word' id='word_1_202' title='bbox 868 3240 996 3322; x_wconf 91' lang='lat' dir='ltr'><strong>collegii</strong></span> <span class='ocrx_word' id='word_1_203' title='bbox 1012 3240 1155 3305; x_wconf 90' lang='lat' dir='ltr'><strong>decanus</strong></span> <span class='ocrx_word' id='word_1_204' title='bbox 1170 3247 1233 3304; x_wconf 84' lang='lat' dir='ltr'><strong>est.</strong></span> 
     </span>
    </p>

    <p class='ocr_par' dir='ltr' id='par_1_5' title="bbox 305 3337 1396 4014">
     <span class='ocr_line' id='line_1_29' title="bbox 346 3337 1391 3421; baseline 0.002 -21"><span class='ocrx_word' id='word_1_205' title='bbox 346 3337 392 3402; x_wconf 81' lang='lat' dir='ltr'><strong>dc</strong></span> <span class='ocrx_word' id='word_1_206' title='bbox 408 3353 447 3403; x_wconf 90' lang='lat' dir='ltr'><strong>ne</strong></span> <span class='ocrx_word' id='word_1_207' title='bbox 469 3353 564 3419; x_wconf 86' lang='lat' dir='ltr'><strong>quam</strong></span> <span class='ocrx_word' id='word_1_208' title='bbox 586 3339 815 3421; x_wconf 87' lang='lat' dir='ltr'><strong>obligationem</strong></span> <span class='ocrx_word' id='word_1_209' title='bbox 837 3339 1012 3405; x_wconf 88' lang='lat' dir='ltr'><strong>concordia</strong></span> <span class='ocrx_word' id='word_1_210' title='bbox 1035 3355 1108 3404; x_wconf 88' lang='lat' dir='ltr'><strong>cnm</strong></span> <span class='ocrx_word' id='word_1_211' title='bbox 1125 3338 1248 3403; x_wconf 89' lang='lat' dir='ltr'><strong>urbano</strong></span> <span class='ocrx_word' id='word_1_212' title='bbox 1270 3337 1391 3418; x_wconf 89' lang='lat' dir='ltr'><strong>magis-</strong></span> 
     </span>
     <span class='ocr_line' id='line_1_30' title="bbox 305 3435 1391 3519; baseline -0.003 -17"><span class='ocrx_word' id='word_1_213' title='bbox 305 3445 389 3502; x_wconf 88' lang='lat' dir='ltr'><strong>tratu</strong></span> <span class='ocrx_word' id='word_1_214' title='bbox 414 3435 491 3500; x_wconf 92' lang='lat' dir='ltr'><strong>inita</strong></span> <span class='ocrx_word' id='word_1_215' title='bbox 516 3447 549 3502; x_wconf 86' lang='lat' dir='ltr'><strong>et</strong></span> <span class='ocrx_word' id='word_1_216' title='bbox 575 3453 592 3500; x_wconf 88' lang='lat' dir='ltr'><strong>a</strong></span> <span class='ocrx_word' id='word_1_217' title='bbox 615 3437 697 3502; x_wconf 89' lang='lat' dir='ltr'><strong>duce</strong></span> <span class='ocrx_word' id='word_1_218' title='bbox 722 3438 898 3519; x_wconf 88' lang='lat' dir='ltr'><strong>approbata</strong></span> <span class='ocrx_word' id='word_1_219' title='bbox 924 3438 1052 3504; x_wconf 86' lang='lat' dir='ltr'><strong>adlerre</strong></span> <span class='ocrx_word' id='word_1_220' title='bbox 1077 3437 1276 3512; x_wconf 89' lang='lat' dir='ltr'><strong>crederetur,</strong></span> <span class='ocrx_word' id='word_1_221' title='bbox 1306 3451 1391 3500; x_wconf 88' lang='lat' dir='ltr'><strong>anno</strong></span> 
     </span>
     <span class='ocr_line' id='line_1_31' title="bbox 306 3533 1391 3619; baseline 0.002 -21"><span class='ocrx_word' id='word_1_222' title='bbox 306 3553 340 3599; x_wconf 84' lang='lat' dir='ltr'><strong>rr.</strong></span> <span class='ocrx_word' id='word_1_223' title='bbox 365 3553 447 3598; x_wconf 89' lang='lat' dir='ltr'><strong>cccc.</strong></span> <span class='ocrx_word' id='word_1_224' title='bbox 475 3553 553 3600; x_wconf 78' lang='lat' dir='ltr'><strong>crux.</strong></span> <span class='ocrx_word' id='word_1_225' title='bbox 579 3535 794 3602; x_wconf 87' lang='lat' dir='ltr'><strong>absolutionis</strong></span> <span class='ocrx_word' id='word_1_226' title='bbox 822 3537 962 3619; x_wconf 89' lang='lat' dir='ltr'><strong>diploma</strong></span> <span class='ocrx_word' id='word_1_227' title='bbox 992 3535 1168 3618; x_wconf 85' lang='lat' dir='ltr'><strong>apostolica</strong></span> <span class='ocrx_word' id='word_1_228' title='bbox 1198 3533 1391 3601; x_wconf 87' lang='lat' dir='ltr'><strong>auctoritate</strong></span> 
     </span>
     <span class='ocr_line' id='line_1_32' title="bbox 305 3633 1389 3716; baseline 0.002 -20"><span class='ocrx_word' id='word_1_229' title='bbox 305 3634 509 3714; x_wconf 89' lang='lat' dir='ltr'><strong>impetratum</strong></span> <span class='ocrx_word' id='word_1_230' title='bbox 525 3643 574 3698; x_wconf 89' lang='lat' dir='ltr'><strong>est</strong></span> <span class='ocrx_word' id='word_1_231' title='bbox 585 3635 636 3713; x_wconf 79' lang='lat' dir='ltr'><strong>(ll.</strong></span> <span class='ocrx_word' id='word_1_232' title='bbox 651 3635 727 3716; x_wconf 78' lang='lat' dir='ltr'><strong>liius</strong></span> <span class='ocrx_word' id='word_1_233' title='bbox 742 3645 896 3701; x_wconf 90' lang='lat' dir='ltr'><strong>executor</strong></span> <span class='ocrx_word' id='word_1_234' title='bbox 911 3651 984 3700; x_wconf 90' lang='lat' dir='ltr'><strong>cum</strong></span> <span class='ocrx_word' id='word_1_235' title='bbox 1000 3635 1188 3716; x_wconf 88' lang='lat' dir='ltr'><strong>designatus</strong></span> <span class='ocrx_word' id='word_1_236' title='bbox 1203 3641 1291 3699; x_wconf 89' lang='lat' dir='ltr'><strong>esset</strong></span> <span class='ocrx_word' id='word_1_237' title='bbox 1310 3633 1389 3698; x_wconf 81' lang='lat' dir='ltr'><strong>bsc-</strong></span> 
     </span>
     <span class='ocr_line' id='line_1_33' title="bbox 305 3728 1393 3809; baseline -0.001 -13"><span class='ocrx_word' id='word_1_238' title='bbox 305 3728 431 3796; x_wconf 87' lang='lat' dir='ltr'><strong>diensis</strong></span> <span class='ocrx_word' id='word_1_239' title='bbox 453 3731 611 3809; x_wconf 83' lang='lat' dir='ltr'><strong>obiciatis,</strong></span> <span class='ocrx_word' id='word_1_240' title='bbox 628 3733 745 3799; x_wconf 90' lang='lat' dir='ltr'><strong>libellis</strong></span> <span class='ocrx_word' id='word_1_241' title='bbox 768 3735 806 3799; x_wconf 87' lang='lat' dir='ltr'><strong>ad</strong></span> <span class='ocrx_word' id='word_1_242' title='bbox 823 3735 949 3800; x_wconf 88' lang='lat' dir='ltr'><strong>aedium</strong></span> <span class='ocrx_word' id='word_1_243' title='bbox 973 3747 1138 3799; x_wconf 88' lang='lat' dir='ltr'><strong>sacrarum</strong></span> <span class='ocrx_word' id='word_1_244' title='bbox 1156 3731 1265 3796; x_wconf 84' lang='lat' dir='ltr'><strong>vairos</strong></span> <span class='ocrx_word' id='word_1_245' title='bbox 1287 3731 1393 3798; x_wconf 80' lang='lat' dir='ltr'><strong>affixis</strong></span> 
     </span>
     <span class='ocr_line' id='line_1_34' title="bbox 305 3829 1392 3914; baseline 0.001 -19"><span class='ocrx_word' id='word_1_246' title='bbox 305 3830 392 3895; x_wconf 90' lang='lat' dir='ltr'><strong>diem</strong></span> <span class='ocrx_word' id='word_1_247' title='bbox 418 3831 580 3904; x_wconf 90' lang='lat' dir='ltr'><strong>omnibns,</strong></span> <span class='ocrx_word' id='word_1_248' title='bbox 608 3847 745 3914; x_wconf 84' lang='lat' dir='ltr'><strong>quorum</strong></span> <span class='ocrx_word' id='word_1_249' title='bbox 779 3835 963 3911; x_wconf 88' lang='lat' dir='ltr'><strong>interesset,</strong></span> <span class='ocrx_word' id='word_1_250' title='bbox 980 3831 1071 3908; x_wconf 84' lang='lat' dir='ltr'><strong>dixit,</strong></span> <span class='ocrx_word' id='word_1_251' title='bbox 1101 3842 1198 3913; x_wconf 84' lang='lat' dir='ltr'><strong>utque</strong></span> <span class='ocrx_word' id='word_1_252' title='bbox 1227 3829 1392 3905; x_wconf 88' lang='lat' dir='ltr'><strong>adessent,</strong></span> 
     </span>
     <span class='ocr_line' id='line_1_35' title="bbox 306 3929 1396 4014; baseline 0 -20"><span class='ocrx_word' id='word_1_253' title='bbox 306 3945 347 3994; x_wconf 84' lang='lat' dir='ltr'><strong>ac</strong></span> <span class='ocrx_word' id='word_1_254' title='bbox 360 3929 565 3994; x_wconf 89' lang='lat' dir='ltr'><strong>concordiam</strong></span> <span class='ocrx_word' id='word_1_255' title='bbox 582 3931 722 3996; x_wconf 89' lang='lat' dir='ltr'><strong>rescindi</strong></span> <span class='ocrx_word' id='word_1_256' title='bbox 737 3933 886 3998; x_wconf 89' lang='lat' dir='ltr'><strong>audirent</strong></span> <span class='ocrx_word' id='word_1_257' title='bbox 901 3933 1080 4014; x_wconf 87' lang='lat' dir='ltr'><strong>apostolica</strong></span> <span class='ocrx_word' id='word_1_258' title='bbox 1096 3930 1286 3996; x_wconf 88' lang='lat' dir='ltr'><strong>anctoritate</strong></span> <span class='ocrx_word' id='word_1_259' title='bbox 1302 3945 1396 4011; x_wconf 86' lang='lat' dir='ltr'><strong>prae·</strong></span> 
     </span>
    </p>
   </div>
   <div class='ocr_carea' id='block_1_3' title="bbox 307 4122 1397 4274">
    <p class='ocr_par' dir='ltr' id='par_1_6' title="bbox 307 4122 1397 4274">
     <span class='ocr_line' id='line_1_36' title="bbox 346 4122 1397 4270; baseline 0.003 -90"><span class='ocrx_word' id='word_1_260' title='bbox 346 4122 385 4270; x_wconf 52' lang='grc' dir='ltr'><strong>(ιέ)</strong></span> <span class='ocrx_word' id='word_1_261' title='bbox 404 4125 480 4182; x_wconf 80' lang='lat' dir='ltr'><strong>Nous</strong></span> <span class='ocrx_word' id='word_1_262' title='bbox 503 4129 614 4184; x_wconf 84' lang='lat' dir='ltr'><strong>n&#39;arocs</strong></span> <span class='ocrx_word' id='word_1_263' title='bbox 636 4145 685 4201; x_wconf 80' lang='lat' dir='ltr'><strong>pos</strong></span> <span class='ocrx_word' id='word_1_264' title='bbox 708 4128 833 4186; x_wconf 79' lang='lat' dir='ltr'><strong>retronrd</strong></span> <span class='ocrx_word' id='word_1_265' title='bbox 854 4129 882 4184; x_wconf 83' lang='lat' dir='ltr'><strong>la</strong></span> <span class='ocrx_word' id='word_1_266' title='bbox 904 4129 981 4184; x_wconf 90' lang='lat' dir='ltr'><strong>bulle</strong></span> <span class='ocrx_word' id='word_1_267' title='bbox 1001 4126 1175 4184; x_wconf 75' lang='lat' dir='ltr'><strong>menliocnee</strong></span> <span class='ocrx_word' id='word_1_268' title='bbox 1196 4127 1234 4184; x_wconf 84' lang='lat' dir='ltr'><strong>ici</strong></span> <span class='ocrx_word' id='word_1_269' title='bbox 1256 4139 1308 4200; x_wconf 81' lang='lat' dir='ltr'><strong>par</strong></span> <span class='ocrx_word' id='word_1_270' title='bbox 1330 4127 1397 4183; x_wconf 78' lang='lat' dir='ltr'><strong>Ver·</strong></span> 
     </span>
     <span class='ocr_line' id='line_1_37' title="bbox 307 4230 436 4274; baseline 0.031 -5"><span class='ocrx_word' id='word_1_271' title='bbox 307 4230 346 4270; x_wconf 90' lang='lat' dir='ltr'><strong>nu</strong></span> <span class='ocrx_word' id='word_1_272' title='bbox 377 4233 436 4274; x_wconf 88' lang='lat' dir='ltr'><strong>eus.</strong></span> 
     </span>
    </p>
   </div>
   <div class='ocr_carea' id='block_1_4' title="bbox 0 0 1560 4942">
    <p class='ocr_par' dir='ltr' id='par_1_7' title="bbox 0 0 1560 4942">
     <span class='ocr_line' id='line_1_38' title="bbox 0 0 1560 4942; baseline 0 0"><span class='ocrx_word' id='word_1_273' title='bbox 0 0 1560 4942; x_wconf 95' lang='lat' dir='ltr'><strong> </strong></span> 
     </span>
    </p>
   </div>
  </div>
 </body>
</html>
