3246 4944
747 433 932 499 -588-

300 611 423 689 incitat,
441 622 536 696 atque
552 615 773 681 inlruotuosos
796 614 1131 698 reipublicae-muniis
1155 614 1290 680 idoneos
1313 615 1386 679 red-

302 712 359 785 dit,
389 730 450 777 non
482 713 553 778 sine
583 731 705 778 summa
737 714 996 780 consideratione
1025 713 1138 779 oculos
1167 708 1386 779 convertimus

303 812 340 875 ad
366 811 612 877 Universitatem
635 813 880 889 Lovaniensem,
902 829 983 894 quae
1006 812 1061 877 bei
1085 811 1280 893 benignitate
1303 811 1345 874 ita
1367 827 1385 874 a

304 926 365 975 suo
378 911 512 977 exordio
527 911 637 986 crevit,
657 921 690 976 ut
712 919 785 977 ante
807 911 932 978 initium
957 911 1204 978 novissimorum
1228 910 1384 976 bellorum

303 1009 444 1075 civilium
467 1011 681 1076 omnimodam
703 1012 850 1076 habuerit
866 1008 1109 1093 perlectionem)
1125 1010 1187 1076 Sed
1203 1009 1276 1092 quia
1293 1025 1384 1074 num-

303 1125 397 1190 quam
413 1109 453 1173 ab
469 1110 600 1176 exordio
616 1128 676 1175 suo
692 1119 802 1176 exacte
818 1119 849 1176 et
863 1110 971 1175 debite
984 1109 1111 1175 visitata
1127 1108 1197 1186 luit,
1214 1108 1386 1173 bellorum-

304 1223 366 1288 que
382 1208 521 1274 civilium
547 1226 671 1287 morsu,
689 1219 721 1274 ut
744 1209 774 1272 in
800 1209 885 1274 omni
910 1209 1074 1290 republica
1096 1207 1224 1283 accidit,
1242 1206 1385 1271 nonnihil

303 1323 319 1369 a
344 1315 431 1372 recta
455 1308 656 1377 institutione
679 1309 828 1376 deviasse
852 1309 1003 1390 potuerit,
1021 1306 1245 1389 requirendam
1263 1305 1386 1388 judica·

302 1404 407 1470 vimus
429 1407 637 1486 apostolicam
661 1407 788 1486 Sedent,
811 1416 844 1472 ut
867 1407 983 1472 dictam
1006 1406 1250 1472 Universitatem
1278 1412 1388 1469 exacte

303 1504 434 1570 visitare
460 1515 599 1570 curaret.
616 1511 703 1580 Quae
730 1507 849 1571 nostris
876 1506 1005 1570 monitis
1033 1505 1181 1570 inclinata
1209 1521 1385 1586 persuum

306 1601 462 1668 Nunnium
485 1604 566 1684 apud
593 1621 652 1669 nos
676 1605 868 1671 residentem
891 1605 1069 1687 designavit
1093 1604 1203 1670 lideles
1218 1613 1250 1669 et
1271 1604 1388 1670 charos

308 1711 438 1767 nostros
454 1703 602 1769 dominos
616 1704 769 1770 loannem
787 1705 949 1780 bruslum,
967 1721 1078 1770 sacrae
1094 1704 1274 1784 theologiae
1289 1702 1390 1766 licen·

309 1803 431 1874 lictum,
446 1801 589 1866 abbatem
608 1803 809 1876 lercensem,
824 1813 855 1869 et
870 1804 1063 1885 Stephanum
1080 1801 1291 1885 craesbeeck,
1306 1799 1388 1882 juris

308 1902 475 1981 utriusque
497 1902 660 1966 doctorem
684 1913 714 1966 et
739 1915 883 1968 nostrum
908 1904 939 1965 in
964 1903 1131 1966 brabantia
1153 1899 1387 1971 corrsiliarium,

306 2001 387 2063 dans
403 2000 523 2064 eisdem
541 2001 657 2064 dictam
673 2001 918 2065 Universitatem
934 2001 965 2064 in
982 2001 1132 2066 omnibus
1148 2000 1216 2064 suis
1238 1999 1390 2063 membris

305 2099 477 2172 visitandi,
507 2099 699 2163 relormandi
739 2109 770 2164 at
809 2099 989 2180 corrigendi
1031 2099 1156 2180 plenam
1196 2097 1390 2163 facultatem.

307 2197 428 2272 Quibus
455 2207 486 2262 et
513 2213 584 2273 nos,
608 2209 640 2261 ut
667 2207 728 2262 tam
756 2211 867 2264 sancto
894 2209 924 2264 et
951 2197 1135 2263 necessario
1161 2197 1251 2278 operi
1279 2213 1393 2260 manus

307 2297 546 2374 adhiberemus,
562 2313 689 2361 omnem
707 2307 860 2371 nostram,
878 2307 1037 2378 quatenus
1052 2297 1100 2362 eis
1117 2295 1298 2361 necessaria
1311 2301 1391 2368 erat,

307 2395 503 2460 contulimus
531 2405 733 2476 potestatem.
756 2396 981 2462 lniormatione
1007 2405 1112 2462 autem
1139 2411 1156 2459 a
1182 2394 1276 2459 dictis
1305 2411 1392 2458 com·

310 2493 466 2558 missariis
483 2504 628 2574 accepta,
639 2506 671 2559 et
682 2495 832 2560 omnibus
849 2495 1023 2576 prudenter
1037 2505 1068 2560 et
1083 2503 1194 2560 exacte
1210 2493 1390 2574 perpensis,

308 2593 545 2673 subsequentes
569 2593 657 2675 leges
680 2595 855 2675 apostoliea
879 2595 1068 2659 auctoritate
1083 2603 1114 2658 et
1131 2601 1239 2658 nostra
1255 2595 1294 2655 ab
1311 2591 1392 2670 ipsis

309 2694 419 2766 lactas,
438 2709 475 2755 ac
492 2691 619 2756 [lectori
637 2693 772 2788 aliisque
787 2693 891 2758 dictae
907 2693 1131 2758 Universitatis
1154 2691 1395 2772 professoribus

308 2801 338 2854 et
376 2790 552 2870 suppositis
590 2791 768 2872 impositas,
802 2792 1008 2857 strictissime
1043 2789 1208 2858 observari
1249 2790 1396 2854 volumus

309 2897 403 2970 atque
422 2891 619 2955 scandamus.

353 3058 366 3095 r
385 3037 454 3112 Quo
467 3037 631 3118 prooemio
645 3039 728 3104 lecto
741 3038 905 3119 lippescit
918 3036 1266 3120 magnificusdominus
1278 3037 1396 3100 hector

311 3137 341 3200 in
361 3136 581 3202 Universltatis
604 3137 867 3204 deliberationem
892 3155 932 3202 an
955 3138 1071 3202 dictam
1095 3135 1310 3200 visitationem
1334 3135 1395 3199 snb

347 3371 387 3442 (ll
407 3371 444 3424 Le
460 3377 631 3436 prooemium
651 3387 704 3442 que
724 3386 839 3442 propcse
859 3369 894 3426 ici
915 3369 1002 3426 l'abbe
1021 3370 1055 3424 de
1076 3369 1147 3424 Parc
1166 3369 1262 3423 differe
1275 3369 1309 3424 de
1324 3369 1398 3424 celui
1495 3435 1499 3444 ¹

310 3461 358 3534 qui
372 3463 460 3530 ligure
473 3477 506 3515 en
520 3466 575 3516 tete
589 3462 622 3516 da
638 3462 716 3516 l'acte
730 3462 763 3516 de
778 3461 866 3516 Visite
880 3460 972 3532 publii
987 3463 1013 3515 le
1025 3461 1043 3516 5
1057 3462 1211 3531 septembre
1228 3459 1307 3516 1617.
1325 3460 1398 3514 Dans

310 3569 341 3606 ce
353 3552 474 3618 dernier,
491 3555 531 3604 les
549 3551 637 3606 droils
650 3557 676 3605 et
692 3552 717 3606 le
736 3569 869 3606 concours
882 3552 918 3606 du
934 3552 1121 3620 Saint-Siege,
1137 3549 1256 3604 affirmes
1269 3549 1304 3604 ici
1317 3551 1399 3604 d'une
1488 3543 1491 3550 Δ

311 3642 434 3696 meniere
447 3646 503 3695 tres
520 3642 660 3714 explicite,
675 3659 710 3696 oe
727 3651 785 3696 sont
810 3643 981 3696 mentionees
1000 3659 1054 3714 que
1074 3659 1122 3712 per
1136 3643 1162 3694 la
1181 3639 1279 3711 simple
1299 3640 1399 3710 phrase

311 3733 429 3788 anodine
442 3737 544 3798 juncta
562 3740 702 3799 imprimis
720 3735 827 3788 Summi
848 3734 992 3799 Pontificio
1009 3739 1177 3789 auctoritate.
1202 3733 1239 3785 De
1256 3737 1318 3785 tout
1338 3733 1398 3786 cela

312 3825 332 3877 il
356 3823 459 3878 resulto
481 3823 641 3880 clairement
661 3841 715 3897 que
739 3826 765 3880 le
789 3825 847 3879 rote
867 3823 942 3896 Joue,
966 3833 982 3878 a
1004 3841 1103 3896 propos
1125 3825 1159 3878 de
1180 3823 1207 3876 ls
1230 3821 1399 3893 publication

312 3913 464 3968 solennellc
477 3915 510 3968 de
525 3916 551 3967 le
572 3915 668 3978 Visite,
685 3932 734 3986 par
753 3915 841 3969 l'abbti
862 3915 977 3970 Drusius
996 3916 1065 3969 n'est
1085 3931 1133 3985 pas
1153 3921 1169 3967 d
1189 3911 1266 3967 l'abri
1286 3913 1320 3966 de
1338 3918 1399 3966 toul

313 4003 460 4073 reprecb03
483 4005 502 4057 il
522 4006 560 4075 s'y
579 4011 621 4060 est
642 4005 747 4060 mentre
769 4008 910 4076 beaucoup
928 4011 990 4076 trop
1004 4005 1088 4060 laible
1102 4005 1171 4057 vis-a
1183 4005 1224 4057 ris
1236 4004 1271 4056 du
1287 4002 1402 4073 pouroir

312 4094 387 4148 civil.
406 4095 523 4166 Paquot,
538 4097 607 4150 dans
620 4113 664 4150 ses
678 4099 757 4152 Fasti
771 4099 927 4152 Academici
940 4093 1126 4161 manuscripti
1139 4095 1184 4162 (ll,
1201 4113 1227 4166 p.
1241 4093 1315 4164 433).
1331 4093 1400 4148 ecrit

315 4191 375 4239 doe
388 4189 460 4256 sujet
476 4205 482 4239 :
501 4211 513 4232 ι·
530 4187 589 4251 Qua
609 4187 763 4244 visitatione
782 4189 813 4260 til
834 4187 914 4260 s'agit
933 4187 967 4242 ici
988 4187 1022 4242 de
1041 4187 1177 4261 l'enquete
1201 4183 1400 4259 prelimiaairs)
