3240 4946
707 397 892 464 -ten-
993 473 997 481 ⁸

256 576 380 643 ratione
407 580 589 644 assessoris
616 579 655 644 ad
686 595 798 646 manus
830 580 1026 645 notariorum
1057 579 1272 659 predictorum
1300 583 1340 648 de

256 675 405 755 trimestri
428 675 463 757 jn
486 679 659 752 trimestre,
685 680 744 743 sub
768 697 847 760 pena
871 679 1096 760 suspensionis
1118 679 1157 744 ab
1180 681 1281 745 ollrtiu
1299 681 1337 745 ad

255 773 418 841 bimestre.
443 776 643 842 Tenerentur
664 779 759 844 eliam
785 789 1010 860 procuratores
1033 779 1093 843 sub
1119 781 1229 844 eadem
1248 781 1337 860 'pena

248 871 333 952 jnlra
346 891 403 940 sex
418 875 500 952 dies,
514 887 683 958 postquam
701 895 757 960 per
770 879 908 959 aliquem
925 895 964 942 ex
980 877 1113 958 notariis
1126 878 1201 943 dicti
1214 879 1336 944 domini

252 975 493 1038 conseruatoris
529 975 673 1057 requisiti
710 985 833 1052 essent,
865 977 996 1042 cedulas
1033 993 1244 1058 expensurum
1279 995 1335 1060 per

248 1069 357 1150 ipsum
395 1074 552 1138 notarium
586 1074 645 1156 sibj
679 1075 758 1156 tradj
790 1077 957 1156 petitarum
987 1076 1177 1142 deliberare.
1208 1077 1335 1144 Ponens

248 1169 334 1250 jdem
351 1172 501 1237 dominus
518 1183 624 1239 rector
637 1173 671 1256 jn
688 1175 920 1240 deliberatione
937 1175 1139 1240 dominorum
1162 1191 1200 1240 an
1224 1176 1335 1242 huius-

254 1269 338 1336 modi
360 1281 537 1352 conceptus
562 1275 720 1354 placeant.
738 1276 841 1356 Super
863 1293 927 1355 quo
945 1275 1137 1354 uniuersitas
1153 1275 1336 1340 deliberans

251 1368 409 1434 conclusit
439 1372 524 1452 quod
554 1373 733 1441 antedictus
765 1373 956 1439 Franciscus
992 1374 1032 1438 de
1070 1373 1168 1455 Ligno
1204 1375 1336 1456 recipiat

251 1467 367 1531 dictam
397 1469 581 1546 blanciam3
610 1472 662 1553 quj
691 1489 748 1552 pro
775 1491 835 1538 suo
862 1473 991 1537 sallario
1018 1473 1057 1537 de
1085 1473 1291 1552 processibus
1317 1493 1334 1538 a

252 1566 352 1646 prima
378 1569 430 1632 die
457 1569 577 1634 mensis
603 1571 796 1651 septembris
824 1573 967 1652 proxime
997 1571 1139 1653 preteriti
1171 1588 1272 1652 usque
1299 1575 1333 1654 jn

252 1666 336 1730 bunc
361 1668 445 1732 diem
473 1669 601 1734 babebit
628 1671 788 1735 decimum
814 1672 958 1751 quintum
985 1671 1171 1746 denarium;
1199 1671 1239 1736 de
1263 1672 1334 1752 alijs

249 1774 354 1830 autem
383 1769 592 1848 processibus
615 1770 792 1850 induturum
817 1770 975 1850 agitandis
996 1769 1124 1834 babebit
1145 1769 1334 1850 vigesimum

251 1867 437 1942 denarium;
453 1877 483 1932 et
500 1870 583 1948 qood
601 1870 641 1932 de
657 1869 792 1950 singulis
810 1871 902 1934 iaciat
917 1885 1013 1934 vnum
1032 1871 1200 1949 registrum
1217 1887 1256 1933 ex
1271 1887 1335 1950 quo

249 1974 433 2044 computum
460 1977 492 2031 el
518 1967 673 2032 rationem
704 1969 813 2034 reddet
845 1969 885 2032 de
916 1968 1066 2048 trimestri
1094 1968 1128 2048 ju
1161 1968 1333 2032 trimestre.

250 2063 479 2132 Procuratores
515 2075 619 2130 autem
652 2085 707 2146 per
733 2067 841 2148 jpsum
872 2067 1016 2148 requisiti
1050 2067 1241 2132 tenebuntur
1270 2067 1332 2148 sibj

248 2165 400 2231 exlribere
416 2167 548 2232 cedulas
563 2185 773 2250 expensarum
791 2167 851 2264 sub
869 2185 947 2248 pena
965 2179 1115 2249 pretacla.

607 2311 674 2366 Aca
693 2311 892 2377 Universiletis,
908 2311 942 2380 V,
957 2311 1005 2370 fol.
1020 2311 1066 2382 ciij
1082 2319 1107 2366 r⁰
1120 2329 1177 2367 sav.

287 2479 324 2543 3l
344 2481 405 2544 mei
423 2481 511 2545 ldlla.
533 2482 683 2548 Rectcrat
699 2483 738 2548 de
753 2483 891 2566 lacques
910 2485 1057 2566 Bogaert.

290 2661 344 2725 [lie
372 2663 481 2726 martis
508 2663 614 2728 ultima
643 2665 762 2730 mensis
790 2665 861 2746 maij
886 2665 1006 2746 jodicta
1037 2665 1094 2730 luit
1123 2667 1329 2747 congregatio

246 2759 464 2826 uniuersitatis
494 2764 576 2844 apud
608 2763 829 2829 Predicalores
857 2765 942 2846 iuter
973 2782 1087 2829 nonam
1115 2773 1146 2830 et
1172 2765 1327 2830 decimam
1389 2857 1391 2860 Ι

247 2857 342 2922 boras
358 2869 431 2924 ante
448 2862 610 2926 meridiem
628 2881 725 2944 super
741 2864 803 2945 lrijs
819 2865 975 2930 articulis.
1224 2869 1243 2918 θ

287 3057 405 3121 Deinde
431 3060 571 3124 narrauit
596 3061 746 3126 dominus
772 3073 879 3127 rector
904 3063 1040 3143 qualiter
1071 3063 1181 3142 paucis
1211 3061 1326 3126 diebus

242 3155 360 3236 elapsis
376 3173 414 3222 ex
431 3157 632 3224 ordinatione
648 3161 850 3225 dominorum
868 3161 1091 3242 deputatorum
1107 3159 1326 3226 uniuersitatis

242 3255 1325 3340 dominusdoctormagisterl'etrusdeTlrenisjnquisiuitadomino

241 3365 472 3419 conseruatore
488 3365 641 3437 quantum
654 3359 692 3421 ab
710 3359 918 3422 uniuersitate
934 3369 1056 3439 peteret
1071 3375 1127 3436 pru
1143 3357 1202 3439 sibj
1223 3373 1325 3437 nuper

240 3464 384 3534 exparte
407 3455 626 3521 uniuersitatis
649 3473 807 3538 generose
830 3457 966 3522 addictis
989 3457 1027 3520 nd
1053 3455 1148 3522 imem
1173 3467 1205 3520 ut
1229 3473 1322 3521 suurn

238 3552 376 3641 tribunal
408 3553 610 3618 continuaret
640 3565 671 3620 el
696 3557 730 3636 jn
761 3573 1002 3636 recompensam
1029 3555 1119 3638 jllius
1150 3561 1234 3636 quod
1262 3553 1321 3635 sibj

239 3651 417 3716 detractum
444 3662 494 3717 est
517 3653 550 3733 jn
579 3653 765 3720 nouissimis
791 3655 1049 3720 ordinationibus
1076 3654 1241 3736 principis.
1263 3654 1322 3728 Qui

239 3749 368 3828 quidem
385 3751 535 3816 dominus
551 3763 763 3818 conseruntur
780 3755 902 3834 prelato
918 3754 1049 3820 domino
1065 3754 1188 3834 doctor]
1208 3753 1322 3834 magis-

240 3858 289 3911 tro
313 3849 406 3913 Petro
429 3850 468 3914 de
487 3851 606 3916 Tbenis
630 3853 856 3932 respondendo
879 3854 958 3917 dixit
984 3854 1081 3933 quod,
1105 3853 1234 3916 attentis
1261 3851 1320 3931 slbj

236 3947 427 4012 substractis
454 3949 582 4028 juribus
612 3969 674 4031 que
704 3953 882 4016 ascendunt
911 3953 948 4016 ad
978 3969 1122 4034 magnam
1150 3967 1319 4024 summam,

236 4045 429 4112 uniuersitas
447 4049 560 4121 merito
580 4050 640 4130 sibj
655 4052 732 4115 dare
751 4051 884 4117 deberet
903 4069 1008 4117 arinue
1031 4061 1160 4116 uentum
1182 4067 1319 4116 coronas

235 4155 436 4210 communes.
465 4148 605 4214 Tandem
644 4159 716 4230 post
755 4151 865 4233 longas
894 4151 1109 4220 conterendas
1139 4161 1170 4217 el
1201 4151 1317 4216 multas
