3222 4944
722 449 965 526 '—6ll-

331 641 529 724 praebendas
566 645 727 710 secundae
765 644 961 709 fundationis
999 644 1030 707 in
1066 644 1204 710 ecelesia
1233 644 1297 709 divi
1328 643 1417 712 Petri

329 758 469 807 annexas
486 742 614 816 babent,
631 751 663 808 et
679 742 894 823 magistratus,
912 743 955 806 uti
972 742 1091 807 dictum
1108 751 1168 818 est,
1183 753 1336 822 patronus
1352 755 1415 818 est.

328 841 543 906 existimarem
561 841 704 906 indictis
726 841 920 907 lectionibus
944 841 1022 906 nibil
1047 841 1206 906 immutari
1231 845 1414 934 possesed

327 938 555 1022 invigilandum
583 947 626 1018 ut,
644 939 714 1003 data
742 938 980 1020 opportunitate
1007 939 1171 1006 vacaritiae
1197 941 1245 1006 vel
1268 941 1414 1022 resigna-

327 1039 436 1115 tionis,
459 1039 666 1104 conlerantur
691 1039 814 1120 regenti
842 1052 874 1104 et
901 1040 1051 1122 magistro
1079 1039 1256 1105 rhetorices
1282 1039 1413 1122 collegii

325 1137 548 1202 satietissimne
563 1137 738 1216 Trinitatis,
756 1137 799 1203 uti
816 1140 977 1219 quondam
995 1139 1109 1204 laetum
1127 1139 1197 1204 luit.

843 1305 894 1367 ed.

368 1435 444 1500 ltem
474 1434 619 1499 visitatio
649 1435 715 1500 vult
743 1435 863 1517 gradus
894 1435 923 1498 in
955 1435 1014 1500 ista
1047 1435 1195 1501 tacultatc
1224 1435 1272 1501 sic
1302 1437 1370 1502 lieri
1401 1461 1408 1501 :

328 1534 576 1598 llelcrminobunt
596 1537 665 1597 noui
679 1533 769 1614 lopici
782 1537 881 1615 primo
896 1535 989 1598 studii
1003 1536 1053 1598 sui
1067 1535 1283 1617 quadrimeslrt
1298 1554 1410 1618 quoes-

323 1634 580 1709 immmortales,
598 1642 687 1698 elo...
705 1653 740 1697 uo
761 1635 793 1696 in
816 1641 952 1697 eatremo
978 1634 1091 1698 biennii
1116 1636 1261 1697 trimestri
1286 1635 1412 1716 quilibet

323 1732 540 1798 baccalaureus
575 1731 731 1796 licentium
766 1733 798 1796 in
833 1732 950 1796 ortibus
979 1735 1141 1797 intendens
1169 1734 1263 1796 semel
1288 1734 1413 1816 publice

324 1833 474 1912 desendet,
491 1840 555 1897 ete.

364 1979 504 2061 Uterque
526 1988 616 2044 actus
639 1969 789 2043 convtvto'
810 1977 1038 2043 solemnisatur
1064 1977 1256 2059 sumptnbns
1283 1979 1410 2045 studio-

323 2095 445 2143 sorum.
466 2076 570 2158 ntiqui
596 2075 716 2141 uellent
742 2075 855 2140 saltem
884 2092 980 2140 unum
1007 2093 1044 2141 ex
1069 2076 1164 2142 dictis
1189 2076 1345 2143 conviviis
1373 2077 1407 2142 in

321 2177 510 2242 alleviamen
533 2184 716 2256 sumptuum
740 2173 919 2249 relormari‚
943 2175 995 2238 alii
1020 2185 1189 2256 utrumque
1210 2176 1405 2250 continuari,

324 2275 396 2357 quia
423 2275 502 2340 alias
527 2283 618 2338 actus
645 2273 765 2338 nullum
793 2272 947 2339 baberent
971 2289 1182 2349 concursum;
1210 2283 1253 2350 et,
1274 2275 1301 2338 si
1327 2291 1408 2339 con-

323 2373 441 2439 vivium
471 2382 561 2438 actus
590 2371 854 2457 determinandae
883 2372 1101 2453 abrogandum
1139 2382 1279 2452 putetur,
1310 2373 1406 2437 etiam

320 2473 501 2554 judicarent
523 2473 627 2554 ipsum
649 2479 766 2548 actum,
786 2479 896 2552 utpote
913 2471 1031 2536 nulllus
1048 2471 1193 2536 utilitatis
1210 2488 1266 2552 pro
1282 2472 1407 2538 studio·

321 2571 379 2648 sis,
396 2569 606 2636 omittendum
622 2586 707 2636 esse.

361 2669 548 2736 Conuiuium
577 2678 683 2734 actem
713 2669 797 2750 quod
825 2669 857 2734 in
887 2677 958 2734 actu
989 2669 1114 2734 lormali
1143 2669 1238 2734 datur
1268 2669 1402 2750 phisicis

321 2769 466 2851 plerique
488 2769 638 2833 estimant
661 2767 909 2844 reformandum,
928 2785 991 2833 non
1014 2778 1136 2833 tantum
1159 2768 1232 2850 qnia
1258 2769 1343 2834 eadit
1370 2771 1403 2832 in

319 2883 490 2950 gravamen
512 2867 744 2941 studiosorum,
762 2867 819 2932 sed
841 2868 972 2948 insuper
987 2869 1081 2933 etiam
1097 2867 1171 2949 quia
1187 2867 1282 2948 logici
1299 2867 1329 2930 in
1346 2867 1403 2932 illo

320 2985 383 3033 non
414 2966 622 3049 participant;
653 2967 707 3047 qui
745 2967 817 3032 ideo
855 2967 991 3048 collegio
1028 2967 1227 3043 emittuntur,
1257 2967 1332 3030 alibi
1369 2966 1403 3030 in

318 3067 448 3132 taberna
479 3064 540 3131 sibi
570 3065 752 3130 convivium
784 3076 968 3146 procurant,
996 3076 1025 3131 et
1055 3067 1182 3146 vesperi
1211 3080 1274 3129 non
1301 3065 1404 3130 sobrii

318 3173 535 3241 revertuntur,
557 3173 587 3231 et
611 3164 754 3248 phisicus
776 3164 858 3230 bene
882 3175 991 3244 pastos
1014 3164 1190 3246 reperiunt.
1214 3163 1292 3228 ilinc
1318 3163 1404 3228 ordi·

318 3267 407 3332 narie
423 3283 481 3347 per
496 3275 621 3331 noctem
635 3263 739 3346 jurgia
756 3273 786 3328 et
801 3264 1020 3329 dissentiones
1036 3263 1194 3330 oriuntur.

360 3413 420 3476 Pro
443 3409 585 3476 remedio
602 3419 745 3491 putarem
761 3411 936 3476 convenire
953 3419 985 3475 ul
1001 3410 1149 3492 regentes
1165 3427 1237 3476 cum
1255 3409 1403 3492 proviso-

316 3510 405 3575 ribus
435 3509 684 3594 pedagogiorum
720 3519 752 3574 et
788 3510 949 3591 aliquibus
986 3509 1226 3591 professoribus
1262 3510 1405 3590 desuper

315 3610 540 3688 deliberarent,
558 3616 589 3674 et
604 3607 690 3689 quod
706 3609 904 3674 conveniens
921 3617 1069 3688 putarent
1085 3608 1325 3674 concluderent.

835 3773 887 3836 ed.

358 3906 433 3970 ltem
447 3905 641 3970 aitVisitetio
656 3925 662 3970 :
678 3906 759 3984 Quia
773 3906 805 3968 in
817 3906 921 3968 eadem
937 3906 1085 3985 facultate
1100 3907 1211 3970 ortium
1228 3909 1403 3987 frequentes

313 4011 386 4066 sunl
407 4011 492 4067 aelus
514 4005 689 4068 doctorales
710 4023 765 4068 seu
781 4004 992 4081 biredotionis,
1008 4013 1041 4068 nl
1057 4014 1177 4084 coeunt,
1195 4005 1403 4086 relitrquimus

313 4103 439 4175 (leodico.
469 4103 640 4183 repentibus
669 4115 697 4166 et
724 4104 951 4186 professoribus
988 4106 1123 4182 ejusdem
1160 4105 1333 4184 facultatis,
1365 4113 1402 4166 ul

311 4201 458 4266 lucterius
489 4201 676 4266 obseruatum
704 4204 953 4267 consuetudinem
983 4221 1019 4268 co
1049 4205 1081 4266 in
1111 4223 1144 4267 re
1172 4205 1330 4268 observent
1362 4219 1401 4264 oe

313 4301 500 4364 continuent.
