3222 4944
691 449 877 520 -tos-

238 639 410 716 senserint,
429 641 542 706 saltem
560 657 616 720 per
631 639 769 720 aliquem
785 639 883 704 semel
909 639 939 702 in
966 656 1087 704 mense.
1105 641 1172 715 Que
1195 637 1322 720 quidem
1371 657 1373 667 ¹

239 740 453 822 repeticiones
477 749 508 805 et
533 741 775 820 disputaciones
799 738 874 802 liant
897 739 1010 803 diebus
1038 757 1100 803 oon
1126 740 1321 820 legibilibus,

238 841 300 916 vel,
332 841 359 905 si
397 842 560 921 contingat
590 856 646 904 eas
677 838 745 903 lieri
775 838 889 903 diebus
919 839 1113 920 legibilibus,
1145 839 1221 904 liant
1252 840 1352 921 post'

238 939 406 1020 prandium
424 939 501 1001 lmra
518 938 679 1012 seeunda3
696 946 727 1001 et
744 945 818 1002 tunc
833 938 977 1019 legentes
993 937 1033 1001 de
1053 955 1127 1002 sero
1151 938 1322 1018 explebunt

235 1038 389 1105 lectiones
405 1053 480 1102 suas
496 1037 535 1100 de
553 1054 643 1101 mure
660 1046 731 1117 post
746 1035 901 1102 lectiones
917 1036 1109 1101 ordinarias.

278 1171 353 1236 ltem
366 1187 437 1235 oum
451 1169 609 1240 doctrina,
620 1170 660 1232 ita
676 1178 708 1234 ut
721 1170 914 1250 premissum
926 1177 986 1243 est,
1003 1170 1082 1250 lrugi
1096 1169 1316 1235 distribuenda

235 1287 348 1334 casum
376 1269 417 1332 sit
444 1287 506 1332 non
535 1269 565 1330 in
594 1279 724 1340 terram,
748 1269 802 1332 sed
833 1269 863 1330 in
890 1269 1001 1348 spinas
1024 1279 1078 1332 aut
1101 1269 1235 1348 lapides,
1259 1271 1319 1333 nisi

235 1385 440 1448 summopere
457 1376 662 1448 prospectum
676 1368 716 1430 sit
732 1367 769 1430 ad
785 1384 904 1442 mores,
918 1368 1121 1448 diligenciam
1135 1375 1166 1433 et
1178 1368 1318 1433 studium

235 1467 429 1543 auditorum,
458 1466 558 1530 acad
586 1483 621 1530 ea
649 1483 711 1547 que
737 1467 823 1530 illam
846 1475 961 1532 etatem
986 1483 1003 1530 a
1031 1477 1117 1532 reeta
1140 1467 1267 1531 virtutis
1290 1478 1321 1533 et

236 1566 372 1632 scientie
401 1565 450 1628 via
480 1567 640 1630 divertere
669 1567 787 1640 solent,
819 1565 937 1646 optima
968 1567 1037 1648 lege
1067 1574 1115 1631 est
1152 1583 1208 1632 seu
1243 1567 1320 1648 iugo

226 1664 432 1739 ,coercendm
470 1664 639 1728 statuimus
669 1674 700 1729 et
730 1665 946 1740 decernimus,
986 1665 1070 1746 quod
1109 1665 1139 1727 in
1179 1666 1320 1746 prodicta

237 1777 344 1830 nostra
372 1761 584 1828 Universitate
611 1763 774 1844 erigantur
802 1763 911 1838 tutele,
942 1781 1075 1844 quarum
1102 1765 1167 1829 sint
1197 1773 1320 1830 tutores

213 1879 214 1882 ’
236 1863 331 1944 aliqui
355 1863 505 1928 doctores
530 1879 592 1926 non
614 1862 757 1942 legentes
774 1863 930 1927 lectiones
946 1863 1136 1936 ordinarias,
1155 1863 1204 1926 vel
1221 1864 1320 1929 lieen-

236 1962 314 2036 tiati,
340 1961 398 2025 viri
422 1961 551 2025 litterati
576 1970 607 2024 et
631 1959 712 2025 bene
737 1960 930 2041 morigerati,
948 1961 1001 2042 qui
1024 1961 1086 2025 sibi
1110 1963 1149 2026 de
1172 1963 1320 2028 domibus

236 2060 319 2144 aptis
336 2068 366 2125 et
382 2060 541 2141 speciosis
558 2059 746 2141 provideant
761 2061 800 2123 ad
824 2060 996 2125 tenendum
1012 2070 1133 2125 eertum
1152 2079 1319 2128 numerum

238 2145 410 2226 s‘colarium
434 2158 566 2223 alterius
590 2157 681 2238 juris.
706 2161 845 2232 Quarum
873 2158 1044 2223 tutelarum
1072 2159 1220 2224 volumus
1247 2179 1321 2227 esse

237 2257 403 2321 limitatum
429 2272 612 2330 numerum;
638 2256 694 2320 sed
720 2256 892 2336 unicuique
918 2256 1041 2320 doctori
1068 2257 1118 2322 vel
1146 2257 1318 2330 licentiato,

235 2357 287 2438 qui
318 2365 421 2420 tamen
452 2355 490 2418 ad
517 2355 578 2419 boc
608 2371 664 2436 per
694 2356 874 2420 facultatem
899 2355 980 2437 juris
1006 2367 1190 2436 compertus
1228 2359 1322 2422 luerit

235 2456 384 2528 idoneus,
409 2455 543 2520 liberum
568 2455 609 2517 sit
632 2455 761 2518 tutelam
785 2455 921 2536 erigere.
951 2457 1050 2528 Quam
1077 2457 1172 2519 etiam
1197 2458 1322 2538 erigere

236 2555 352 2635 poterit
382 2553 586 2634 quicumque,
618 2553 671 2634 qui
703 2553 817 2618 babeat
846 2555 1010 2618 doctorem
1044 2555 1091 2618 rel
1124 2555 1318 2621 licentiatum

236 2653 385 2717 idoneum
402 2653 440 2716 ad
457 2669 541 2716 onus
559 2652 675 2716 tutoris
691 2653 927 2733 exequendum.

278 2784 374 2865 Cujus
398 2784 512 2849 tutoris
535 2783 675 2848 officium
699 2784 759 2849 crit
782 2784 950 2864 providere
974 2784 1165 2861 scolaribus,
1183 2786 1236 2866 qui
1257 2787 1318 2850 sub

236 2885 332 2948 tutela
355 2901 412 2948 sua
435 2892 540 2959 erunt,
565 2881 604 2948 de
627 2884 723 2948 dorno
747 2893 777 2948 et
794 2900 919 2948 carnem
936 2883 1128 2957 sufficiente,
1146 2893 1176 2948 et
1192 2885 1231 2948 de
1247 2903 1316 2961 osu,

234 2991 308 3063 potu
332 2991 363 3046 at
387 2982 458 3062 igno
480 2983 640 3046 communi
665 2999 722 3063 pro
746 2993 835 3048 certo
861 2984 974 3062 pretio,
1000 2983 1084 3063 quod
1109 2985 1148 3046 ad
1173 2983 1233 3048 boc
1255 3003 1315 3047 uua

175 3115 179 3123 ,
232 3097 303 3144 num
331 3079 425 3144 modo
448 3081 574 3145 vivendi
599 3069 829 3162 designabitur,
855 3093 886 3145 et
914 3083 995 3145 ultra
1025 3084 1085 3146 lroc
1112 3082 1150 3144 ad
1178 3081 1317 3145 officium

234 3179 336 3258 ipsius
360 3179 474 3243 tutoris
500 3179 669 3258 pertinebit
693 3180 731 3242 ad
757 3197 864 3244 mores
887 3192 918 3244 et
943 3181 1146 3259 disciplinam
1175 3181 1319 3259 ipsorum

235 3280 408 3344 scolarium
426 3279 884 3360 attendere,quemadmodum
903 3280 1036 3343 interius
1049 3279 1279 3360 designabitur.

277 3411 445 3491 Propterea
473 3411 638 3476 hortamur
660 3421 690 3474 et
711 3427 954 3475 commonemus
981 3411 1136 3485 scolares,
1165 3411 1218 3491 qui
1246 3423 1318 3476 actu

234 3510 377 3576 resident
393 3509 424 3573 in
442 3510 582 3590 predicta
599 3510 811 3575 Universitate
834 3520 864 3574 et
884 3511 1011 3574 luerunt
1027 3509 1087 3573 sub
1103 3510 1202 3574 altera
1220 3511 1318 3574 laeul-

237 3619 332 3674 tatum
361 3609 443 3689 juris
473 3609 550 3673 eitra
581 3607 765 3681 trienninm,
797 3619 827 3672 et
853 3625 910 3673 eos
936 3609 990 3688 qui
1016 3608 1141 3672 illarum
1172 3610 1316 3682 alteram,

235 3709 387 3790 deinceps
400 3707 553 3789 iurabunt
575 3715 731 3788 quatenus
755 3708 836 3784 intra
853 3707 1044 3770 dominicam
1061 3709 1100 3772 de
1123 3709 1318 3780 Quasimodo

236 3807 423 3888 proximam,
441 3823 516 3871 caso
533 3822 597 3887 quo
612 3815 704 3870 antea
723 3805 819 3869 tutele
837 3815 945 3884 parate
970 3821 1030 3868 non
1055 3806 1181 3878 luerint,
1200 3807 1321 3872 intrent

235 3921 328 3970 unam
345 3923 381 3970 ex
400 3905 551 3986 predictis
569 3905 688 3977 tutelis,
707 3919 800 3984 qoam
818 3903 879 3984 ipsi
903 3903 952 3968 rel
976 3913 1125 3984 parentes
1147 3905 1196 3968 sui
1218 3905 1318 3986 elege-

234 4006 313 4078 rint;
340 4015 370 4068 et
395 4005 423 4066 in
449 4003 516 4084 ipsa
539 4004 701 4068 resideant
724 4013 756 4068 et
779 4001 919 4066 studium
945 4003 1144 4077 continuent,
1171 4005 1319 4068 videlieet

235 4103 290 4180 illi,
322 4104 374 4184 qui
402 4103 466 4184 jam
497 4104 625 4166 suerunt
655 4103 685 4164 in
717 4103 815 4165 altera
853 4101 1002 4166 falcultate
1033 4102 1112 4165 citra
1147 4103 1317 4166 triennium

232 4201 359 4276 saltem,
373 4203 525 4283 usquead
541 4200 770 4281 perlectionem
785 4199 928 4273 triennii;
943 4200 1051 4274 etalii,
1066 4201 1119 4281 qui
1133 4201 1317 4279 advenient,
