3100 4942
610 400 797 466 -tts-

149 585 209 652 uel
225 584 370 662 diuisim,
388 583 575 648 Wnnemus
591 583 673 649 Bont
694 581 863 666 rariusque
875 581 959 665 iuris
982 583 1110 660 doctor,
1126 583 1253 650 domini

155 683 265 752 nostri
294 699 376 766 pape
407 682 605 764 capellanus,
632 690 664 746 et
693 681 796 762 ipsius
825 681 910 748 sacri
941 682 1048 762 palatii
1078 698 1250 748 causarum

155 783 290 848 auditor
318 798 444 848 necnon
473 781 729 846 archidiaconus
758 779 1016 862 Antwerpiensis
1049 781 1081 844 in
1112 783 1249 848 ccclesia

148 880 400 955 cameracensi,
416 879 576 946 Executor
597 879 637 944 ad
654 878 859 961 infrascripta
876 895 1011 944 unacum
1035 879 1252 962 infrascriptis

156 979 286 1046 nostris
309 979 341 1044 in
363 979 424 1046 luae
450 989 540 1059 parte
562 978 800 1061 collegiorum
827 976 881 1041 illa
907 977 1062 1054 clausula,
1089 981 1254 1054 Quatenus

152 1095 217 1144 wros
233 1079 286 1144 vel
303 1077 378 1156 duo,
395 1087 449 1144 aut
463 1094 548 1142 unus
569 1087 713 1142 vestrum
728 1086 790 1141 etc.
808 1093 826 1141 a
841 1085 952 1142 sancta
974 1077 1053 1142 sede
1076 1077 1254 1158 apostoliea

148 1177 345 1257 deputatus,
368 1175 509 1241 Salutem
532 1174 563 1238 in
587 1174 731 1250 domino,
749 1174 934 1256 nostrisque
956 1174 1141 1241 huiusmodi
1163 1193 1254 1242 mau-

155 1275 245 1341 datis
260 1292 335 1357 ymo
350 1274 458 1340 verius
473 1272 663 1355 apostolicis
687 1272 821 1338 tirmiter
836 1272 980 1339 obedire.
1000 1273 1135 1340 Litteras
1158 1291 1254 1340 sanc-

150 1373 281 1440 tissimi
305 1374 337 1438 in
361 1372 488 1438 Christo
509 1372 631 1439 domini
656 1371 758 1438 nostri
781 1372 903 1436 domini
921 1419 928 1436 .
948 1418 957 1436 .
980 1372 1126 1454 Eugeuii,
1144 1373 1254 1439 diuina

159 1472 365 1553 prouidentia
388 1488 470 1554 pape
491 1471 609 1553 quarti,
627 1470 698 1536 eius
719 1487 794 1536 sera
817 1471 902 1536 bulla
918 1472 1067 1553 plumbea
1089 1489 1162 1538 cum
1178 1490 1253 1539 cor·

150 1571 237 1636 dula
253 1570 386 1651 canapis
402 1585 493 1634 more
508 1569 651 1636 Romane
663 1569 753 1634 curie
768 1569 974 1650 impendente
989 1570 1138 1647 bullatas,
1155 1587 1252 1636 sanas

157 1678 194 1735 ct
218 1669 375 1750 integras,
401 1683 465 1732 non
487 1668 631 1744 viciatus,
657 1684 721 1732 non
744 1667 950 1743 cancellatas,
968 1685 1072 1750 neque
1092 1669 1125 1732 in
1147 1670 1254 1752 aliqua

161 1767 213 1834 sui
240 1779 332 1848 parte
354 1775 536 1847 suspectas,
556 1767 613 1832 aed
637 1767 723 1832 omni
749 1783 883 1848 prorsus
905 1768 989 1833 vicio
1012 1778 1044 1835 et
1066 1768 1254 1850 suspicione

161 1875 316 1932 serentes
327 1875 360 1930 vt
372 1866 474 1948 prima
487 1865 567 1931 sacia
582 1867 766 1946 apparebat,
782 1866 875 1931 nobis
892 1882 950 1948 per
961 1867 1137 1932 discretum
1150 1866 1254 1932 virum

154 1963 397 2030 iohannem..
418 1963 523 2028 .alius
550 1963 710 2037 Bierman,
737 1974 897 2028 assertum
920 1964 1093 2047 syndicum
1121 1974 1152 2030 et
1178 1981 1253 2047 pro·

162 2072 350 2130 curatorem
384 2062 617 2128 uenerabilium
652 2061 858 2128 dominorum
893 2063 1119 2130 Vniuersitatis
1154 2062 1255 2144 Studij

163 2161 254 2242 opidi
272 2161 483 2226 Louanicnsis
497 2160 584 2226 dicte
600 2161 789 2227 leodiensis
809 2161 971 2242 dyocesis,
988 2178 1098 2228 coram
1122 2161 1256 2242 notariis

165 2259 306 2340 publicis
321 2269 353 2324 at
369 2259 504 2326 testibus
519 2259 734 2340 infrascriptis
751 2271 965 2340 presentatus,
980 2278 1040 2326 nos
1056 2277 1128 2326 cum
1142 2276 1179 2325 ea
1195 2276 1257 2342 qua

164 2359 279 2424 decuit
309 2357 495 2424 reuerencia
525 2357 688 2440 recepisse
719 2359 890 2424 ueneritis.
922 2358 1063 2434 Quarum
1095 2369 1186 2425 tenor
1215 2359 1256 2424 de

164 2457 267 2524 rerlto
283 2458 321 2522 ad
338 2459 470 2522 verbum
487 2457 635 2538 sequitur
656 2468 687 2522 et
709 2467 758 2522 est
782 2459 867 2524 telis.
885 2460 1038 2524 Eunomus
1053 2469 1115 2524 etc.
1138 2459 1208 2525 Suit
1230 2458 1257 2522 lc

158 2563 251 2622 ‘aare
272 2555 400 2638 complet
420 2558 456 2619 de
477 2557 509 2619 lo
530 2554 612 2618 lulla
632 2557 674 2618 da
696 2554 736 2618 23
758 2557 821 2620 moi
843 2555 934 2635 1443,
952 2575 1010 2640 pue
1025 2574 1103 2620 nous
1119 2556 1256 2620 donnons

161 2657 332 2730 cidaras,
347 2673 400 2737 pp.
419 2654 569 2720 lea-lta.

209 2758 326 2829 Qureus
354 2772 466 2824 aurosa
495 2753 612 2819 litteris
636 2754 825 2834 apostolicis
856 2754 949 2818 nobis
978 2764 1009 2820 et
1040 2771 1096 2836 per
1126 2771 1197 2830 nos,
1226 2763 1258 2820 vl

169 2853 381 2935 premittitur,
409 2853 600 2933 presentatis
627 2862 722 2934 atque
748 2851 906 2934 receptis,
936 2853 1104 2934 productis
1130 2869 1258 2935 quoque

168 2953 320 3034 primitus
342 2969 451 3018 coram
467 2951 561 3016 nobis
583 2967 641 3034 per
656 2953 776 3016 dictum
791 2953 970 3018 iohannem
986 2952 1133 3018 Bierman
1149 2968 1256 3018 asser·

162 3061 236 3116 tum
263 3051 435 3132 Syndicum
462 3067 519 3116 seu
548 3062 788 3131 procuratorem
813 3051 941 3116 nomine
966 3067 1030 3132 quo
1053 3067 1151 3132 supra
1175 3067 1255 3115 non·

169 3149 269 3214 nullis
285 3149 422 3228 testibus
446 3148 616 3230 ildedignis
639 3149 677 3212 ad
696 3148 931 3214 informandum
947 3149 1087 3214 animum
1113 3159 1258 3214 nostrum

163 3249 210 3314 de
232 3258 266 3314 et
287 3264 386 3329 super
409 3248 441 3311 in
468 3246 590 3312 eisdem
615 3247 805 3328 preinscrtis
831 3248 946 3312 litteris
969 3246 1157 3328 apostolicis
1180 3263 1258 3312 oon·

169 3347 269 3414 tentis
294 3355 390 3428 atque
413 3345 562 3418 narratis,
584 3345 696 3426 eisque
725 3363 780 3426 per
806 3362 865 3410 nos
884 3346 1037 3410 admissis
1061 3345 1202 3426 receptis
1225 3345 1257 3408 in

166 3447 272 3512 forma
295 3444 379 3526 juris
405 3444 522 3526 juratis
551 3453 646 3526 atque
679 3444 864 3526 diligentius
893 3443 1101 3516 examinatis,
1130 3443 1258 3508 tandem

166 3545 290 3610 luimus
306 3559 363 3624 per
377 3544 497 3609 dictum
511 3542 688 3608 iohannem
704 3543 825 3608 dictum
841 3545 1002 3619 Biertnan,
1014 3541 1185 3624 Spndioum
1199 3557 1256 3608 seu

167 3650 493 3724 procuratoremque
510 3657 608 3722 supra
625 3642 753 3706 nornine
770 3641 925 3706 instanter
939 3640 1084 3722 requisiti
1097 3650 1257 3722 quatenus

170 3741 210 3805 ed
236 3740 421 3816 earumdem
448 3741 625 3806 litterarum
651 3740 901 3822 apostolicarum
923 3750 955 3804 et
976 3749 1203 3806 contentorum
1225 3739 1258 3802 in

164 3839 293 3904 eisdem
308 3839 531 3904 executionem
540 3839 627 3921 juata
645 3857 702 3920 per
718 3855 774 3904 eas
788 3839 881 3906 nobis
898 3838 1045 3904 traditam
1060 3847 1088 3902 et
1102 3837 1258 3904 directam

171 3939 308 4003 sormam
326 3938 502 4019 procedere
518 3939 735 4020 dignaremur.
752 3938 818 4004 llos
840 3938 938 4020 igitur
954 3936 1146 4004 wilhelmus
1161 3937 1261 4004 Audi·

173 4045 236 4112 lor,
267 4037 524 4104 archidiaconus
553 4047 585 4104 et
613 4037 772 4104 Exeeutor
802 4037 955 4119 prelatus,
983 4037 1057 4120 quia
1086 4035 1259 4102 summaria

171 4133 401 4204 informatione
421 4154 520 4218 super
535 4137 704 4218 premissis
722 4153 777 4218 per
799 4153 859 4202 nos
880 4147 1021 4218 recepta,
1038 4153 1077 4204 ex
1099 4135 1259 4201 dictorum

258 4257 281 4300 a.
1140 4236 1175 4297 lt
