<?xml version="1.0" encoding="UTF-8"?>
<!DOCTYPE html PUBLIC "-//W3C//DTD XHTML 1.0 Transitional//EN"
    "http://www.w3.org/TR/xhtml1/DTD/xhtml1-transitional.dtd">
<html xmlns="http://www.w3.org/1999/xhtml" xml:lang="en" lang="en">
 <head>
  <title>
</title>
<meta http-equiv="Content-Type" content="text/html;charset=utf-8" />
  <meta name='ocr-system' content='tesseract 3.04.00' />
  <meta name='ocr-capabilities' content='ocr_page ocr_carea ocr_par ocr_line ocrx_word'/>
</head>
<body>
  <div class='ocr_page' id='page_1' title='image "./documentsrelati00reusgoog_0111.png"; bbox 0 0 3100 4942; ppageno 0'>
   <div class='ocr_carea' id='block_1_1' title="bbox 600 451 765 516">
    <p class='ocr_par' dir='ltr' id='par_1_1' title="bbox 600 451 765 516">
     <span class='ocr_line' id='line_1_1' title="bbox 600 451 765 516; baseline 0.006 -18"><span class='ocrx_word' id='word_1_1' title='bbox 600 451 765 516; x_wconf 79' lang='grc'>...99-</span> 
     </span>
    </p>
   </div>
   <div class='ocr_carea' id='block_1_2' title="bbox 125 631 1228 4259">
    <p class='ocr_par' dir='ltr' id='par_1_2' title="bbox 125 631 1228 4259">
     <span class='ocr_line' id='line_1_2' title="bbox 129 631 1228 714; baseline 0.003 -19"><span class='ocrx_word' id='word_1_2' title='bbox 129 631 317 714; x_wconf 79' lang='lat' dir='ltr'>dispendiis</span> <span class='ocrx_word' id='word_1_3' title='bbox 333 631 474 705; x_wconf 84' lang='lat' dir='ltr'>afficere,</span> <span class='ocrx_word' id='word_1_4' title='bbox 492 641 522 697; x_wconf 90' lang='lat' dir='ltr'>el</span> <span class='ocrx_word' id='word_1_5' title='bbox 538 641 649 696; x_wconf 84' lang='lat' dir='ltr'>contra</span> <span class='ocrx_word' id='word_1_6' title='bbox 667 631 833 713; x_wconf 84' lang='lat' dir='ltr'>priuilegia</span> <span class='ocrx_word' id='word_1_7' title='bbox 851 649 974 697; x_wconf 84' lang='lat' dir='ltr'>necnon</span> <span class='ocrx_word' id='word_1_8' title='bbox 993 631 1228 698; x_wconf 86' lang='lat' dir='ltr'>concessiones</span> 
     </span>
     <span class='ocr_line' id='line_1_3' title="bbox 131 729 1227 812; baseline 0.001 -18"><span class='ocrx_word' id='word_1_9' title='bbox 131 739 167 794; x_wconf 90' lang='lat' dir='ltr'>et</span> <span class='ocrx_word' id='word_1_10' title='bbox 191 731 315 796; x_wconf 91' lang='lat' dir='ltr'>indulta</span> <span class='ocrx_word' id='word_1_11' title='bbox 338 745 355 794; x_wconf 89' lang='lat' dir='ltr'>a</span> <span class='ocrx_word' id='word_1_12' title='bbox 379 731 457 796; x_wconf 88' lang='lat' dir='ltr'>sede</span> <span class='ocrx_word' id='word_1_13' title='bbox 478 730 655 812; x_wconf 82' lang='lat' dir='ltr'>apostolica</span> <span class='ocrx_word' id='word_1_14' title='bbox 671 729 875 795; x_wconf 85' lang='lat' dir='ltr'>Vniuersitnti</span> <span class='ocrx_word' id='word_1_15' title='bbox 901 739 933 796; x_wconf 87' lang='lat' dir='ltr'>et</span> <span class='ocrx_word' id='word_1_16' title='bbox 953 731 1054 811; x_wconf 89' lang='lat' dir='ltr'>ipsius</span> <span class='ocrx_word' id='word_1_17' title='bbox 1078 733 1227 812; x_wconf 87' lang='lat' dir='ltr'>personis</span> 
     </span>
     <span class='ocr_line' id='line_1_4' title="bbox 131 829 1226 910; baseline 0 -16"><span class='ocrx_word' id='word_1_18' title='bbox 131 829 260 896; x_wconf 85' lang='lat' dir='ltr'>eisdem</span> <span class='ocrx_word' id='word_1_19' title='bbox 283 829 434 894; x_wconf 83' lang='lat' dir='ltr'>attributa</span> <span class='ocrx_word' id='word_1_20' title='bbox 456 839 577 895; x_wconf 88' lang='lat' dir='ltr'>temero</span> <span class='ocrx_word' id='word_1_21' title='bbox 600 841 632 893; x_wconf 89' lang='lat' dir='ltr'>et</span> <span class='ocrx_word' id='word_1_22' title='bbox 657 829 782 893; x_wconf 83' lang='lat' dir='ltr'>delacio</span> <span class='ocrx_word' id='word_1_23' title='bbox 810 829 932 904; x_wconf 90' lang='lat' dir='ltr'>uenire,</span> <span class='ocrx_word' id='word_1_24' title='bbox 957 829 1075 910; x_wconf 90' lang='lat' dir='ltr'>illaque</span> <span class='ocrx_word' id='word_1_25' title='bbox 1101 829 1226 895; x_wconf 87' lang='lat' dir='ltr'>modica</span> 
     </span>
     <span class='ocr_line' id='line_1_5' title="bbox 133 927 1225 1008; baseline 0.001 -16"><span class='ocrx_word' id='word_1_26' title='bbox 133 928 283 1008; x_wconf 89' lang='lat' dir='ltr'>ipsorum</span> <span class='ocrx_word' id='word_1_27' title='bbox 310 927 553 995; x_wconf 85' lang='lat' dir='ltr'>auctoritatibus</span> <span class='ocrx_word' id='word_1_28' title='bbox 580 927 742 992; x_wconf 81' lang='lat' dir='ltr'>delatione</span> <span class='ocrx_word' id='word_1_29' title='bbox 771 935 902 992; x_wconf 89' lang='lat' dir='ltr'>ostensa</span> <span class='ocrx_word' id='word_1_30' title='bbox 932 938 1085 1008; x_wconf 90' lang='lat' dir='ltr'>quantum</span> <span class='ocrx_word' id='word_1_31' title='bbox 1115 929 1146 990; x_wconf 93' lang='lat' dir='ltr'>in</span> <span class='ocrx_word' id='word_1_32' title='bbox 1177 927 1225 994; x_wconf 91' lang='lat' dir='ltr'>eis</span> 
     </span>
     <span class='ocr_line' id='line_1_6' title="bbox 132 1027 1225 1107; baseline -0.001 -16"><span class='ocrx_word' id='word_1_33' title='bbox 132 1027 291 1091; x_wconf 78' lang='lat' dir='ltr'>existeret</span> <span class='ocrx_word' id='word_1_34' title='bbox 309 1027 316 1104; x_wconf 85' lang='grc'>1</span> <span class='ocrx_word' id='word_1_35' title='bbox 334 1027 508 1107; x_wconf 77' lang='lat' dir='ltr'>intringere</span> <span class='ocrx_word' id='word_1_36' title='bbox 539 1041 601 1090; x_wconf 94' lang='lat' dir='ltr'>non</span> <span class='ocrx_word' id='word_1_37' title='bbox 634 1035 836 1103; x_wconf 88' lang='lat' dir='ltr'>uererentur,</span> <span class='ocrx_word' id='word_1_38' title='bbox 865 1036 896 1090; x_wconf 84' lang='lat' dir='ltr'>et</span> <span class='ocrx_word' id='word_1_39' title='bbox 924 1043 981 1106; x_wconf 95' lang='lat' dir='ltr'>pro</span> <span class='ocrx_word' id='word_1_40' title='bbox 1008 1036 1095 1106; x_wconf 85' lang='lat' dir='ltr'>parte</span> <span class='ocrx_word' id='word_1_41' title='bbox 1121 1043 1225 1107; x_wconf 91' lang='lat' dir='ltr'>quon·</span> 
     </span>
     <span class='ocr_line' id='line_1_7' title="bbox 133 1123 1226 1205; baseline -0.002 -17"><span class='ocrx_word' id='word_1_42' title='bbox 133 1123 209 1188; x_wconf 84' lang='lat' dir='ltr'>dam</span> <span class='ocrx_word' id='word_1_43' title='bbox 227 1123 363 1205; x_wconf 78' lang='lat' dir='ltr'>l’bilippi</span> <span class='ocrx_word' id='word_1_44' title='bbox 383 1123 478 1189; x_wconf 83' lang='lat' dir='ltr'>lincis</span> <span class='ocrx_word' id='word_1_45' title='bbox 493 1123 664 1188; x_wconf 78' lang='lat' dir='ltr'>brabantie</span> <span class='ocrx_word' id='word_1_46' title='bbox 687 1141 812 1188; x_wconf 81' lang='lat' dir='ltr'>necnon</span> <span class='ocrx_word' id='word_1_47' title='bbox 837 1125 1054 1205; x_wconf 90' lang='lat' dir='ltr'>predictorum</span> <span class='ocrx_word' id='word_1_48' title='bbox 1078 1123 1226 1190; x_wconf 83' lang='lat' dir='ltr'>Rectoris</span> 
     </span>
     <span class='ocr_line' id='line_1_8' title="bbox 135 1221 1226 1305; baseline -0.002 -17"><span class='ocrx_word' id='word_1_49' title='bbox 135 1223 314 1288; x_wconf 74' lang='lat' dir='ltr'>Doctorum</span> <span class='ocrx_word' id='word_1_50' title='bbox 327 1225 550 1305; x_wconf 72' lang='lat' dir='ltr'>magistrorum</span> <span class='ocrx_word' id='word_1_51' title='bbox 563 1221 741 1287; x_wconf 82' lang='lat' dir='ltr'>scolarium</span> <span class='ocrx_word' id='word_1_52' title='bbox 756 1232 788 1287; x_wconf 91' lang='lat' dir='ltr'>et</span> <span class='ocrx_word' id='word_1_53' title='bbox 799 1224 903 1303; x_wconf 90' lang='lat' dir='ltr'>ipsius</span> <span class='ocrx_word' id='word_1_54' title='bbox 915 1223 1139 1288; x_wconf 85' lang='lat' dir='ltr'>Vniuersitatis</span> <span class='ocrx_word' id='word_1_55' title='bbox 1153 1239 1226 1303; x_wconf 87' lang='lat' dir='ltr'>per·</span> 
     </span>
     <span class='ocr_line' id='line_1_9' title="bbox 134 1320 1226 1403; baseline -0.002 -17"><span class='ocrx_word' id='word_1_56' title='bbox 134 1339 291 1388; x_wconf 83' lang='lat' dir='ltr'>sonarum</span> <span class='ocrx_word' id='word_1_57' title='bbox 307 1323 411 1388; x_wconf 84' lang='lat' dir='ltr'>eidem</span> <span class='ocrx_word' id='word_1_58' title='bbox 428 1321 652 1403; x_wconf 77' lang='lat' dir='ltr'>predecessori</span> <span class='ocrx_word' id='word_1_59' title='bbox 671 1321 834 1386; x_wconf 86' lang='lat' dir='ltr'>lmmiliter</span> <span class='ocrx_word' id='word_1_60' title='bbox 850 1321 1031 1403; x_wconf 78' lang='lat' dir='ltr'>supplicato</span> <span class='ocrx_word' id='word_1_61' title='bbox 1048 1328 1080 1385; x_wconf 89' lang='lat' dir='ltr'>ut</span> <span class='ocrx_word' id='word_1_62' title='bbox 1097 1320 1226 1386; x_wconf 84' lang='lat' dir='ltr'>Rectori</span> 
     </span>
     <span class='ocr_line' id='line_1_10' title="bbox 135 1419 1226 1503; baseline -0.001 -19"><span class='ocrx_word' id='word_1_63' title='bbox 135 1421 333 1486; x_wconf 72' lang='lat' dir='ltr'>lloctoribus</span> <span class='ocrx_word' id='word_1_64' title='bbox 347 1421 506 1503; x_wconf 78' lang='lat' dir='ltr'>magistris</span> <span class='ocrx_word' id='word_1_65' title='bbox 518 1422 591 1486; x_wconf 90' lang='lat' dir='ltr'>Sco·</span> <span class='ocrx_word' id='word_1_66' title='bbox 611 1421 616 1501; x_wconf 87' lang='grc' dir='ltr'>Ι</span> <span class='ocrx_word' id='word_1_67' title='bbox 635 1420 756 1485; x_wconf 88' lang='lat' dir='ltr'>laribus</span> <span class='ocrx_word' id='word_1_68' title='bbox 768 1429 799 1484; x_wconf 93' lang='lat' dir='ltr'>et</span> <span class='ocrx_word' id='word_1_69' title='bbox 811 1419 1226 1500; x_wconf 86' lang='lat' dir='ltr'>ipsiusVniuersitatisper·</span> 
     </span>
     <span class='ocr_line' id='line_1_11' title="bbox 134 1518 1223 1600; baseline -0.003 -16"><span class='ocrx_word' id='word_1_70' title='bbox 134 1519 228 1584; x_wconf 87' lang='lat' dir='ltr'>sonis</span> <span class='ocrx_word' id='word_1_71' title='bbox 256 1519 410 1600; x_wconf 79' lang='lat' dir='ltr'>predictis</span> <span class='ocrx_word' id='word_1_72' title='bbox 436 1535 476 1584; x_wconf 93' lang='lat' dir='ltr'>ne</span> <span class='ocrx_word' id='word_1_73' title='bbox 507 1519 631 1583; x_wconf 88' lang='lat' dir='ltr'>uicibus</span> <span class='ocrx_word' id='word_1_74' title='bbox 661 1519 848 1600; x_wconf 84' lang='lat' dir='ltr'>interceptis</span> <span class='ocrx_word' id='word_1_75' title='bbox 878 1520 908 1581; x_wconf 93' lang='lat' dir='ltr'>in</span> <span class='ocrx_word' id='word_1_76' title='bbox 940 1518 1082 1597; x_wconf 77' lang='lat' dir='ltr'>querelis</span> <span class='ocrx_word' id='word_1_77' title='bbox 1112 1534 1223 1598; x_wconf 90' lang='lat' dir='ltr'>prose-</span> 
     </span>
     <span class='ocr_line' id='line_1_12' title="bbox 133 1611 1226 1700; baseline -0.004 -18"><span class='ocrx_word' id='word_1_78' title='bbox 133 1618 276 1700; x_wconf 91' lang='lat' dir='ltr'>quendis</span> <span class='ocrx_word' id='word_1_79' title='bbox 289 1618 516 1697; x_wconf 85' lang='lat' dir='ltr'>suspensionis</span> <span class='ocrx_word' id='word_1_80' title='bbox 528 1617 668 1681; x_wconf 84' lang='lat' dir='ltr'>inchoati</span> <span class='ocrx_word' id='word_1_81' title='bbox 682 1617 779 1698; x_wconf 76' lang='lat' dir='ltr'>studi]</span> <span class='ocrx_word' id='word_1_82' title='bbox 794 1611 980 1682; x_wconf 84' lang='lat' dir='ltr'>discrimine</span> <span class='ocrx_word' id='word_1_83' title='bbox 996 1617 1226 1680; x_wconf 85' lang='lat' dir='ltr'>denotarentur</span> 
     </span>
     <span class='ocr_line' id='line_1_13' title="bbox 134 1714 1224 1798; baseline -0.004 -17"><span class='ocrx_word' id='word_1_84' title='bbox 134 1733 237 1796; x_wconf 89' lang='lat' dir='ltr'>super</span> <span class='ocrx_word' id='word_1_85' title='bbox 252 1717 315 1797; x_wconf 85' lang='lat' dir='ltr'>bijs</span> <span class='ocrx_word' id='word_1_86' title='bbox 332 1726 492 1798; x_wconf 87' lang='lat' dir='ltr'>oportune</span> <span class='ocrx_word' id='word_1_87' title='bbox 509 1715 679 1796; x_wconf 90' lang='lat' dir='ltr'>prouidere</span> <span class='ocrx_word' id='word_1_88' title='bbox 695 1727 833 1792; x_wconf 88' lang='lat' dir='ltr'>curaret,</span> <span class='ocrx_word' id='word_1_89' title='bbox 852 1717 994 1796; x_wconf 86' lang='lat' dir='ltr'>prelatus</span> <span class='ocrx_word' id='word_1_90' title='bbox 1011 1714 1224 1796; x_wconf 90' lang='lat' dir='ltr'>predecessor</span> 
     </span>
     <span class='ocr_line' id='line_1_14' title="bbox 134 1813 1226 1894; baseline -0.004 -14"><span class='ocrx_word' id='word_1_91' title='bbox 134 1825 212 1880; x_wconf 89' lang='lat' dir='ltr'>lunc</span> <span class='ocrx_word' id='word_1_92' title='bbox 235 1815 411 1879; x_wconf 88' lang='lat' dir='ltr'>venerabili</span> <span class='ocrx_word' id='word_1_93' title='bbox 436 1816 523 1879; x_wconf 83' lang='lat' dir='ltr'>tratri</span> <span class='ocrx_word' id='word_1_94' title='bbox 550 1825 661 1879; x_wconf 89' lang='lat' dir='ltr'>nostro</span> <span class='ocrx_word' id='word_1_95' title='bbox 680 1861 701 1877; x_wconf 92' lang='lat'>..</span> <span class='ocrx_word' id='word_1_96' title='bbox 727 1815 887 1893; x_wconf 84' lang='lat' dir='ltr'>Episcopo</span> <span class='ocrx_word' id='word_1_97' title='bbox 910 1813 985 1877; x_wconf 85' lang='lat' dir='ltr'>Tra·</span> <span class='ocrx_word' id='word_1_98' title='bbox 1003 1814 1009 1894; x_wconf 84' lang='grc'>1</span> <span class='ocrx_word' id='word_1_99' title='bbox 1029 1813 1175 1888; x_wconf 69' lang='lat' dir='ltr'>ienensi,</span> <span class='ocrx_word' id='word_1_100' title='bbox 1193 1821 1226 1876; x_wconf 92' lang='lat' dir='ltr'>et</span> 
     </span>
     <span class='ocr_line' id='line_1_15' title="bbox 133 1911 1223 1993; baseline -0.003 -15"><span class='ocrx_word' id='word_1_101' title='bbox 133 1913 264 1978; x_wconf 88' lang='lat' dir='ltr'>dilectis</span> <span class='ocrx_word' id='word_1_102' title='bbox 281 1913 356 1993; x_wconf 87' lang='lat' dir='ltr'>lilijs</span> <span class='ocrx_word' id='word_1_103' title='bbox 374 1961 395 1977; x_wconf 93' lang='lat'>..</span> <span class='ocrx_word' id='word_1_104' title='bbox 414 1915 525 1978; x_wconf 80' lang='lat' dir='ltr'>tobati</span> <span class='ocrx_word' id='word_1_105' title='bbox 545 1913 729 1993; x_wconf 78' lang='lat' dir='ltr'>monasteri]</span> <span class='ocrx_word' id='word_1_106' title='bbox 747 1913 839 1977; x_wconf 91' lang='lat' dir='ltr'>beate</span> <span class='ocrx_word' id='word_1_107' title='bbox 860 1911 956 1976; x_wconf 88' lang='lat' dir='ltr'>blarie</span> <span class='ocrx_word' id='word_1_108' title='bbox 971 1912 1223 1992; x_wconf 81' lang='lat' dir='ltr'>Tbongerlensis</span> 
     </span>
     <span class='ocr_line' id='line_1_16' title="bbox 133 2009 1225 2088; baseline -0.003 -12"><span class='ocrx_word' id='word_1_109' title='bbox 133 2011 380 2077; x_wconf 82' lang='lat' dir='ltr'>Cameracensis</span> <span class='ocrx_word' id='word_1_110' title='bbox 392 2011 544 2088; x_wconf 84' lang='lat' dir='ltr'>diocesis,</span> <span class='ocrx_word' id='word_1_111' title='bbox 558 2029 595 2076; x_wconf 88' lang='lat' dir='ltr'>ac</span> <span class='ocrx_word' id='word_1_112' title='bbox 609 2058 631 2076; x_wconf 90' lang='lat'>..</span> <span class='ocrx_word' id='word_1_113' title='bbox 646 2012 770 2075; x_wconf 90' lang='lat' dir='ltr'>decano</span> <span class='ocrx_word' id='word_1_114' title='bbox 782 2011 921 2076; x_wconf 89' lang='lat' dir='ltr'>ecclesie</span> <span class='ocrx_word' id='word_1_115' title='bbox 934 2011 1034 2074; x_wconf 88' lang='lat' dir='ltr'>sancti</span> <span class='ocrx_word' id='word_1_116' title='bbox 1049 2011 1132 2074; x_wconf 81' lang='lat' dir='ltr'>Petri</span> <span class='ocrx_word' id='word_1_117' title='bbox 1149 2009 1225 2074; x_wconf 91' lang='lat' dir='ltr'>dicti</span> 
     </span>
     <span class='ocr_line' id='line_1_17' title="bbox 134 2108 1225 2191; baseline -0.002 -17"><span class='ocrx_word' id='word_1_118' title='bbox 134 2110 228 2190; x_wconf 85' lang='lat' dir='ltr'>ilpidi</span> <span class='ocrx_word' id='word_1_119' title='bbox 246 2127 304 2190; x_wconf 92' lang='lat' dir='ltr'>per</span> <span class='ocrx_word' id='word_1_120' title='bbox 316 2110 469 2191; x_wconf 86' lang='lat' dir='ltr'>quasdam</span> <span class='ocrx_word' id='word_1_121' title='bbox 486 2110 573 2174; x_wconf 90' lang='lat' dir='ltr'>dedit</span> <span class='ocrx_word' id='word_1_122' title='bbox 590 2109 621 2172; x_wconf 92' lang='lat' dir='ltr'>in</span> <span class='ocrx_word' id='word_1_123' title='bbox 639 2109 796 2173; x_wconf 91' lang='lat' dir='ltr'>mandatis</span> <span class='ocrx_word' id='word_1_124' title='bbox 813 2119 846 2173; x_wconf 91' lang='lat' dir='ltr'>ut</span> <span class='ocrx_word' id='word_1_125' title='bbox 862 2108 922 2188; x_wconf 89' lang='lat' dir='ltr'>ipsi</span> <span class='ocrx_word' id='word_1_126' title='bbox 937 2109 986 2172; x_wconf 91' lang='lat' dir='ltr'>uel</span> <span class='ocrx_word' id='word_1_127' title='bbox 1000 2108 1063 2173; x_wconf 91' lang='lat' dir='ltr'>duo</span> <span class='ocrx_word' id='word_1_128' title='bbox 1077 2115 1225 2172; x_wconf 88' lang='lat' dir='ltr'>aulvnus</span> 
     </span>
     <span class='ocr_line' id='line_1_18' title="bbox 136 2207 1222 2288; baseline -0.004 -15"><span class='ocrx_word' id='word_1_129' title='bbox 136 2226 250 2274; x_wconf 86' lang='lat' dir='ltr'>eorum</span> <span class='ocrx_word' id='word_1_130' title='bbox 274 2225 332 2288; x_wconf 93' lang='lat' dir='ltr'>per</span> <span class='ocrx_word' id='word_1_131' title='bbox 350 2225 386 2273; x_wconf 92' lang='lat' dir='ltr'>se</span> <span class='ocrx_word' id='word_1_132' title='bbox 409 2209 458 2273; x_wconf 90' lang='lat' dir='ltr'>uel</span> <span class='ocrx_word' id='word_1_133' title='bbox 475 2209 571 2272; x_wconf 88' lang='lat' dir='ltr'>alium</span> <span class='ocrx_word' id='word_1_134' title='bbox 589 2225 646 2274; x_wconf 90' lang='lat' dir='ltr'>seu</span> <span class='ocrx_word' id='word_1_135' title='bbox 664 2209 745 2274; x_wconf 88' lang='lat' dir='ltr'>alios</span> <span class='ocrx_word' id='word_1_136' title='bbox 760 2209 854 2273; x_wconf 89' lang='lat' dir='ltr'>eliam</span> <span class='ocrx_word' id='word_1_137' title='bbox 871 2208 897 2271; x_wconf 93' lang='lat' dir='ltr'>si</span> <span class='ocrx_word' id='word_1_138' title='bbox 915 2207 1018 2271; x_wconf 80' lang='lat' dir='ltr'>locent</span> <span class='ocrx_word' id='word_1_139' title='bbox 1034 2215 1121 2271; x_wconf 85' lang='lat' dir='ltr'>extra</span> <span class='ocrx_word' id='word_1_140' title='bbox 1138 2207 1222 2285; x_wconf 83' lang='lat' dir='ltr'>loca,</span> 
     </span>
     <span class='ocr_line' id='line_1_19' title="bbox 135 2303 1224 2388; baseline -0.002 -18"><span class='ocrx_word' id='word_1_141' title='bbox 135 2306 169 2370; x_wconf 90' lang='lat' dir='ltr'>in</span> <span class='ocrx_word' id='word_1_142' title='bbox 188 2307 194 2386; x_wconf 91' lang='grc'>1</span> <span class='ocrx_word' id='word_1_143' title='bbox 213 2306 332 2388; x_wconf 91' lang='lat' dir='ltr'>quibus</span> <span class='ocrx_word' id='word_1_144' title='bbox 347 2305 487 2387; x_wconf 88' lang='lat' dir='ltr'>deputati</span> <span class='ocrx_word' id='word_1_145' title='bbox 503 2316 614 2372; x_wconf 90' lang='lat' dir='ltr'>essent</span> <span class='ocrx_word' id='word_1_146' title='bbox 629 2307 884 2371; x_wconf 77' lang='lat' dir='ltr'>conseruatores</span> <span class='ocrx_word' id='word_1_147' title='bbox 899 2315 930 2370; x_wconf 88' lang='lat' dir='ltr'>et</span> <span class='ocrx_word' id='word_1_148' title='bbox 945 2304 1075 2370; x_wconf 87' lang='lat' dir='ltr'>ludices</span> <span class='ocrx_word' id='word_1_149' title='bbox 1093 2303 1224 2384; x_wconf 85' lang='lat' dir='ltr'>pretatis</span> 
     </span>
     <span class='ocr_line' id='line_1_20' title="bbox 136 2401 1227 2485; baseline -0.004 -17"><span class='ocrx_word' id='word_1_150' title='bbox 136 2403 267 2469; x_wconf 86' lang='lat' dir='ltr'>lleclori</span> <span class='ocrx_word' id='word_1_151' title='bbox 280 2404 472 2468; x_wconf 86' lang='lat' dir='ltr'>Ductoribus</span> <span class='ocrx_word' id='word_1_152' title='bbox 482 2405 641 2485; x_wconf 81' lang='lat' dir='ltr'>Magistris</span> <span class='ocrx_word' id='word_1_153' title='bbox 651 2403 835 2469; x_wconf 76' lang='lat' dir='ltr'>Senioribus</span> <span class='ocrx_word' id='word_1_154' title='bbox 848 2415 877 2468; x_wconf 90' lang='lat' dir='ltr'>et</span> <span class='ocrx_word' id='word_1_155' title='bbox 892 2401 1227 2483; x_wconf 87' lang='lat' dir='ltr'>ipsiusVninersitalis</span> 
     </span>
     <span class='ocr_line' id='line_1_21' title="bbox 136 2502 1226 2584; baseline -0.004 -17"><span class='ocrx_word' id='word_1_156' title='bbox 136 2503 288 2584; x_wconf 89' lang='lat' dir='ltr'>personis</span> <span class='ocrx_word' id='word_1_157' title='bbox 305 2502 443 2566; x_wconf 86' lang='lat' dir='ltr'>efficacis</span> <span class='ocrx_word' id='word_1_158' title='bbox 466 2503 665 2568; x_wconf 81' lang='lat' dir='ltr'>detensionis</span> <span class='ocrx_word' id='word_1_159' title='bbox 681 2504 823 2583; x_wconf 90' lang='lat' dir='ltr'>presidio</span> <span class='ocrx_word' id='word_1_160' title='bbox 847 2503 1050 2575; x_wconf 85' lang='lat' dir='ltr'>assistentes,</span> <span class='ocrx_word' id='word_1_161' title='bbox 1069 2517 1132 2564; x_wconf 94' lang='lat' dir='ltr'>non</span> <span class='ocrx_word' id='word_1_162' title='bbox 1155 2517 1226 2579; x_wconf 92' lang='lat' dir='ltr'>per-</span> 
     </span>
     <span class='ocr_line' id='line_1_22' title="bbox 135 2598 1227 2683; baseline -0.001 -20"><span class='ocrx_word' id='word_1_163' title='bbox 135 2601 300 2666; x_wconf 89' lang='lat' dir='ltr'>mitterent</span> <span class='ocrx_word' id='word_1_164' title='bbox 331 2618 388 2666; x_wconf 88' lang='lat' dir='ltr'>ros</span> <span class='ocrx_word' id='word_1_165' title='bbox 415 2618 514 2682; x_wconf 89' lang='lat' dir='ltr'>super</span> <span class='ocrx_word' id='word_1_166' title='bbox 544 2603 713 2683; x_wconf 85' lang='lat' dir='ltr'>premissis</span> <span class='ocrx_word' id='word_1_167' title='bbox 743 2613 774 2666; x_wconf 92' lang='lat' dir='ltr'>et</span> <span class='ocrx_word' id='word_1_168' title='bbox 804 2601 999 2682; x_wconf 88' lang='lat' dir='ltr'>quibuslibet</span> <span class='ocrx_word' id='word_1_169' title='bbox 1028 2598 1101 2680; x_wconf 88' lang='lat' dir='ltr'>alijs</span> <span class='ocrx_word' id='word_1_170' title='bbox 1130 2599 1227 2662; x_wconf 90' lang='lat' dir='ltr'>bonis</span> 
     </span>
     <span class='ocr_line' id='line_1_23' title="bbox 131 2697 1223 2782; baseline -0.003 -21"><span class='ocrx_word' id='word_1_171' title='bbox 131 2699 231 2764; x_wconf 90' lang='lat' dir='ltr'>rebus</span> <span class='ocrx_word' id='word_1_172' title='bbox 247 2715 285 2763; x_wconf 85' lang='lat' dir='ltr'>nc</span> <span class='ocrx_word' id='word_1_173' title='bbox 304 2700 310 2782; x_wconf 90' lang='grc' dir='ltr'>Ι</span> <span class='ocrx_word' id='word_1_174' title='bbox 329 2699 454 2765; x_wconf 90' lang='lat' dir='ltr'>iuribus</span> <span class='ocrx_word' id='word_1_175' title='bbox 476 2699 514 2764; x_wconf 91' lang='lat' dir='ltr'>ad</span> <span class='ocrx_word' id='word_1_176' title='bbox 532 2701 605 2765; x_wconf 88' lang='lat' dir='ltr'>illos</span> <span class='ocrx_word' id='word_1_177' title='bbox 625 2701 840 2765; x_wconf 90' lang='lat' dir='ltr'>communiter</span> <span class='ocrx_word' id='word_1_178' title='bbox 862 2699 912 2764; x_wconf 88' lang='lat' dir='ltr'>uel</span> <span class='ocrx_word' id='word_1_179' title='bbox 929 2697 1057 2762; x_wconf 91' lang='lat' dir='ltr'>diuisim</span> <span class='ocrx_word' id='word_1_180' title='bbox 1075 2705 1223 2776; x_wconf 88' lang='lat' dir='ltr'>spectan-</span> 
     </span>
     <span class='ocr_line' id='line_1_24' title="bbox 132 2795 1226 2879; baseline -0.005 -16"><span class='ocrx_word' id='word_1_181' title='bbox 132 2797 232 2872; x_wconf 88' lang='lat' dir='ltr'>tibus,</span> <span class='ocrx_word' id='word_1_182' title='bbox 260 2813 279 2862; x_wconf 89' lang='lat' dir='ltr'>a</span> <span class='ocrx_word' id='word_1_183' title='bbox 306 2799 474 2879; x_wconf 86' lang='lat' dir='ltr'>quibnsuis</span> <span class='ocrx_word' id='word_1_184' title='bbox 504 2799 646 2864; x_wconf 86' lang='lat' dir='ltr'>indebite</span> <span class='ocrx_word' id='word_1_185' title='bbox 676 2799 851 2870; x_wconf 84' lang='lat' dir='ltr'>molestari,</span> <span class='ocrx_word' id='word_1_186' title='bbox 881 2798 930 2861; x_wconf 91' lang='lat' dir='ltr'>nel</span> <span class='ocrx_word' id='word_1_187' title='bbox 962 2795 1010 2861; x_wconf 89' lang='lat' dir='ltr'>eis</span> <span class='ocrx_word' id='word_1_188' title='bbox 1040 2796 1226 2877; x_wconf 85' lang='lat' dir='ltr'>grauamina</span> 
     </span>
     <span class='ocr_line' id='line_1_25' title="bbox 133 2895 1225 2979; baseline 0 -22"><span class='ocrx_word' id='word_1_189' title='bbox 133 2895 271 2960; x_wconf 89' lang='lat' dir='ltr'>iniurias</span> <span class='ocrx_word' id='word_1_190' title='bbox 294 2898 364 2962; x_wconf 89' lang='lat' dir='ltr'>siue</span> <span class='ocrx_word' id='word_1_191' title='bbox 379 2897 494 2962; x_wconf 86' lang='lat' dir='ltr'>damna</span> <span class='ocrx_word' id='word_1_192' title='bbox 518 2898 665 2979; x_wconf 87' lang='lat' dir='ltr'>irrogari,</span> <span class='ocrx_word' id='word_1_193' title='bbox 684 2907 739 2962; x_wconf 86' lang='lat' dir='ltr'>aut</span> <span class='ocrx_word' id='word_1_194' title='bbox 761 2907 872 2960; x_wconf 82' lang='lat' dir='ltr'>contra</span> <span class='ocrx_word' id='word_1_195' title='bbox 898 2895 1066 2978; x_wconf 81' lang='lat' dir='ltr'>priuilegia</span> <span class='ocrx_word' id='word_1_196' title='bbox 1089 2910 1225 2959; x_wconf 89' lang='lat' dir='ltr'>conces·</span> 
     </span>
     <span class='ocr_line' id='line_1_26' title="bbox 133 2993 1222 3076; baseline -0.002 -20"><span class='ocrx_word' id='word_1_197' title='bbox 133 2993 245 3058; x_wconf 88' lang='lat' dir='ltr'>siones</span> <span class='ocrx_word' id='word_1_198' title='bbox 273 3003 304 3058; x_wconf 89' lang='lat' dir='ltr'>et</span> <span class='ocrx_word' id='word_1_199' title='bbox 330 2995 451 3058; x_wconf 86' lang='lat' dir='ltr'>indulta</span> <span class='ocrx_word' id='word_1_200' title='bbox 479 2997 540 3059; x_wconf 92' lang='lat' dir='ltr'>sub</span> <span class='ocrx_word' id='word_1_201' title='bbox 569 3012 770 3076; x_wconf 88' lang='lat' dir='ltr'>quacumque</span> <span class='ocrx_word' id='word_1_202' title='bbox 796 2996 891 3059; x_wconf 87' lang='lat' dir='ltr'>etiam</span> <span class='ocrx_word' id='word_1_203' title='bbox 920 2993 1092 3058; x_wconf 90' lang='lat' dir='ltr'>uerborum</span> <span class='ocrx_word' id='word_1_204' title='bbox 1121 2993 1222 3055; x_wconf 86' lang='lat' dir='ltr'>torma</span> 
     </span>
     <span class='ocr_line' id='line_1_27' title="bbox 133 3089 1226 3176; baseline 0.002 -24"><span class='ocrx_word' id='word_1_205' title='bbox 133 3091 215 3171; x_wconf 85' lang='lat' dir='ltr'>ipsis</span> <span class='ocrx_word' id='word_1_206' title='bbox 245 3093 374 3156; x_wconf 85' lang='lat' dir='ltr'>Rectori</span> <span class='ocrx_word' id='word_1_207' title='bbox 407 3093 609 3166; x_wconf 84' lang='lat' dir='ltr'>Ductoribus,</span> <span class='ocrx_word' id='word_1_208' title='bbox 631 3093 637 3176; x_wconf 88' lang='grc' dir='ltr'>Ι</span> <span class='ocrx_word' id='word_1_209' title='bbox 656 3093 815 3174; x_wconf 82' lang='lat' dir='ltr'>blagistris</span> <span class='ocrx_word' id='word_1_210' title='bbox 849 3091 1045 3164; x_wconf 83' lang='lat' dir='ltr'>scolaribus,</span> <span class='ocrx_word' id='word_1_211' title='bbox 1076 3107 1113 3154; x_wconf 91' lang='lat' dir='ltr'>ac</span> <span class='ocrx_word' id='word_1_212' title='bbox 1140 3089 1226 3154; x_wconf 88' lang='lat' dir='ltr'>dicte</span> 
     </span>
     <span class='ocr_line' id='line_1_28' title="bbox 132 3189 1222 3273; baseline -0.001 -22"><span class='ocrx_word' id='word_1_213' title='bbox 132 3189 359 3256; x_wconf 82' lang='lat' dir='ltr'>Vniversilatis</span> <span class='ocrx_word' id='word_1_214' title='bbox 376 3193 525 3273; x_wconf 89' lang='lat' dir='ltr'>personis</span> <span class='ocrx_word' id='word_1_215' title='bbox 541 3209 557 3254; x_wconf 86' lang='lat' dir='ltr'>a</span> <span class='ocrx_word' id='word_1_216' title='bbox 572 3193 650 3256; x_wconf 88' lang='lat' dir='ltr'>sede</span> <span class='ocrx_word' id='word_1_217' title='bbox 662 3193 805 3272; x_wconf 89' lang='lat' dir='ltr'>predicta</span> <span class='ocrx_word' id='word_1_218' title='bbox 822 3191 872 3256; x_wconf 92' lang='lat' dir='ltr'>uel</span> <span class='ocrx_word' id='word_1_219' title='bbox 886 3191 965 3254; x_wconf 87' lang='lat' dir='ltr'>alias</span> <span class='ocrx_word' id='word_1_220' title='bbox 978 3201 1053 3254; x_wconf 90' lang='lat' dir='ltr'>tunc</span> <span class='ocrx_word' id='word_1_221' title='bbox 1065 3204 1222 3254; x_wconf 85' lang='lat' dir='ltr'>concessa</span> 
     </span>
     <span class='ocr_line' id='line_1_29' title="bbox 132 3286 1223 3372; baseline -0.003 -19"><span class='ocrx_word' id='word_1_222' title='bbox 132 3305 190 3353; x_wconf 89' lang='lat' dir='ltr'>seu</span> <span class='ocrx_word' id='word_1_223' title='bbox 208 3289 418 3369; x_wconf 89' lang='lat' dir='ltr'>imposterum</span> <span class='ocrx_word' id='word_1_224' title='bbox 435 3290 677 3372; x_wconf 82' lang='lat' dir='ltr'>quomodolibet</span> <span class='ocrx_word' id='word_1_225' title='bbox 699 3291 904 3355; x_wconf 89' lang='lat' dir='ltr'>concedenda</span> <span class='ocrx_word' id='word_1_226' title='bbox 922 3289 1049 3368; x_wconf 80' lang='lat' dir='ltr'>iniringi</span> <span class='ocrx_word' id='word_1_227' title='bbox 1077 3303 1134 3351; x_wconf 90' lang='lat' dir='ltr'>seu</span> <span class='ocrx_word' id='word_1_228' title='bbox 1154 3286 1223 3350; x_wconf 91' lang='lat' dir='ltr'>uio·</span> 
     </span>
     <span class='ocr_line' id='line_1_30' title="bbox 131 3384 1224 3470; baseline -0.004 -21"><span class='ocrx_word' id='word_1_229' title='bbox 131 3385 189 3450; x_wconf 93' lang='lat' dir='ltr'>lari</span> <span class='ocrx_word' id='word_1_230' title='bbox 206 3388 409 3467; x_wconf 88' lang='lat' dir='ltr'>aliquatenus</span> <span class='ocrx_word' id='word_1_231' title='bbox 433 3389 484 3452; x_wconf 90' lang='lat' dir='ltr'>nel</span> <span class='ocrx_word' id='word_1_232' title='bbox 508 3392 602 3453; x_wconf 88' lang='lat' dir='ltr'>otiam</span> <span class='ocrx_word' id='word_1_233' title='bbox 627 3389 817 3470; x_wconf 83' lang='lat' dir='ltr'>impugnari,</span> <span class='ocrx_word' id='word_1_234' title='bbox 837 3387 949 3451; x_wconf 80' lang='lat' dir='ltr'>tacturi</span> <span class='ocrx_word' id='word_1_235' title='bbox 973 3386 1067 3450; x_wconf 89' lang='lat' dir='ltr'>dictis</span> <span class='ocrx_word' id='word_1_236' title='bbox 1092 3384 1224 3448; x_wconf 87' lang='lat' dir='ltr'>Rectori</span> 
     </span>
     <span class='ocr_line' id='line_1_31' title="bbox 133 3483 1224 3569; baseline -0.004 -21"><span class='ocrx_word' id='word_1_237' title='bbox 133 3485 326 3551; x_wconf 85' lang='lat' dir='ltr'>Ductoribus</span> <span class='ocrx_word' id='word_1_238' title='bbox 362 3487 522 3569; x_wconf 78' lang='lat' dir='ltr'>Magistris</span> <span class='ocrx_word' id='word_1_239' title='bbox 552 3487 747 3560; x_wconf 84' lang='lat' dir='ltr'>scolaribus,</span> <span class='ocrx_word' id='word_1_240' title='bbox 786 3498 818 3551; x_wconf 89' lang='lat' dir='ltr'>et</span> <span class='ocrx_word' id='word_1_241' title='bbox 837 3488 842 3568; x_wconf 89' lang='grc' dir='ltr'>Ι</span> <span class='ocrx_word' id='word_1_242' title='bbox 862 3486 964 3566; x_wconf 91' lang='lat' dir='ltr'>ipsius</span> <span class='ocrx_word' id='word_1_243' title='bbox 997 3483 1224 3547; x_wconf 84' lang='lat' dir='ltr'>Vniuersilutis</span> 
     </span>
     <span class='ocr_line' id='line_1_32' title="bbox 133 3583 1222 3666; baseline -0.002 -18"><span class='ocrx_word' id='word_1_244' title='bbox 133 3584 282 3666; x_wconf 85' lang='lat' dir='ltr'>personis</span> <span class='ocrx_word' id='word_1_245' title='bbox 299 3601 372 3648; x_wconf 92' lang='lat' dir='ltr'>cum</span> <span class='ocrx_word' id='word_1_246' title='bbox 395 3586 434 3647; x_wconf 92' lang='lat' dir='ltr'>ab</span> <span class='ocrx_word' id='word_1_247' title='bbox 451 3586 499 3649; x_wconf 91' lang='lat' dir='ltr'>eis</span> <span class='ocrx_word' id='word_1_248' title='bbox 516 3587 566 3651; x_wconf 89' lang='lat' dir='ltr'>uel</span> <span class='ocrx_word' id='word_1_249' title='bbox 590 3586 733 3665; x_wconf 90' lang='lat' dir='ltr'>ipsorum</span> <span class='ocrx_word' id='word_1_250' title='bbox 751 3585 859 3666; x_wconf 91' lang='lat' dir='ltr'>aliquo</span> <span class='ocrx_word' id='word_1_251' title='bbox 883 3595 935 3648; x_wconf 89' lang='lat' dir='ltr'>aut</span> <span class='ocrx_word' id='word_1_252' title='bbox 951 3583 1020 3648; x_wconf 91' lang='lat' dir='ltr'>suis</span> <span class='ocrx_word' id='word_1_253' title='bbox 1038 3589 1222 3662; x_wconf 90' lang='lat' dir='ltr'>procurato·</span> 
     </span>
     <span class='ocr_line' id='line_1_33' title="bbox 132 3679 1222 3764; baseline -0.003 -18"><span class='ocrx_word' id='word_1_254' title='bbox 132 3683 220 3747; x_wconf 89' lang='lat' dir='ltr'>ribus</span> <span class='ocrx_word' id='word_1_255' title='bbox 235 3699 337 3762; x_wconf 89' lang='lat' dir='ltr'>super</span> <span class='ocrx_word' id='word_1_256' title='bbox 352 3683 415 3763; x_wconf 85' lang='lat' dir='ltr'>bijs</span> <span class='ocrx_word' id='word_1_257' title='bbox 430 3683 534 3748; x_wconf 90' lang='lat' dir='ltr'>iorent</span> <span class='ocrx_word' id='word_1_258' title='bbox 550 3684 694 3764; x_wconf 84' lang='lat' dir='ltr'>requisiti</span> <span class='ocrx_word' id='word_1_259' title='bbox 711 3685 751 3747; x_wconf 91' lang='lat' dir='ltr'>de</span> <span class='ocrx_word' id='word_1_260' title='bbox 768 3683 921 3763; x_wconf 88' lang='lat' dir='ltr'>predictis</span> <span class='ocrx_word' id='word_1_261' title='bbox 937 3691 968 3747; x_wconf 92' lang='lat' dir='ltr'>et</span> <span class='ocrx_word' id='word_1_262' title='bbox 984 3681 1056 3762; x_wconf 86' lang='lat' dir='ltr'>nlijs</span> <span class='ocrx_word' id='word_1_263' title='bbox 1074 3679 1222 3760; x_wconf 86' lang='lat' dir='ltr'>personis</span> 
     </span>
     <span class='ocr_line' id='line_1_34' title="bbox 132 3779 1222 3862; baseline -0.004 -17"><span class='ocrx_word' id='word_1_264' title='bbox 132 3781 327 3862; x_wconf 87' lang='lat' dir='ltr'>quibuslibet</span> <span class='ocrx_word' id='word_1_265' title='bbox 344 3797 442 3860; x_wconf 90' lang='lat' dir='ltr'>super</span> <span class='ocrx_word' id='word_1_266' title='bbox 455 3781 658 3847; x_wconf 87' lang='lat' dir='ltr'>restitutione</span> <span class='ocrx_word' id='word_1_267' title='bbox 675 3781 857 3846; x_wconf 84' lang='lat' dir='ltr'>huiusmodi</span> <span class='ocrx_word' id='word_1_268' title='bbox 871 3781 1056 3846; x_wconf 88' lang='lat' dir='ltr'>castrorum</span> <span class='ocrx_word' id='word_1_269' title='bbox 1070 3779 1222 3842; x_wconf 81' lang='lat' dir='ltr'>villarum</span> 
     </span>
     <span class='ocr_line' id='line_1_35' title="bbox 129 3879 1220 3946; baseline -0.005 -1"><span class='ocrx_word' id='word_1_270' title='bbox 129 3887 286 3945; x_wconf 88' lang='lat' dir='ltr'>terrarum</span> <span class='ocrx_word' id='word_1_271' title='bbox 304 3879 448 3944; x_wconf 92' lang='lat' dir='ltr'>locorum</span> <span class='ocrx_word' id='word_1_272' title='bbox 466 3881 581 3946; x_wconf 86' lang='lat' dir='ltr'>luriunt</span> <span class='ocrx_word' id='word_1_273' title='bbox 600 3882 859 3946; x_wconf 81' lang='lat' dir='ltr'>iurisdictionem</span> <span class='ocrx_word' id='word_1_274' title='bbox 876 3879 1037 3946; x_wconf 89' lang='lat' dir='ltr'>lructuum</span> <span class='ocrx_word' id='word_1_275' title='bbox 1062 3893 1220 3945; x_wconf 86' lang='lat' dir='ltr'>censuum</span> 
     </span>
     <span class='ocr_line' id='line_1_36' title="bbox 142 3975 1218 4058; baseline 0.005 -17"><span class='ocrx_word' id='word_1_276' title='bbox 142 4009 149 4056; x_wconf 68' lang='lat' dir='ltr'>q</span> <span class='ocrx_word' id='word_1_277' title='bbox 167 3979 353 4044; x_wconf 87' lang='lat' dir='ltr'>reddituum</span> <span class='ocrx_word' id='word_1_278' title='bbox 372 3993 597 4058; x_wconf 68' lang='lat' dir='ltr'>prouenturum,</span> <span class='ocrx_word' id='word_1_279' title='bbox 612 3991 643 4045; x_wconf 91' lang='lat' dir='ltr'>el</span> <span class='ocrx_word' id='word_1_280' title='bbox 658 3981 794 4043; x_wconf 86' lang='lat' dir='ltr'>aliorum</span> <span class='ocrx_word' id='word_1_281' title='bbox 812 3979 970 4043; x_wconf 90' lang='lat' dir='ltr'>bonorum</span> <span class='ocrx_word' id='word_1_282' title='bbox 987 3975 1218 4058; x_wconf 85' lang='lat' dir='ltr'>quorumlibet.</span> 
     </span>
     <span class='ocr_line' id='line_1_37' title="bbox 127 4075 1219 4159; baseline -0.005 -18"><span class='ocrx_word' id='word_1_283' title='bbox 127 4093 254 4142; x_wconf 89' lang='lat' dir='ltr'>necnon</span> <span class='ocrx_word' id='word_1_284' title='bbox 282 4079 324 4142; x_wconf 89' lang='lat' dir='ltr'>de</span> <span class='ocrx_word' id='word_1_285' title='bbox 340 4077 509 4157; x_wconf 89' lang='lat' dir='ltr'>quibnsuis</span> <span class='ocrx_word' id='word_1_286' title='bbox 533 4079 690 4158; x_wconf 77' lang='lat' dir='ltr'>molestiis</span> <span class='ocrx_word' id='word_1_287' title='bbox 707 4077 833 4159; x_wconf 73' lang='lat' dir='ltr'>iniuriis</span> <span class='ocrx_word' id='word_1_288' title='bbox 857 4089 951 4158; x_wconf 88' lang='lat' dir='ltr'>atque</span> <span class='ocrx_word' id='word_1_289' title='bbox 966 4075 1115 4144; x_wconf 82' lang='lat' dir='ltr'>dammis.</span> <span class='ocrx_word' id='word_1_290' title='bbox 1133 4084 1219 4138; x_wconf 88' lang='lat' dir='ltr'>cele·</span> 
     </span>
     <span class='ocr_line' id='line_1_38' title="bbox 125 4175 1224 4259; baseline -0.004 -19"><span class='ocrx_word' id='word_1_291' title='bbox 125 4177 237 4258; x_wconf 90' lang='lat' dir='ltr'>risque</span> <span class='ocrx_word' id='word_1_292' title='bbox 255 4187 320 4238; x_wconf 88' lang='lat' dir='ltr'>tam</span> <span class='ocrx_word' id='word_1_293' title='bbox 338 4176 477 4241; x_wconf 92' lang='lat' dir='ltr'>realibus</span> <span class='ocrx_word' id='word_1_294' title='bbox 494 4193 588 4258; x_wconf 89' lang='lat' dir='ltr'>quam</span> <span class='ocrx_word' id='word_1_295' title='bbox 611 4177 836 4259; x_wconf 89' lang='lat' dir='ltr'>personalibus</span> <span class='ocrx_word' id='word_1_296' title='bbox 852 4175 1033 4240; x_wconf 80' lang='lat' dir='ltr'>actionibus</span> <span class='ocrx_word' id='word_1_297' title='bbox 1056 4183 1132 4237; x_wconf 92' lang='lat' dir='ltr'>tunc</span> <span class='ocrx_word' id='word_1_298' title='bbox 1149 4187 1224 4252; x_wconf 90' lang='lat' dir='ltr'>pre·</span> 
     </span>
    </p>
   </div>
   <div class='ocr_carea' id='block_1_3' title="bbox 0 0 1554 4942">
    <p class='ocr_par' dir='ltr' id='par_1_3' title="bbox 0 0 1554 4942">
     <span class='ocr_line' id='line_1_39' title="bbox 0 0 1554 4942; baseline 0 0"><span class='ocrx_word' id='word_1_299' title='bbox 0 0 1554 4942; x_wconf 95' lang='lat' dir='ltr'> </span> 
     </span>
    </p>
   </div>
  </div>
 </body>
</html>
