3236 4944
698 401 933 522 -ttsss

233 647 265 704 et
279 635 308 702 ln
321 637 430 704 causis
443 655 500 716 pro
513 645 774 720 ternporecoram
784 639 831 704 eis
844 638 1039 704 introductis
1052 645 1084 703 et
1096 635 1323 719 pendentibus

242 738 320 802 alias
340 738 428 819 juxta
452 738 592 819 ipsarum
617 737 846 802 continentiam
872 737 1063 816 litterarum,
1085 737 1117 802 in
1133 736 1282 802 omnibus
1299 745 1330 802 et

236 854 292 917 per
308 837 415 902 omnis
432 837 565 917 perinde
582 837 769 916 procedant,
791 855 829 901 ac
852 837 878 902 si
904 837 1009 901 littere
1032 836 1102 918 ipse
1125 853 1142 900 a
1168 835 1326 918 principio

235 936 282 1000 eis
319 936 440 1001 directe
477 935 696 1007 exstitissent;
732 935 883 1017 quodque
913 935 973 1017 ipsi
1006 953 1063 1016 per
1093 952 1152 1000 rios
1183 933 1326 1017 deputati

237 1036 489 1100 Gortseruatores
506 1034 690 1100 huiusmodi
707 1035 747 1099 de
763 1044 872 1102 cetero
888 1035 920 1098 in
938 1033 1145 1100 citationibus
1168 1041 1200 1098 et
1221 1033 1324 1099 moni·

238 1133 390 1208 tionibus,
408 1150 487 1214 onas
509 1150 569 1214 pro
593 1143 737 1212 ternpore
753 1133 969 1210 decubuerint,
988 1133 1131 1214 ipsarum
1147 1131 1324 1198 litterarum

237 1243 392 1307 tenorem,
411 1231 463 1312 qui
478 1230 543 1311 jam
562 1241 691 1311 propter
708 1231 862 1312 temporis
881 1239 1072 1297 vetustatem
1097 1239 1126 1296 et
1150 1247 1180 1303 c(
1193 1237 1324 1296 nsuetu-

234 1331 354 1404 dinem,
380 1329 587 1411 quadraginta
612 1330 705 1394 arinis
729 1339 759 1394 et
785 1331 866 1394 ultra
891 1331 1084 1396 inconcusso
1107 1331 1323 1402 obseruatum.

235 1430 267 1492 in
297 1429 441 1494 notitiam
473 1428 638 1494 bominum
666 1430 792 1494 illarum
821 1429 959 1510 partium
986 1428 1147 1505 transicit,
1175 1428 1325 1510 dictoque

236 1527 341 1596 litters
357 1527 389 1592 in
405 1527 562 1610 principio
578 1528 801 1592 concessionis
818 1544 926 1593 earum
949 1521 989 1592 in¹
1009 1526 1176 1592 leodiensi
1201 1527 1325 1594 diocesi

237 1629 378 1709 prodicta
408 1637 439 1693 et
467 1627 547 1692 locis
573 1627 814 1692 circumcicinis
842 1627 1003 1708 publicato
1030 1627 1168 1698 luerunt,
1194 1626 1323 1692 minime

237 1737 405 1794 tencantur
434 1727 597 1802 inserere;
632 1727 782 1808 quodque
821 1726 1051 1791 nichilominus
1087 1725 1257 1790 citationes
1293 1733 1326 1792 et

237 1816 431 1892 monitiones
465 1826 648 1890 huiusmodi
685 1826 817 1906 perinde
854 1825 944 1906 ipsos
978 1825 1181 1930 monitos)
1210 1824 1326 1890 citatos

235 1931 359 1989 arctare
375 1923 512 1988 debeant
527 1940 565 1989 ao
581 1924 607 1987 si
625 1932 718 1988 tenor
736 1925 806 2004 ipse
821 1923 1030 1988 citationibus
1047 1932 1079 1986 et
1095 1921 1326 1988 monitionibus

236 2022 358 2088 eisdem
371 2022 460 2104 juxta
476 2030 634 2088 vetustam
652 2023 920 2088 consuetudinem
937 2021 1092 2094 hactenus
1108 2021 1324 2096 obseruatum,

239 2131 273 2188 nt
289 2121 460 2202 prelertirr,
478 2121 620 2186 insertos
643 2129 732 2186 osset
755 2121 826 2186 siue
850 2121 975 2195 luisset,
1001 2120 1112 2186 eadem
1135 2119 1326 2186 auctoritate

238 2221 413 2302 apostolica
430 2220 639 2286 concedimus
655 2237 713 2302 per
730 2229 911 2302 presentes.
983 2265 987 2279 .

506 2387 682 2442 Annulata'on
701 2391 747 2441 das
765 2389 871 2440 clauses
890 2389 1056 2441 contraires.

280 2541 350 2606 Non
374 2541 575 2606 obstantibus
598 2541 767 2623 premissis
791 2558 828 2605 ac
848 2537 1134 2606 constitutionibus
1150 2545 1182 2604 el
1196 2537 1326 2604 ordina·

242 2641 384 2707 tionibus
406 2641 604 2724 apostolicis,
631 2658 754 2707 necnon
778 2639 941 2718 omnibus,
965 2656 1028 2720 que
1051 2638 1135 2703 idern
1159 2637 1328 2711 Martinus,

244 2741 466 2822 predecessor,
484 2739 515 2804 in
533 2741 603 2805 suis
626 2740 739 2806 litteris
764 2737 947 2804 huiusmodi
971 2751 1036 2802 non
1059 2735 1191 2803 obstare
1214 2736 1327 2814 voluit,

244 2839 424 2922 ceterisque
439 2839 610 2908 contrariis
625 2839 893 2922 quibuscumque.

645 3007 796 3062 inertem
814 3013 838 3060 et
858 3011 928 3061 dola.

281 3161 365 3226 Nulli
390 3179 466 3244 crgo
491 3163 654 3226 bominum
672 3162 766 3226 liceat
783 3162 866 3224 lianc
883 3159 1030 3240 paginam
1048 3167 1158 3224 nostre
1174 3157 1325 3224 ratihabi-

241 3261 349 3334 tionis,
363 3261 615 3334 constitutionis,
631 3258 870 3335 declarationis,
887 3256 1160 3334 communitionis,
1179 3257 1326 3322 commis·

240 3359 355 3436 sionis
388 3361 524 3424 nraiidati
556 3370 586 3424 et
615 3357 853 3432 concessionis,
885 3355 1072 3437 intringere,
1103 3355 1152 3420 vel
1181 3355 1211 3422 ei
1248 3372 1327 3421 cusu

242 3461 412 3524 temerario
435 3459 605 3524 corrtraire.
631 3457 663 3522 Si
688 3457 760 3538 quis
783 3464 887 3520 autem
912 3455 973 3520 boc
989 3462 1144 3520 attentare
1160 3470 1327 3536 presump-

241 3557 330 3631 serit,
349 3557 597 3640 indignationem
619 3555 855 3638 Omnipoteutis
874 3553 940 3630 bei,
958 3569 995 3618 ac
1011 3553 1177 3632 beatorum
1193 3552 1277 3618 Petri
1294 3563 1325 3619 et

242 3654 343 3732 Pauli,
360 3657 579 3736 apostolorum
596 3656 677 3728 eius.
696 3672 731 3719 sc
749 3653 873 3718 nouerit
889 3651 1107 3717 incursurum.

286 3755 395 3818 ilatum
423 3756 522 3819 Rome
548 3755 631 3836 apud
656 3763 801 3820 sanctum
825 3751 963 3816 Marcum
988 3767 1072 3816 anno
1095 3749 1326 3815 iucarnationis

241 3851 400 3918 dominice
428 3855 597 3918 millesimo
623 3852 940 3934 quadringentesimo
966 3849 1167 3931 sexagesimo
1196 3860 1325 3926 octauo,

240 3953 377 4032 septimo
413 3953 565 4017 calendas
602 3951 814 4034 septembris,
857 3948 1061 4032 pontillcatus
1101 3947 1203 4012 nostri
1244 3963 1329 4012 anno

240 4058 366 4130 quarto.

659 4149 759 4230 Supra
773 4150 885 4231 plicam
904 4165 912 4211 :
928 4147 982 4210 To.
999 4165 1037 4210 oa
1053 4145 1242 4208 nicrinus.
