3100 4942
628 449 795 512 ..39-

161 629 277 694 arnon
296 628 443 694 theorica
466 629 588 695 Seneee
612 629 760 708 dicentis,
778 628 848 694 scio
871 627 1030 694 neminem
1054 629 1136 694 berte
1160 645 1259 710 posse

163 731 285 805 emere,
303 729 360 793 sed
388 729 696 794 neototierauititer
716 727 846 810 qrrtoen
863 727 933 792 sine
960 728 1116 807 sapientie
1138 729 1259 802 studio,

161 845 238 893 cnm
254 827 364 892 omnia
381 827 484 908 innuit
500 827 664 902 habueris,
681 837 758 891 tuno
773 835 805 891 et
821 825 940 890 trabere
959 827 1151 906 sapientiam
1164 827 1258 900 velis,

167 927 228 991 hoo
250 927 313 992 erit
335 926 479 990 ultimum
502 926 566 990 vite
589 925 850 990 instrumentum.
876 923 941 988 fleo
966 925 1052 988 enim
1076 925 1257 1004 theologica

166 1025 323 1106 sapientia
341 1033 391 1089 est
406 1025 584 1090 secundum
600 1039 754 1098 conones,
771 1040 827 1102 per
841 1037 936 1103 quam
952 1021 1094 1086 christus
1111 1023 1259 1088 noscitur

160 1133 197 1188 et
217 1124 394 1196 inuenitur,
412 1131 445 1188 et
466 1137 658 1204 quamquam
683 1121 817 1186 scientia
836 1121 920 1202 trini]
943 1132 975 1186 et
990 1121 1148 1203 ouadriutj
1172 1122 1258 1186 inse

167 1223 279 1286 habeat
298 1223 479 1295 veritatem,
497 1239 560 1287 non
584 1232 690 1286 tannen
707 1231 757 1284 est
781 1222 915 1284 scientia
933 1222 1064 1301 proprie
1087 1221 1183 1292 dicta,
1201 1223 1258 1286 sed

167 1322 249 1386 bene
264 1323 348 1384 natet
371 1321 410 1384 ad
434 1335 558 1384 sacrorn
582 1319 774 1400 scripturam
799 1319 1052 1400 intelligentiam.
1078 1319 1122 1382 Ex
1144 1335 1259 1399 super-

168 1419 377 1495 habundanti‚
407 1429 439 1484 et
464 1421 504 1483 de
531 1419 632 1499 gratie
659 1418 756 1493 iente,
786 1428 942 1498 perpetuo
973 1428 1006 1483 et
1031 1417 1260 1482 inuiolabiliter

161 1518 261 1582 etiam
285 1518 451 1591 durature,
469 1533 547 1596 sepe
570 1516 728 1582 refricatis
745 1516 948 1581 uniuersiteti
972 1526 1004 1582 et
1023 1516 1121 1595 opido
1145 1526 1258 1581 nostro

167 1617 373 1686 indulsimus,
411 1616 647 1688 concessimus,
686 1615 884 1679 contutimus
920 1625 952 1679 et
991 1615 1095 1696 tergui
1126 1615 1256 1688 suimus,

170 1716 451 1794 montgemuspue,
460 1713 684 1788 concedimus,
697 1713 892 1778 nutrierimus
904 1723 935 1778 et
948 1713 1101 1794 largimur
1118 1731 1175 1794 per
1189 1730 1263 1793 pre.

164 1826 289 1888 sentes,
307 1825 339 1877 vt
362 1814 402 1877 tie
424 1812 565 1893 utralibet
589 1811 683 1876 trium
705 1812 954 1876 canonicatuum
978 1821 1009 1876 et
1026 1811 1261 1892 prebendarum

168 1914 384 1994 predictarum
420 1911 451 1974 in
490 1920 620 1991 utraque
656 1920 771 1975 sancte
809 1909 923 1974 Gudite
961 1909 1193 1982 Bruxeliensis,
1224 1927 1263 1976 ac

169 2011 269 2075 sancti
286 2009 449 2074 Gurnmari
467 2008 630 2072 metensis
647 2008 871 2088 ecclesiarum,
890 2018 962 2089 post
979 2010 1113 2088 primam
1131 2025 1260 2074 earum-

164 2113 238 2174 dem
256 2118 420 2182 vacatura,
438 2124 563 2172 necnon
579 2119 610 2172 et
625 2109 763 2188 septimo
780 2108 851 2173 ioco
867 2119 1016 2173 vacatura
1033 2108 1210 2188 prebende,
1225 2108 1257 2172 in

170 2209 271 2272 sancti
301 2207 384 2272 Petri
413 2207 624 2272 Louaniensis
653 2206 803 2287 eeclesiis
834 2206 954 2272 nostris
981 2207 1189 2287 supradictis,
1218 2207 1258 2270 att

168 2305 456 2387 presentationem,
470 2305 687 2380 collationem,
701 2306 835 2370 aliamve
850 2305 1094 2386 dispositionem
1113 2314 1254 2369 nostram

167 2405 397 2486 spectantium,
420 2405 606 2470 conditione
628 2423 684 2468 seu
710 2403 804 2469 modo
827 2405 976 2483 superius
999 2405 1039 2468 de
1057 2403 1255 2468 Canoeltario

171 2514 281 2568 nostro
297 2519 453 2583 expresso
469 2519 599 2582 semper
612 2503 716 2574 saluo,
735 2503 838 2567 tribus
853 2503 1040 2568 doctoribus
1060 2501 1256 2567 notabilibus

168 2603 201 2666 in
224 2602 387 2684 theologia
401 2617 500 2680 super
523 2601 666 2668 modoet
690 2601 791 2667 torma
815 2601 1009 2683 supradictis
1031 2611 1062 2666 et
1079 2618 1143 2666 non
1164 2601 1259 2666 aliter

171 2701 407 2781 presentaudis,
433 2717 570 2780 pernes
594 2710 626 2764 et
649 2717 860 2766 successores
885 2711 1014 2768 nostros
1037 2701 1259 2774 conserentur,

170 2803 303 2880 prouiso
337 2799 423 2880 quod
461 2799 541 2862 inira
576 2800 779 2880 septennium
813 2799 897 2864 uicta
932 2799 1067 2864 incultas
1097 2798 1259 2882 theologie

170 2900 288 2964 ibidem
302 2915 358 2978 per
370 2897 481 2964 sedern
493 2897 716 2978 apostolicam,
731 2908 762 2962 vt
778 2897 973 2974 hesetemus,
988 2899 1162 2964 liberaliter
1176 2914 1256 2964 con-

166 3003 313 3062 certatur.

606 3078 827 3134 Corroboratiort.

210 3185 243 3248 ln
260 3199 398 3266 quorum
415 3183 557 3248 omnium
574 3195 605 3250 et
629 3186 829 3266 singulorum
853 3185 947 3252 fidem
972 3195 1002 3251 et
1024 3185 1256 3258 testimonium,

170 3293 340 3364 presentes
371 3293 499 3347 nostras
529 3283 663 3356 litteras,
688 3286 821 3363 gretiam
848 3297 879 3350 et
904 3285 1137 3350 concessiones
1164 3283 1196 3346 in
1223 3299 1261 3346 se

169 3385 388 3456 continentes,
413 3379 549 3446 [coimus
572 3399 608 3446 ex
635 3396 742 3446 nostra
767 3401 842 3447 vcro
864 3384 999 3449 seientia
1027 3383 1128 3448 nostri
1152 3381 1260 3462 magni

167 3481 269 3562 sigitti
281 3479 478 3560 appensione
491 3481 694 3544 communiri.
707 3481 816 3544 Datum
829 3493 860 3546 et
871 3493 976 3547 ectum
991 3483 1022 3545 in
1035 3481 1132 3562 opino
1145 3490 1261 3545 nostro

173 3578 386 3653 muntertensi,
411 3593 494 3642 nona
518 3577 570 3641 die
594 3579 715 3643 mensis
738 3581 881 3645 octobris
904 3597 988 3646 anno
1010 3579 1132 3645 domini
1156 3577 1259 3643 mille·

168 3677 255 3740 simo
270 3676 588 3756 quadringentesimo
604 3678 759 3744 vicesimo
773 3689 901 3744 octauo.

212 3776 277 3842 Sur
291 3775 319 3838 ie
330 3776 374 3858 pii
389 3784 435 3838 etr
449 3776 524 3838 terit
540 3798 549 3836 :

214 3875 276 3939 Per
286 3873 450 3940 dominum
462 3921 483 3938 ..
494 3874 609 3940 ducem
623 3875 826 3957 presentibus
839 3876 970 3942 detrnino
981 3878 1073 3941 Petro
1083 3875 1267 3940 uetuxen-

173 3974 275 4040 boren
289 3975 407 4039 eumue
429 3974 470 4038 te
484 3973 685 4039 Corruemant
700 3985 731 4038 tt
749 3976 918 4055 Bryermie,
936 3977 1066 4044 domino
1086 3977 1127 4040 de
1142 3972 1261 4054 Angia;

175 4073 369 4154 Engetberto
385 4073 558 4137 comiteue
570 4073 690 4136 Nassau
708 4082 739 4136 et
751 4075 791 4137 tie
804 4073 888 4154 vyan
902 4083 967 4151 ten,
982 4075 1113 4140 tommo
1125 4074 1165 4137 ue
1179 4071 1263 4136 beck

170 4179 207 4236 st
231 4171 272 4236 de
299 4171 421 4245 Breda;
449 4171 609 4236 witletrno
634 4171 769 4247 iuniori,
796 4173 913 4238 comite
938 4175 982 4238 tte
1003 4171 1098 4254 Seyn,
1126 4170 1260 4236 domino

258 4289 282 4334 t.
1159 4270 1178 4330 'i
