3236 4944
676 481 861 550 ...m-

268 667 315 732 De
340 687 504 732 nouveaux
530 668 754 749 changements
776 681 886 731 eurent
909 668 970 730 lieu
993 689 1032 732 en
1060 669 1135 751 1468
1157 681 1188 732 et
1216 667 1304 750 1469.

227 771 271 834 Le
287 771 325 834 26
340 767 417 832 aolit
438 768 524 850 r168,
542 767 570 830 le
586 787 667 850 pape
684 767 764 832 Paul
787 768 816 831 ll
842 787 971 830 nomme
995 769 1243 832 Conservateurs
1267 769 1311 832 les

224 869 320 932 abbds
342 867 381 930 de
405 869 534 930 Parcet
557 865 595 930 de
619 867 899 932 sainte-Gertrude
921 870 1003 930 ainsi
1025 887 1087 950 que
1108 867 1137 930 le
1152 868 1257 950 doyen
1272 866 1311 929 de

226 968 437 1032 saint-pierre
451 965 489 1028 de
508 967 662 1028 Louvain.
684 968 748 1030 Peu
764 978 909 1030 contente
925 966 963 1029 de
979 985 1012 1028 ce
1030 968 1133 1038 choix,
1151 965 1309 1029 l'Unirer·

224 1069 283 1130 site
297 1065 422 1128 adressa
437 1085 478 1128 au
496 1063 692 1148 saint-siege
707 1085 770 1128 une
785 1068 911 1148 requete
926 1065 1075 1130 tendente
1090 1065 1108 1127 a
1123 1065 1248 1129 obtenir
1271 1065 1309 1127 de

225 1185 391 1229 nouveaux
418 1164 571 1227 titulaires
598 1185 678 1246 pour
704 1165 748 1227 les
770 1164 926 1228 fonctions
948 1165 1093 1228 delicates
1115 1164 1154 1228 de
1176 1167 1312 1229 Conser-

224 1279 333 1329 vateur
349 1265 403 1327 des
419 1264 593 1346 privileges.
614 1265 693 1328 Paul
712 1265 740 1328 ll
765 1263 986 1328 condescendit
1008 1264 1027 1326 d
1051 1264 1134 1327 leurs
1156 1283 1250 1328 voeux
1272 1280 1310 1326 en
1423 1303 1426 1311 -

223 1365 402 1446 designant,
419 1363 447 1425 le
469 1385 490 1444 4
512 1365 686 1446 septembre
707 1367 796 1449 1469,
813 1365 950 1447 l'e'vequc
966 1363 1142 1437 d'Utrecht,
1159 1364 1259 1426 l'abbe‘
1273 1364 1312 1426 de

226 1463 507 1528 Salute-Gertrude
523 1464 561 1526 de
580 1463 726 1526 Louvain
742 1473 771 1526 et
786 1465 814 1526 le
829 1463 932 1546 doyen
948 1462 986 1526 de
1006 1465 1114 1527 Sainte
1132 1462 1259 1528 Gudule
1274 1462 1312 1524 de

225 1563 395 1638 Bruxelles,
413 1561 604 1626 cest-indite
619 1563 663 1626 les
679 1564 796 1626 memes
811 1583 873 1645 que
887 1581 965 1625 ceux
980 1564 1036 1644 qui
1055 1563 1179 1626 avaient
1202 1562 1249 1626 ete
1271 1580 1310 1624 en

224 1661 382 1726 fonctions
403 1660 447 1724 dn
476 1682 484 1722 r
512 1665 577 1724 mai
604 1664 681 1742 1428
703 1682 743 1724 au
770 1664 785 1724 3
802 1682 886 1724 mars
903 1663 993 1745 1431.
1010 1655 1103 1724 Voici
1118 1661 1146 1724 le
1162 1672 1243 1724 texte
1257 1659 1312 1723 des

226 1761 308 1826 deux
325 1761 424 1824 bulles
441 1783 449 1824 ε

231 2001 311 2066 Paul
339 2002 372 2066 ll
395 2020 514 2066 nomme
540 2003 773 2068 Corrsemcteurs
799 2003 851 2067 des
876 2002 1036 2086 privildyes
1061 2003 1098 2068 de
1123 2001 1317 2068 lllrriversite

271 2100 313 2164 les
335 2101 424 2164 ables
446 2102 483 2166 de
507 2103 586 2166 Parc
608 2109 635 2165 el
656 2103 694 2166 de
714 2103 989 2168 Scitne-Gereatis
1008 2104 1089 2166 ainsi
1104 2120 1162 2186 que
1177 2103 1204 2166 le
1219 2105 1315 2182 alopen

268 2200 305 2262 de
319 2197 530 2264 Sciret-Pieres
545 2201 582 2263 de
597 2201 750 2264 tonnam.

654 2397 691 2453 '26
710 2403 774 2454 coiit
799 2397 878 2455 1468.

375 2523 448 2577 Terre
466 2528 505 2577 du
524 2501 673 2578 souverain
689 2529 803 2590 potitise,
826 2533 851 2578 et
871 2539 973 2592 arenga
992 2541 1027 2578 ou
1044 2528 1164 2590 pretace.

270 2644 388 2710 Paulus
403 2645 576 2726 episcopus
592 2662 708 2710 seruus
723 2661 891 2712 seruorum
912 2646 980 2711 Dei.
998 2647 1043 2709 nd
1063 2655 1246 2726 perpetuam
1264 2647 1309 2710 rei

228 2744 425 2809 memoriam.
450 2743 605 2810 Assiduae
630 2745 875 2826 procommissi
900 2745 993 2810 nobis
1015 2746 1131 2810 celitus
1158 2745 1309 2810 dominici

226 2843 334 2923 gregis
357 2842 534 2907 saluatione
556 2843 790 2908 sollicitudines
809 2844 965 2924 gerimus,
982 2851 1012 2908 et
1030 2856 1062 2908 nt
1079 2851 1187 2908 nostre
1203 2844 1310 2922 proni·

227 2941 331 3006 sionis
353 2957 415 3021 ope
437 2941 519 3006 inter
538 2941 765 3007 christifideles
782 2941 954 3023 quoslibet,
973 2951 1002 3006 et
1021 2942 1188 3023 presertim
1206 2941 1310 3006 ecole-

227 3039 388 3115 siasticos,
413 3039 592 3120 jurgiorum
619 3049 650 3106 et
677 3041 916 3106 dissensionum
947 3041 1086 3106 succisis
1117 3041 1307 3122 dispendiis,

230 3139 317 3219 pacis
345 3147 377 3202 et
403 3139 520 3219 quietis
546 3139 690 3204 firmetur
718 3140 856 3212 ubertas,
886 3150 1016 3220 paterne
1042 3139 1310 3204 considerationis

228 3237 328 3303 aciem
365 3237 565 3302 extendimus
603 3238 751 3318 copiose,
791 3255 915 3304 necnon
952 3256 1006 3316 ea,
1044 3255 1105 3320 oue
1143 3247 1311 3318 propterea

227 3335 401 3402 salubriter
434 3336 593 3416 prodiisse
629 3337 857 3417 comperimus,
897 3348 930 3402 ut
968 3337 1086 3400 illibata
1126 3337 1309 3416 persistant,

227 3435 404 3517 apostolice
419 3435 578 3501 firmitatis
595 3435 711 3502 robore
727 3436 848 3500 arctius
863 3436 1053 3501 solidamus.

507 3595 656 3662 Supplique
675 3611 738 3650 avec
757 3599 868 3648 raisons
888 3599 906 3647 d
925 3594 1037 3660 l’cppur'.

273 3733 395 3798 Dudum
409 3734 567 3815 siqnidem
582 3751 637 3815 per
651 3733 753 3798 lelicis
767 3733 1001 3800 recordationis
1015 3732 1181 3798 llartinum
1199 3747 1310 3813 papam

229 3833 387 3914 quintum,
406 3833 670 3913 predecessorem
692 3844 849 3908 nostrum,
867 3834 1058 3898 dilectorum
1077 3831 1214 3897 liliorum
1232 3832 1312 3897 ilec-

230 3931 311 3996 toris
326 3941 359 3996 et
375 3933 601 3996 uniuersorum
617 3934 797 4006 doctorum,
814 3933 1038 4013 magistrorum
1054 3948 1091 3995 ac
1104 3931 1313 4004 scholarium,

230 4031 475 4112 ceterarumque
500 4048 709 4112 personarum
734 4031 959 4096 Uniuersitatis
975 4031 1071 4095 studii
1089 4029 1313 4102 tonantensis,

229 4128 416 4194 leodiensis
440 4130 592 4198 diocesis.
616 4130 849 4212 conquestione
874 4139 1036 4212 percepto,
1057 4129 1142 4210 quod
1168 4127 1314 4194 nonrmlli

230 4227 477 4310 archiepiscopi,
495 4229 638 4310 episcopi
663 4229 779 4306 aliique
799 4230 1009 4295 ecelesiarum
1028 4228 1143 4319 prelati·
1155 4237 1187 4291 et
1201 4228 1312 4292 clerici
