3236 4944
689 469 873 535 -tttt-

233 705 287 767 l’ic
309 704 355 767 lV
373 706 472 785 ujotttc
486 705 561 765 trois
576 722 739 768 arnuncous
756 705 995 769 Consetdbteurs
1011 722 1076 767 auc
1091 706 1166 800 buis
1182 706 1320 786 ‹idsipne'e

367 805 444 867 dotto
460 805 491 867 lc
506 803 588 867 barile
604 803 640 868 de
657 804 736 868 Puni
754 805 796 879 tl,
814 806 854 868 dat
872 805 889 867 l
905 804 1071 886 septembre
1089 803 1181 868 1469.

664 987 696 1042 19
715 989 784 1044 erril
809 989 889 1046 1562.

389 1128 462 1181 Tttrc
481 1133 519 1182 clu
539 1134 687 1184 scaccorum
706 1137 809 1196 ponttse
828 1139 851 1183 ct
870 1144 973 1198 arenga
992 1145 1027 1183 ou
1046 1133 1163 1196 presuce.

273 1257 346 1322 lius
385 1274 463 1338 papa
493 1268 637 1340 quartus.
669 1261 713 1322 lld
747 1269 930 1341 perpetuam
961 1259 1007 1324 rei
1038 1259 1235 1326 memoriam.
1268 1261 1313 1326 Ad

204 1389 210 1404 ·
232 1357 428 1437 apostolicae
444 1357 608 1438 dignitatis
624 1359 759 1440 apicem,
779 1358 902 1424 meritis
919 1359 993 1423 licet
1013 1359 1187 1438 imparibus
1210 1359 1317 1424 diuina

233 1453 445 1536 dispositione
475 1457 591 1533 uocati,
619 1457 656 1521 ad
689 1475 724 1522 ea
755 1458 892 1522 libenter
919 1455 1126 1530 intendimus,
1155 1474 1211 1537 per
1237 1473 1318 1538 quae

234 1553 429 1634 reipublicae
449 1555 644 1620 christianae
668 1556 762 1620 utiles
786 1556 920 1633 fructus,
941 1555 1127 1635 pracsertim
1151 1574 1189 1620 er
1211 1555 1317 1621 litera·

232 1669 302 1718 rum
319 1653 448 1728 studiis,
466 1656 637 1734 provenire
652 1655 788 1726 valeant,
807 1654 894 1719 otiis
915 1671 996 1734 quae
1013 1670 1070 1733 pro
1087 1654 1316 1736 tranquillitate

233 1769 269 1816 ac
285 1751 391 1833 quiete
406 1769 617 1834 personarum
634 1753 664 1816 in
683 1754 797 1818 iisdem
813 1751 928 1816 studiis
946 1751 1046 1815 literis
1062 1753 1241 1816 vacantium
1260 1770 1316 1834 per

232 1851 394 1916 Romanos
422 1851 606 1944 Porttilices‚
633 1854 902 1932 praedecessores
926 1861 1069 1923 nostros,
1088 1849 1221 1930 provide
1237 1850 1317 1914 lacta

232 1950 332 2014 luisse
348 1952 576 2030 comperimus,
595 1969 652 2030 pro
669 1967 780 2016 eorum
797 1949 1004 2014 subsistentia
1027 1947 1159 2013 llrutiori
1182 1949 1317 2014 libenter

233 2059 362 2114 nostrae
387 2049 606 2129 prouidentiae
632 2060 738 2130 partes
763 2049 974 2130 impartimur,
996 2055 1026 2112 et
1050 2064 1207 2128 personas
1231 2047 1317 2128 ipsas

231 2145 399 2228 condignis
424 2147 604 2227 praesidiis,
624 2160 716 2228 prout
732 2156 949 2228 opportunum
967 2145 1197 2227 conspicimus,
1215 2145 1316 2210 libeu-

233 2255 282 2310 ter
296 2245 516 2310 confovemus.

506 2396 655 2464 Suppltpuc
674 2414 735 2452 cccc
755 2402 866 2451 raisons
885 2403 902 2449 tl
923 2397 1036 2462 l'upptu'.

271 2533 395 2598 Dudum
433 2533 591 2615 siquidem
629 2535 730 2599 felicis
767 2534 1000 2600 recordationis
1037 2533 1191 2598 llartinus
1232 2531 1314 2612 Papa

230 2633 373 2714 quintus,
402 2633 636 2713 praedecessor
667 2643 787 2710 noster,
817 2651 874 2714 pro
901 2631 1076 2699 seminario
1103 2639 1313 2701 nontaotum

233 2731 447 2812 praelatorum
478 2741 509 2796 et
540 2733 757 2797 ministrorum
788 2733 951 2798 Ecclesiae
983 2731 1172 2807 catholicae,
1203 2745 1315 2795 verum

168 2843 171 2850 ·
233 2831 327 2894 etiam
352 2830 592 2911 magistratuum
615 2830 841 2907 saccularium,
865 2831 918 2912 qui
941 2829 1087 2896 consiliis
1110 2829 1179 2893 suis
1202 2844 1313 2908 respn-

233 2928 334 2993 blicas
356 2929 582 3010 gubernarent,
602 2946 695 2994 unam
719 2929 964 2995 Universitatem
988 2928 1084 2994 studii
1107 2927 1266 3009 generalis
1282 2925 1314 2989 in

232 3028 350 3108 oppido
368 3029 569 3103 lovaniensi,
584 3039 660 3094 tunc
676 3028 864 3093 leodiensis
881 3044 965 3093 nunc
981 3044 1057 3093 vero
1076 3024 1314 3091 blccbliuiensis

230 3127 403 3204 dioecesis,
417 3127 595 3206 apostolica
608 3128 799 3193 auctoritate
812 3127 911 3192 erexit
924 3135 955 3191 el
968 3126 1116 3200 institnit,
1130 3133 1162 3189 et
1177 3123 1315 3188 diversis

228 3225 508 3301 concessionibus,
539 3227 753 3300 libertatibus,
782 3225 1047 3299 immunitatibus,
1076 3222 1252 3304 privilegiis
1283 3229 1314 3284 et

229 3323 360 3388 indultis
384 3325 559 3402 decoravit,
577 3335 608 3390 et
632 3342 689 3405 pro
713 3326 828 3406 potiori
853 3325 956 3390 dictae
971 3322 1195 3389 Universitatis
1211 3320 1311 3385 incre·

232 3432 339 3488 mento
363 3440 420 3504 pro
443 3433 587 3504 tempore
608 3425 819 3498 existentibus
843 3425 928 3489 illius
951 3421 1090 3498 Rectori,
1111 3419 1312 3491 doctoribus,

230 3521 416 3597 licentiatis,
435 3522 596 3602 magistris
618 3532 648 3588 ct
672 3523 885 3598 scholaribus,
903 3539 941 3586 ac
962 3520 1034 3586 aliis
1057 3519 1206 3601 personis
1228 3516 1312 3599 eius·

232 3619 304 3684 dem
327 3619 561 3695 Universitatis,
581 3638 637 3701 pro
661 3621 875 3686 defendendis
898 3636 1009 3686 eorum
1032 3616 1313 3693 concessionibus,

231 3719 446 3792 libertatibus,
464 3719 640 3800 privilegiis
663 3731 693 3784 ct
716 3719 861 3797 indultis,
879 3729 987 3784 certos
1010 3717 1260 3782 conservatores
1283 3723 1314 3780 et

226 3817 365 3898 judices,
397 3818 540 3899 ipsorum
573 3819 713 3900 propriis
743 3817 926 3883 nominibus
957 3833 1020 3882 non
1053 3815 1228 3895 expressis,
1259 3813 1312 3896 qui

229 3917 309 3997 ipsis
332 3915 472 3981 efficacis
495 3917 694 3982 detensionis
717 3917 877 3998 praesidio
899 3916 1102 3990 assistentes,
1120 3928 1176 3994 per
1199 3929 1247 3989 se,
1263 3912 1313 3979 vei

228 4015 326 4079 alium
339 4031 395 4079 seu
410 4015 503 4088 alios,
517 4015 641 4080 etiamsi
655 4027 765 4082 esseut
781 4025 869 4081 extra
885 4013 1046 4080 civitatem
1062 4013 1111 4078 vel
1124 4009 1312 4087 dioecesim,

230 4115 261 4178 in
289 4115 406 4196 quibus
432 4115 572 4196 deputati
600 4126 689 4180 erant
716 4117 980 4190 Gorrservatorcs,
1004 4129 1067 4177 non
1095 4110 1315 4192 permitterent

231 4214 319 4294 ipsos
337 4213 517 4290 Rectorem,
535 4216 685 4280 doctores
709 4226 740 4280 et
763 4214 844 4278 alios
869 4211 1038 4296 praelatos,
1059 4227 1158 4294 super
1180 4209 1312 4293 quibus·
