3100 4942
581 495 767 560 -lil-

120 677 246 743 deduci
269 677 419 743 volumus
442 695 500 760 per
521 687 700 760 presentes,
716 693 840 758 rosque
855 675 1084 741 nichilominus
1100 683 1132 740 et
1147 689 1220 739 ves-

122 783 211 842 trum
236 776 413 859 quemlibet
435 777 519 842 dicta
542 776 730 842 auctoritate
752 774 928 856 apostolica
950 783 1063 840 tenore
1086 787 1219 854 presen-

119 874 211 940 cium
246 876 442 957 requirimus
470 885 501 941 et
531 891 698 942 monemus
729 874 833 956 primo
869 874 1012 939 secundo
1051 871 1150 938 tercio
1187 880 1219 936 et

122 974 352 1056 peremptorie
370 974 527 1056 vobisque
552 973 780 1040 nichilominus
802 983 834 1038 et
856 981 998 1038 vestrum
1026 961 1158 1036 cuilibet
1183 970 1217 1034 in

119 1072 245 1138 rirtute
267 1084 379 1138 sancte
400 1073 588 1139 obediencie
610 1085 640 1138 et
662 1073 723 1138 sub
747 1071 962 1152 infrascriptis
983 1070 1216 1135 sententiarum

122 1172 219 1252 penis
244 1172 393 1237 districte
416 1171 622 1253 precipiendo
651 1171 839 1236 mandamus
865 1180 1025 1252 quatenus
1052 1169 1216 1260 inlrausex

119 1269 256 1336 dierum
285 1271 428 1350 spacium
460 1281 532 1352 post
562 1271 840 1352 presentacionem
870 1287 927 1336 seu
958 1267 1215 1334 notidoaoionem

122 1373 336 1451 presencium
361 1361 455 1434 robis
480 1385 538 1436 seu
564 1371 657 1435 alteri
682 1379 826 1434 vestrum
857 1370 956 1434 lactas
985 1377 1017 1434 et
1048 1377 1216 1448 postquam

123 1485 184 1550 pro
209 1479 305 1549 parte
327 1469 404 1533 dieti
426 1469 547 1534 domini
568 1469 724 1535 lobannis
748 1469 934 1552 principalis
951 1469 1061 1549 rigore
1085 1481 1218 1548 presen-

120 1567 211 1632 cium
237 1583 340 1648 super
362 1567 423 1632 boc
446 1567 570 1633 toenitis
595 1568 740 1650 requisiti
766 1585 823 1632 seu
852 1568 933 1631 alter
954 1574 1096 1630 vestrum
1125 1561 1219 1628 luerit

123 1665 309 1748 requisitus
333 1665 515 1732 immediate
537 1667 751 1748 sequentium,
769 1683 905 1748 quorum
922 1681 977 1730 sex
994 1665 1117 1730 dierum
1135 1663 1218 1726 duos

125 1781 184 1845 pro
214 1765 322 1845 primo
347 1765 430 1830 duos
458 1781 515 1845 pro
540 1766 684 1830 secundo
710 1775 741 1830 et
764 1765 907 1846 reliquos
929 1764 1012 1828 duos
1034 1763 1104 1827 dies
1126 1761 1218 1826 uobis

123 1864 294 1930 uniuersis
315 1875 347 1928 et
368 1866 505 1946 singulis
526 1865 721 1944 supradictis
745 1881 802 1945 pro
826 1865 926 1928 tercio
948 1872 980 1928 et
1001 1861 1218 1943 peremptorio

124 1965 270 2029 termino
292 1981 330 2029 ac
353 1966 534 2030 monicione
555 1966 710 2030 cononica
738 1965 952 2046 assignamus,
979 1963 1134 2044 prelatum
1160 1960 1218 2024 do·

125 2063 252 2128 minum
275 2062 451 2127 lottannem
473 2063 648 2130 i’rabelier
671 2063 876 2146 principalem
903 2063 953 2127 uel
976 2070 1218 2142 procuratorem

124 2179 220 2228 suum
246 2163 318 2227 eius
341 2163 469 2228 nornine
491 2165 522 2227 in
546 2175 578 2229 et
598 2165 637 2228 ad
660 2165 862 2246 corporalem
881 2163 997 2227 realem
1014 2169 1046 2226 et
1060 2159 1217 2224 actualem

127 2262 377 2342 possessionem
394 2263 512 2328 vicarie
535 2265 676 2344 predicte
694 2263 879 2344 juriumque
901 2271 931 2326 et
949 2257 1216 2342 pertinenciarum

128 2361 353 2440 predictorum
381 2361 540 2426 inducatis
566 2361 796 2442 inductumque
822 2359 1000 2426 defendatis
1026 2375 1063 2422 ao
1089 2354 1217 2421 delemli

127 2459 256 2523 laniatis
279 2470 310 2524 et
327 2461 527 2540 permittatis,
545 2471 733 2526 amonentes
749 2461 865 2526 exinde
881 2458 1055 2541 quemlibet
1070 2457 1216 2521 illicitum

126 2558 334 2624 detentorem
350 2575 444 2638 quem
466 2575 525 2624 nos
549 2571 581 2624 ut
604 2576 700 2640 supra
723 2575 911 2625 amouemus
934 2567 964 2624 et
986 2556 1218 2622 denunciamus

126 2667 284 2732 amotum,
302 2657 474 2721 aedictum
491 2659 655 2722 dominum
678 2661 856 2723 lobannem
879 2657 918 2722 nd
935 2655 1086 2720 vicariam
1110 2653 1219 2719 buius·

126 2756 210 2822 modi
237 2756 417 2820 admittatis
440 2769 471 2820 et
494 2758 617 2822 admitti
643 2758 778 2834 iacietis,
803 2758 929 2838 sibique
954 2756 1003 2822 uel
1028 2756 1131 2820 eidem
1158 2770 1219 2818 suo

127 2855 332 2934 procuratori
348 2855 388 2919 de
401 2857 502 2937 ipsius
515 2857 632 2922 vicarie
645 2857 802 2922 fructibus
816 2855 993 2920 redditibus
1007 2853 1217 2935 prodentibus

124 2953 254 3034 iuribus
276 2964 307 3017 et
330 2955 587 3020 obuencionibus
606 2957 768 3021 uniuersis
792 2958 914 3036 integre
938 2952 1162 3034 respondeatis
1185 2961 1217 3016 et

129 3053 255 3120 iacietis
272 3054 312 3118 ab
327 3053 398 3134 aliis
416 3055 558 3132 plenarie
573 3065 605 3120 et
621 3055 745 3136 integre
762 3055 963 3134 responderi.
981 3057 1065 3129 Quen
1082 3072 1107 3115 st
1124 3069 1216 3115 roure

130 3157 289 3231 premissa
315 3154 422 3217 omnia
450 3163 481 3218 et
508 3153 632 3236 singula
661 3171 723 3220 non
754 3153 1006 3235 adimpleuerilis
1036 3163 1089 3216 aut
1119 3167 1217 3230 super

130 3252 297 3331 premissis
318 3251 349 3314 in
376 3253 584 3332 preludicium
608 3255 683 3318 dicti
709 3255 829 3317 domini
852 3253 1007 3318 lobannis
1029 3249 1216 3332 principalis

127 3351 299 3432 quicquam
326 3351 553 3432 disposueritis
580 3370 637 3417 seu
665 3352 932 3432 attemptaueritis
960 3361 1014 3415 aut
1036 3351 1139 3430 ipsum
1163 3347 1214 3412 uel

129 3461 371 3527 procuratorem
387 3465 479 3512 suum
497 3451 529 3513 in
546 3452 652 3531 aliquo
670 3452 901 3532 impediueritis
916 3449 1089 3531 quominus
1106 3447 1214 3512 buius·

130 3547 212 3612 modi
243 3548 350 3612 littere
373 3549 550 3628 apostolice
573 3561 604 3614 et
629 3567 764 3630 presens
789 3561 898 3614 noster
922 3564 1096 3629 processus
1119 3561 1212 3609 suum

129 3643 271 3710 debitum
296 3647 478 3712 sorciantur
501 3647 650 3712 effectum
675 3666 731 3714 seu
756 3648 1004 3728 impedientibus
1029 3643 1213 3710 huiusmodi

129 3743 284 3810 dederitis
296 3746 448 3808 auxilium
461 3747 632 3812 consilium
651 3750 700 3811 uel
718 3749 859 3812 fauorem
878 3745 1004 3826 publice
1021 3746 1071 3809 uel
1089 3743 1215 3808 occulte

130 3841 251 3908 directe
276 3844 325 3908 uel
349 3844 504 3910 indirecte
526 3847 642 3926 quouis
665 3847 792 3927 quesite
816 3848 926 3910 colore
949 3844 1156 3925 singulariter
1182 3841 1213 3904 in

130 3955 184 4005 vos
198 3957 315 4006 omnes
330 3952 362 4006 et
378 3943 522 4024 singulos
539 3947 744 4024 supradictos
762 3944 815 4024 qui
832 3945 862 4006 in
883 3943 1049 4024 premissis
1069 3941 1214 4021 delique·

131 4039 195 4106 ritis
223 4051 255 4104 et
282 4041 474 4121 generaliter
500 4042 531 4105 in
559 4059 780 4123 quoscumque
807 4042 1062 4107 contradictores
1092 4041 1123 4102 in
1155 4042 1214 4102 bac

132 4151 218 4216 parte
240 4149 273 4204 et
296 4139 434 4204 rebelles
458 4153 519 4204 tam
544 4143 783 4206 ecclesiasticos
807 4157 900 4222 quem
924 4141 1088 4205 seculares
1104 4138 1213 4202 cuius-

134 4253 267 4318 cumque
289 4249 392 4303 status
413 4239 531 4318 gradus
553 4240 676 4305 ordinis
700 4243 750 4304 uel
773 4241 975 4304 condicionis
997 4239 1134 4304 existant
1152 4235 1216 4301 nisi
