3236 4944
740 419 926 488 -376-

286 606 487 688 ocollegiate
522 605 623 688 sanct]
656 605 738 688 Petri
777 604 990 672 Louaniensis
1026 605 1104 670 bora
1141 601 1264 670 decima
1299 610 1376 668 ante

285 724 298 762 ι
318 705 482 771 meridiem
499 722 597 786 super
615 705 675 788 bijs
690 707 847 772 articulis.

327 805 492 870 »Primus
520 805 566 870 tu
594 807 788 872 audiendum
819 815 888 872 acta
915 804 1121 870 dominorum
1147 804 1373 884 deputatorum

286 925 299 963 a
317 904 538 970 uniuersitatis
552 921 650 986 super
661 905 807 970 articulis
819 905 867 970 eis
884 905 915 968 in
934 904 1109 970 nouissima
1124 901 1373 984 congregatione

164 1031 166 1039 ·
285 1024 299 1063 s
316 1003 537 1068 vniuersitatis
552 1004 736 1070 commissis
753 1015 784 1070 et
800 1005 837 1069 ad
855 1003 1097 1068 deliberandum
1114 1003 1266 1083 desuper.

327 1104 516 1177 »Quantum
532 1103 570 1166 ad
589 1103 725 1183 primum
741 1104 910 1169 articulum
928 1103 1071 1168 narrauit
1093 1101 1243 1167 dominus
1266 1109 1374 1166 rector
1439 1125 1445 1130 ·

286 1200 496 1283 »qualiterjn
513 1201 691 1266 nouissima
703 1203 954 1283 congregatione
971 1200 1192 1266 uniuersitatis
1208 1197 1374 1264 commissi

286 1299 447 1364 »luerunt
481 1300 558 1380 certi
589 1300 716 1366 articuli
757 1301 922 1366 nonnuliis
952 1300 1114 1381 deputatis
1151 1297 1374 1364 vniuersitatis

285 1419 299 1458 a
316 1397 506 1480 expediendi
520 1397 605 1479 Jnlra
621 1408 695 1464 octo
711 1399 780 1464 dies
793 1399 879 1480 jntra
899 1416 980 1480 quos
997 1398 1102 1463 adbuc
1126 1407 1295 1463 currentes
1308 1397 1374 1478 jpsi
1408 1423 1410 1431 v

286 1518 300 1554 ι
318 1496 439 1560 domini
455 1496 596 1578 deputati
610 1497 764 1563 articulos
776 1499 824 1563 eis
837 1498 1031 1564 commissos
1044 1497 1168 1578 meliori
1182 1515 1246 1578 ouo
1260 1505 1373 1578 potue·

287 1605 393 1660 urunt
409 1595 504 1661 modo
520 1596 755 1677 expediuerunt
779 1607 873 1679 prout
892 1597 927 1680 jn
945 1599 1081 1679 quadam
1101 1597 1215 1684 cedula
1239 1612 1295 1677 per
1322 1612 1373 1660 mc

287 1695 479 1760 »notarium
510 1695 606 1760 buius
636 1696 858 1762 uniuersitatis
881 1696 1003 1778 jbidem
1031 1697 1159 1776 publice
1185 1712 1223 1760 ac
1249 1695 1312 1760 alta
1342 1702 1372 1758 et

286 1814 300 1853 r
314 1792 510 1875 intelligibili
533 1811 612 1860 voce
635 1796 776 1876 perlecta
792 1796 887 1860 latius
903 1795 1141 1861 continebatur.
1164 1793 1262 1860 Cuius
1277 1802 1372 1860 tenor

286 1913 299 1952 s
317 1893 464 1974 sequitur
479 1902 511 1959 et
526 1905 576 1959 est
593 1895 665 1960 talis
681 1912 688 1959 :

325 2045 338 2084 s
357 2023 511 2089 Dominus
534 2026 747 2091 cancellarius
770 2028 820 2092 vel
840 2026 1127 2092 vicecancellarius
1146 2025 1182 2106 jn
1199 2025 1301 2090 scolis
1323 2024 1373 2089 vel

284 2143 297 2182 n
311 2121 346 2204 jn
363 2124 489 2188 actibus
507 2125 763 2208 quibuscumque
787 2127 882 2191 modo
899 2125 994 2191 luerit
1014 2125 1048 2206 jn
1065 2124 1221 2190 exercitio
1246 2123 1374 2188 babebit

284 2223 453 2302 »primum
475 2225 581 2289 locum
605 2226 700 2290 etiam
723 2241 820 2306 supra
843 2226 1008 2290 dominum
1031 2236 1202 2298 rectorem,
1220 2223 1372 2287 dominus

284 2341 298 2380 a
315 2331 421 2387 autem
445 2333 552 2390 rector
569 2341 627 2404 pro
643 2335 788 2406 tempore
804 2324 981 2390 secundum
997 2323 1117 2398 locum,
1132 2322 1277 2403 episcopi
1293 2339 1371 2386 uero

284 2441 297 2479 r
315 2431 347 2486 et
362 2421 493 2487 abbates
516 2440 587 2488 cum
605 2424 722 2505 quibus
746 2425 840 2489 etiam
858 2433 1048 2488 numeratur
1062 2422 1213 2488 dominus
1236 2437 1371 2486 conser-

283 2527 407 2584 nuator
430 2531 503 2600 post
532 2522 707 2602 episcopos
737 2533 768 2587 et
799 2523 931 2588 abbates
961 2522 1125 2586 babebunt
1157 2521 1214 2584 3¹¹¹¹²
1250 2523 1368 2593 locum,

283 2639 296 2678 o
315 2617 517 2699 presidentes
540 2638 612 2685 uum
631 2621 788 2701 promotis
806 2631 838 2687 et
853 2622 1044 2686 doctoribus
1057 2621 1147 2703 jllius
1163 2619 1323 2684 lacultatis
1336 2617 1371 2700 ju

284 2735 376 2797 »qua
394 2717 447 2781 flet
471 2720 630 2798 promotio
647 2720 808 2785 habebunt
824 2729 971 2802 quartum
996 2721 1115 2796 locum,
1132 2727 1242 2784 cetere
1264 2727 1370 2783 autem

283 2837 296 2875 t
314 2815 482 2881 facultates
499 2817 677 2883 secundum
694 2835 805 2884 earum
822 2819 979 2885 ordinem.

380 2931 418 2996 ln
432 2931 565 3013 jncessu
583 2945 657 3016 post
672 2936 793 3002 dictum
810 2937 997 3003 exercitium
1012 2933 1266 3015 vicecancellarij

715 3045 746 3100 et
763 3035 797 3117 jn
814 3053 935 3102 mensa.

323 3147 1371 3217 scancellariusrelvicecancellariusextraexercitiumexistens

281 3265 294 3304 r
312 3244 397 3309 cedit
413 3246 530 3324 rectorj
548 3247 601 3330 quj
624 3258 699 3315 tunc
723 3251 850 3316 babebit
873 3251 1011 3333 primum
1034 3251 1153 3324 locum,
1172 3247 1370 3313 vicecancel-

281 3341 411 3408 »larius
437 3343 493 3406 2⁰¹⁰
520 3347 639 3424 locum,
668 3349 720 3431 aiij
748 3360 854 3416 autem
882 3359 913 3414 vt
939 3367 1047 3430 supra.
1080 3345 1370 3413 vicecancellarius

281 3451 417 3506 »autem
445 3445 574 3522 quando
598 3464 660 3512 non
686 3449 745 3514 luit
765 3451 796 3512 in
816 3450 923 3530 aliquo
945 3447 1098 3514 exercitio
1119 3445 1240 3512 tenebit
1262 3445 1368 3510 locum

281 3556 370 3603 »sue
394 3543 618 3621 promotionis,
640 3547 852 3612 cancellarius
871 3565 948 3612 vero
969 3563 1098 3628 semper
1121 3544 1241 3610 tenebit
1262 3544 1368 3608 locum

281 3653 405 3702 »suurn
423 3641 571 3708 videlicet
595 3646 731 3726 primum
749 3647 877 3727 quando
900 3644 995 3726 estjn
1009 3645 1084 3726 jpso
1103 3643 1269 3718 exercitio,
1288 3641 1368 3704 alias

281 3757 294 3794 r
312 3744 416 3803 autem
433 3738 489 3801 2⁰⁰¹
505 3741 623 3808 locum.

509 3855 545 3919 ln
564 3858 702 3940 licentiis
714 3859 749 3941 jn
767 3859 904 3925 ecclesia
921 3857 1136 3924 celebrandis.

322 3968 391 4032 uin
416 3971 521 4036 medio
547 3973 657 4038 altaris
687 3974 747 4040 crit
771 3975 985 4040 cancellarius
1008 3975 1057 4040 vel
1083 3969 1367 4039 vicecancellarius

280 4085 294 4124 r
309 4064 345 4147 jn
362 4070 514 4136 exercitio
530 4072 683 4148 existens,
702 4083 809 4140 rector
825 4074 947 4140 adeius
963 4077 1125 4140 dexteram
1139 4089 1255 4138 uersus
1270 4085 1366 4134 verre·
1413 4157 1416 4161 ι

281 4165 414 4232 arabile
443 4183 690 4250 sacramentum,
723 4163 854 4242 abbatos
885 4185 916 4241 et
953 4183 1166 4242 conseruetor
1203 4171 1241 4238 ad
1280 4170 1366 4234 latus
