3100 4942
705 378 888 461 ster-

259 561 419 626 becanum
433 559 535 640 ipsius
549 559 687 625 ecclesie
700 560 800 624 saneti
816 560 897 624 Petri
910 559 1115 625 instituendis
1125 577 1182 642 pro
1196 570 1341 642 tempore

252 649 409 724 'curarent
432 668 463 723 et
485 657 690 724 instituerent
718 675 756 724 ao
780 675 836 738 pro
859 659 986 722 illorum
1007 659 1082 724 dote
1107 659 1327 742 resultantes}

252 750 382 822 ‘tructus
400 757 543 822 redditus
566 767 598 822 et
615 767 790 838 prouentus
814 761 955 839 prelatos
972 759 1054 824 inter
1075 759 1256 823 obtinentes
1280 775 1340 839 pro

252 866 402 936 tempore
427 856 532 920 dictos
554 857 768 922 Canonicatus
793 867 825 922 et
852 857 1030 938 prebendas
1053 857 1209 939 equaliter
1236 857 1340 937 perci·

258 949 393 1036 'piendos
421 956 610 1034 deputarent
628 967 668 1020 et
698 955 903 1036 assignarent
935 956 1075 1036 diuersis
1104 955 1174 1036 aliJ's
1204 955 1340 1022 adiectis

258 1064 353 1134 prout
370 1054 400 1117 in
417 1053 496 1133 ipsis
512 1053 627 1118 litteris
645 1047 981 1134 plenius'continetur.

418 1220 566 1286 Suppliqua
584 1225 622 1273 du
643 1225 787 1288 maqistrut
805 1226 965 1275 commonet
982 1226 1016 1274 de
1036 1221 1173 1275 Louooin.

300 1343 413 1406 Postea
431 1359 508 1407 uero
524 1359 582 1423 pro
600 1352 689 1423 parte
708 1343 713 1424 Ι
732 1342 1056 1424 Burgimagistrorum
1073 1341 1258 1407 eorumdem
1275 1339 1338 1421 ipsi

258 1440 479 1522 predecessori
516 1441 662 1519 exposito
697 1441 782 1522 quod
818 1441 974 1506 dictarum
1017 1441 1127 1522 uigore
1161 1441 1338 1505 litterarum

257 1539 368 1604 decem
393 1557 428 1604 ert
447 1539 579 1619 prelatis
595 1539 841 1604 canonicatibus
864 1550 895 1605 et
912 1540 1084 1621 prebendis
1108 1539 1224 1604 ibidem
1247 1537 1339 1602 insti·

258 1638 386 1703 tuendis
409 1639 545 1702 instituti
570 1639 696 1703 luerent
721 1640 844 1720 ipsique
867 1637 1109 1720 Burgimagistri
1133 1637 1202 1702 iore
1222 1653 1341 1702 conue-

257 1736 350 1800 niens
365 1737 588 1802 existimarent
606 1737 689 1818 quod
711 1738 754 1800 illi
771 1756 809 1802 ex
826 1737 901 1802 inibi
916 1738 1095 1820 legentibus
1109 1745 1141 1802 et
1156 1737 1340 1818 regentibus

274 1836 279 1916 l
300 1852 357 1916 pro
374 1846 517 1916 tempore
539 1837 593 1917 qui
612 1836 709 1901 ueluti
733 1837 834 1914 magis
852 1836 967 1917 ydonei
990 1847 1085 1918 atque
1106 1835 1276 1901 scientifici
1298 1835 1338 1899 ad

258 1921 468 1998 notabiliores
496 1934 613 1999 ibidem
637 1936 776 2000 lecturas
799 1935 894 2016 positi
918 1936 1021 2000 lorent
1046 1935 1086 1998 de
1108 1933 1338 2000 resultantibus

259 2032 415 2097 fructibus
452 2033 630 2098 redditibus
668 2043 699 2098 et
736 2034 944 2116 prodentibus
978 2032 1163 2098 huiusmodi
1200 2031 1338 2097 maiores

258 2148 352 2212 quam
369 2131 420 2213 alij
440 2137 642 2214 perciperent
658 2135 834 2214 portiones.

523 2301 683 2354 Conuersione
702 2305 734 2355 da
754 2305 781 2355 la
799 2307 897 2366 fureur
916 2302 1072 2356 comanae.

300 2437 386 2502 ldem
410 2439 623 2520 predecessor
645 2439 968 2522 Burgimagistrorum
988 2440 995 2523 1
1016 2441 1230 2520 predictorum
1252 2439 1284 2502 in
1300 2455 1337 2504 ea

259 2546 348 2618 perte
376 2537 665 2618 supplicationibus
695 2540 866 2604 inclinatus
900 2541 961 2604 sub
991 2541 1055 2604 dat·
1088 2539 1238 2604 uidelicet
1273 2537 1336 2603 diei

257 2637 383 2701 decimo
401 2653 485 2700 nono
501 2636 653 2702 kalendas
668 2636 828 2720 Februarii
843 2639 1051 2705 Pontificatus
1067 2639 1116 2703 sui
1129 2655 1213 2702 anno
1229 2645 1337 2703 sexto-

257 2734 383 2800 decimo
395 2737 585 2800 auctoritato
600 2737 776 2818 apostolica
790 2739 899 2802 statuit
914 2739 1075 2804 ordinauit
1085 2748 1178 2818 etque
1192 2736 1337 2802 decreuit

257 2835 342 2915 quod
360 2851 444 2898 anno
466 2835 608 2916 quolibet
626 2847 698 2900 ante
722 2838 835 2901 testum
852 2838 1033 2903 Natiuitatis
1051 2838 1056 2916 1
1076 2837 1158 2902 beati
1180 2835 1335 2901 lobannis

258 2933 398 3012 Baptista
421 2933 537 3016 singuli
561 2953 599 2999 ex
621 2935 741 3001 Abbate
766 2937 956 3026 Parclrensis
982 2945 1013 3002 et
1037 2936 1201 3018 preposito
1224 2942 1335 3000 sancte

256 3031 423 3096 Gertrudis
438 3032 704 3098 llonasteriorum
722 3037 907 3100 corumdem
924 3053 961 3102 ae
977 3039 1102 3102 decano
1128 3034 1257 3116 prelatis
1280 3033 1333 3115 qui

254 3146 353 3212 super
376 3130 437 3195 boc
459 3148 517 3211 pro
545 3139 634 3212 parte
656 3132 815 3198 dictorum
842 3135 1163 3216 Burgimagistrorum
1191 3132 1335 3214 requisiti

255 3229 359 3294 dorent
374 3229 413 3294 de
430 3230 659 3295 resultantibus
681 3233 836 3298 fructibus
856 3236 861 3312 Ι
881 3234 1058 3298 redditibus
1073 3243 1104 3298 et
1125 3232 1335 3314 prouentibus

254 3327 438 3392 huiusmodi
476 3330 640 3408 portiones
676 3342 707 3395 et
736 3333 929 3412 quantitates
964 3333 1059 3397 etiam
1088 3332 1210 3414 absque
1237 3332 1333 3396 simili

252 3427 463 3508 requisitione
480 3445 541 3492 non
560 3431 810 3509 augmentandas
835 3432 883 3496 uel
900 3431 1125 3497 diminuendas
1142 3431 1278 3510 singulis
1292 3448 1332 3497 ex

252 3525 383 3606 prelatis
398 3527 578 3608 legentibus
595 3539 626 3592 et
642 3530 826 3610 regentibus
844 3532 1046 3616 presentibus
1058 3542 1090 3597 ct
1102 3532 1218 3596 tuturis
1230 3547 1329 3612 quan·

252 3624 307 3688 diu
331 3625 433 3690 dictos
456 3627 667 3706 canonicatus
685 3628 691 3710 Ι
704 3637 740 3694 'et
767 3629 946 3710 prebendas
969 3629 1152 3696 obtinerent
1174 3632 1331 3712 assignari

254 3723 399 3803 tradique
422 3719 525 3790 lacere
546 3738 681 3806 possent
703 3738 734 3792 et
753 3730 908 3816 deberent
933 3740 1027 3810 prout
1050 3730 1134 3793 iuxta
1157 3747 1232 3794 suas
1254 3747 1331 3796 con·

249 3819 405 3891 scientias
421 3840 500 3910 quas
517 3825 585 3904 ipse
606 3826 817 3914 predecessor
832 3827 972 3908 desuper
993 3828 1139 3892 onerauit
1155 3846 1334 3912 congruere

245 3920 475 4000 prospicerent
497 3925 681 3988 eorumdem
706 3925 878 4006 legentium
901 3938 932 3991 et
953 3928 1134 4016 ,regendum
1164 3927 1331 4007 presertim

217 4034 220 4040 ·
247 4016 350 4094 ,circa
369 4019 511 4084 lecturas
553 4020 759 4106 huiusmodi]
778 4025 984 4109 qualitatibus
1011 4034 1055 4112 et
1079 4026 1333 4116 ‘corrdniouibus

249 4117 759 4215 recensitissiuepensatis„·¹
783 4184 809 4211 ,Ι
880 4177 885 4190 ,
919 4209 923 4215 Ι
994 4145 1020 4215 j
1076 4209 1079 4215 ¹
1292 4157 1311 4166 ··
