3240 4946
753 449 938 524 -rto-
1053 439 1056 443 ’

306 643 394 712 curie
417 642 616 710 leodiensis.
637 645 718 707 item
743 649 968 724 procuratores
992 641 1153 707 nabebunt
1179 639 1220 705 de
1246 635 1388 720 quolibet

305 746 440 810 termino
469 743 534 825 vtitj
567 759 630 808 noo
660 742 741 808 vinu
771 759 864 824 quam
895 748 1148 806 consueuerant.
1179 739 1387 804 determino

301 843 405 926 jnutiij
437 843 485 908 vei
512 843 627 924 iterato
657 851 768 907 neuter
805 850 1048 922 procuratorum
1087 839 1205 921 aliquid
1244 837 1385 930 babebit,

304 961 407 1024 neque
430 943 523 1008 etiam
548 941 703 1017 notarius,
721 950 752 1005 et
768 941 874 1006 soiuet
890 950 997 1022 preter
1013 941 1074 1006 boc
1087 939 1120 1020 jn
1139 953 1251 1018 penam
1270 954 1385 1017 procu-

304 1051 391 1108 rator
414 1042 582 1106 terminum
604 1041 726 1120 jteraos
750 1039 797 1104 vei
822 1041 900 1104 alias
923 1039 1066 1104 inutilem
1091 1037 1261 1100 terminum
1285 1053 1385 1116 agens

303 1157 398 1205 vnum
422 1143 590 1205 stuicrum.
609 1141 727 1204 Poterit
750 1149 853 1204 tamen
874 1139 962 1219 juxta
985 1139 1168 1219 qualitatem
1194 1135 1386 1216 negligentie

302 1250 355 1304 aut
378 1249 464 1304 certe
486 1239 550 1320 doij
574 1239 680 1303 acrius
704 1239 816 1319 punire
835 1237 933 1318 judex
954 1247 1205 1318 procuratorem.
1223 1236 1304 1300 Jtem
1321 1233 1384 1314 dctj

300 1337 443 1402 scolares
466 1339 638 1404 reicientur
661 1338 838 1402 secundum
862 1339 995 1403 t'ormam
1019 1343 1213 1401 statutorum
1237 1335 1287 1412 (¹i·
1305 1333 1385 1399 item
1470 1326 1472 1330 ’

298 1436 333 1518 jo
357 1437 591 1519 transportibus
614 1437 813 1512 ordinabitur
841 1454 897 1517 per
922 1435 1163 1502 uniuersitatem
1190 1435 1237 1500 vir
1266 1435 1386 1516 probus

302 1547 334 1604 et
360 1537 481 1618 legatis,
501 1536 539 1600 ad
566 1536 658 1600 cuius
687 1552 798 1600 manus
825 1535 941 1616 deponj
968 1535 1097 1600 habebit
1122 1535 1228 1599 omnis
1254 1534 1386 1615 pecunia

233 1627 238 1642 '
302 1636 496 1720 proueniens
526 1653 563 1699 ex
594 1635 843 1714 transportibus.
872 1633 929 1714 Qui
957 1635 1138 1715 juramento
1166 1633 1208 1698 sit
1234 1634 1386 1698 astrictus

303 1735 469 1818 pecuniam
497 1735 585 1814 iiiam
616 1734 720 1798 sctum
751 1743 941 1798 conuertere
968 1733 1003 1813 jn
1037 1733 1255 1798 necessarium
1293 1748 1385 1797 vsum

302 1835 403 1899 victus
421 1833 470 1898 vei
486 1833 637 1898 similium
655 1833 881 1897 necessitatum
895 1832 1031 1897 scolaris
1044 1849 1102 1912 pro
1116 1839 1258 1912 tempore
1272 1831 1383 1911 studii,

297 1933 332 2014 jn
359 1949 453 2014 quem
481 1931 582 1996 iactus
607 1939 656 1996 est
679 1939 891 2012 transponas.
914 1931 996 1995 Jtcm
1021 1948 1084 1995 non
1109 1931 1310 2010 permittetur
1332 1929 1381 2010 agi

301 2049 400 2111 super
416 2039 598 2110 transporta
615 2029 845 2109 cuiuscumque
861 2029 958 2110 debiti
975 2030 1060 2111 quod
1083 2031 1262 2110 negiectum
1287 2030 1384 2093 inerit

301 2131 442 2196 sedecim
469 2129 572 2192 annis.
590 2129 671 2193 Jtem
699 2145 757 2192 nec
784 2129 984 2209 permittetur
1009 2146 1105 2210 agere
1126 2129 1262 2194 scolaris
1286 2144 1384 2208 super

302 2246 426 2294 summa
461 2229 580 2293 maiore
617 2245 654 2292 ex
691 2237 873 2307 transporta
907 2244 1000 2308 qnam
1039 2245 1208 2309 personam
1246 2228 1383 2292 scolaris

300 2329 437 2410 singuiis
473 2327 686 2392 consideratis
723 2326 845 2397 deceat,
880 2343 938 2392 nec
974 2336 1060 2392 certe
1094 2344 1152 2408 pro
1190 2328 1313 2392 minore
1343 2328 1381 2392 ad

300 2429 432 2492 eandem
464 2442 634 2508 personam
665 2443 758 2506 quam
789 2427 882 2490 vuius
914 2426 995 2491 libre
1032 2427 1210 2503 brabantie,
1243 2427 1269 2490 si
1310 2441 1385 2506 pars

299 2527 427 2606 euocari
458 2525 571 2589 debeat
600 2525 679 2588 vitra
710 2541 801 2587 viram
832 2526 961 2589 dietam.
989 2525 1071 2590 Jtem
1102 2541 1278 2608 processus
1306 2525 1385 2589 sient

298 2624 403 2705 justar
418 2623 506 2688 curie
523 2622 726 2692 bendicnsis3
746 2631 896 2702 poterunt
912 2631 1014 2688 tamen
1039 2624 1164 2706 termini
1189 2625 1227 2688 ad
1252 2625 1382 2705 longum

305 2739 367 2787 non
395 2720 533 2801 extendi.
551 2722 588 2783 Jn
614 2720 706 2785 cuius
733 2721 775 2800 rej
800 2721 1016 2797 testimonium
1040 2723 1178 2804 sigilium
1203 2733 1382 2790 rectoratus

308 2821 392 2885 dicte
403 2819 620 2884 uniuersitatis
634 2819 837 2900 presentibus
851 2819 954 2884 literis
966 2822 1114 2886 duximus
1128 2823 1385 2904 appendendum.

310 2921 419 2983 Datum
438 2918 566 2999 Lcuanij
587 2919 773 2983 Leodiensis
789 2919 929 2984 diocesis
946 2936 1027 2985 anno
1044 2937 1060 2984 a
1080 2922 1244 2986 natiuitate
1266 2922 1386 2985 domiui

309 3018 477 3083 millesimo
499 3017 755 3099 quingentesimo
772 3018 892 3084 mensis
908 3035 984 3083 vero
999 3019 1180 3085 decembris
1195 3021 1247 3086 die
1263 3021 1386 3086 decima

306 3117 451 3198 septima.

618 3217 688 3272 Acta
707 3218 908 3282 Unicmsitatis
925 3219 956 3284 V,
973 3219 1022 3276 fol.
1038 3219 1121 3274 lxxxv
1136 3226 1162 3274 ι·0
1175 3237 1234 3278 arv.

304 3439 482 3505 L'crrbiduc
499 3438 636 3522 Phiiippo
651 3439 679 3504 Ic
694 3439 776 3503 Bcou
792 3442 916 3504 restitue
932 3437 1044 3523 i‘usope
1060 3443 1097 3506 de
1112 3441 1141 3506 io
1164 3445 1386 3508 conservatoric

450 3541 452 3544 ’
626 3539 901 3605 bi'Uniucrsitddc
916 3542 1067 3605 Louvuin.

693 3705 725 3759 21
749 3704 891 3761 decembre
915 3705 994 3764 1500.

344 3825 489 3908 Phiiippo
514 3845 568 3908 par
592 3828 619 3891 la
641 3845 735 3909 grece
752 3828 791 3893 de
809 3829 886 3893 bien
901 3829 1063 3895 Arcbiduc
1079 3831 1247 3897 ddustrice
1263 3830 1330 3898 Duc
1345 3833 1386 3900 de

304 3925 506 4006 Bourgoigne
529 3927 568 3991 de
592 3927 719 3991 Lotbric
743 3927 783 3990 de
808 3927 944 3990 Brobant
966 3929 1005 3993 da
1027 3929 1110 3994 Stier
1132 3932 1172 3994 de
1194 3931 1320 3997 darinte
1345 3933 1386 3997 de

303 4024 450 4089 Garnioie
472 4025 511 4090 de
530 4025 709 4106 Lembourg
726 4025 764 4089 dc
781 4025 1004 4109 Luxembourg
1020 4029 1105 4093 etde
1121 4030 1266 4108 Gcidres,
1284 4035 1385 4097 (tonte

255 4233 256 4237 =
341 4205 379 4280 (1)
401 4209 438 4262 Lu
451 4207 544 4264 charte
558 4212 650 4280 ajoutc
664 4209 698 4263 ici
713 4209 739 4262 le
752 4214 809 4263 mci
827 4209 1031 4266 Vniuersitatts.
