3100 4942
611 497 655 513 -
677 463 800 530 titt-

151 643 298 712 facultas
323 647 498 728 'theologie
520 646 707 714 huiusmodi
728 648 892 730 perpetuis
910 647 1027 713 tuturis
1051 648 1250 731 temporibus

152 745 269 832 uigeat
284 757 317 818 et
335 747 539 826 obseruetur.
555 762 593 812 ec
608 746 639 810 in
656 763 694 812 ea
716 748 870 830 congruis
885 747 1002 812 neutris
1016 747 1169 812 cursibus
1184 748 1251 813 sul·

153 844 310 914 linientes
324 845 506 934 ydoneique
521 845 639 928 reperti
661 863 679 911 a
704 845 884 934 Proposito,
904 847 1031 912 lieceno
1055 848 1105 912 uel
1125 853 1130 930 t
1149 847 1252 928 ‹lepu-

159 945 271 1011 randls
297 947 335 1025 tl)
358 945 479 1013 eisdem
506 947 622 1028 quibus
645 956 815 1029 propterea
839 947 900 1012 rlte
922 946 1095 1032 presentati
1119 945 1248 1022 luerint,

150 1043 283 1124 grecus
309 1055 341 1112 et
362 1045 499 1127 insignio
522 1047 716 1128 magistralia
743 1046 900 1126 recipere,
926 1057 1050 1110 necnon
1073 1043 1106 1108 iu
1130 1045 1251 1126 prelata

153 1143 335 1227 ‘theologia
351 1145 459 1227 legere
475 1155 506 1210 et
520 1144 639 1214 docem
654 1161 693 1214 ee
708 1145 770 1227 ipsi
785 1143 927 1212 vrtiuersi
943 1161 1071 1225 quoque
1084 1152 1115 1208 et
1130 1142 1250 1226 singuli

156 1240 304 1326 Magistri
320 1243 473 1312 licentiati
490 1244 652 1329 Bocullnrij
676 1255 708 1311 et
722 1244 867 1311 scolares
880 1242 1104 1310 Vniuersitetis
1123 1243 1128 1325 Ι
1147 1241 1250 1324 ipsius

151 1338 255 1424 opidi
271 1343 304 1406 in
321 1343 469 1410 facultate
484 1341 657 1426 'theologie
678 1343 873 1416 huiusmodi,
890 1339 1040 1406 omnibus
1063 1352 1095 1406 et
1111 1341 1249 1422 singulis

157 1441 341 1525 priuilegijs
367 1441 499 1506 indultis
522 1440 776 1510 immunitatibus
799 1451 830 1505 et
859 1437 1067 1524 indulgentiis
1093 1456 1155 1520 que
1176 1439 1248 1520 elijs

156 1539 352 1606 doctoribus
373 1549 406 1606 et
420 1541 602 1606 scolaribus
624 1539 766 1608 eiusdem
785 1539 1009 1606 Vniuersitetis
1025 1555 1063 1603 ex
1079 1537 1250 1620 quibusuis

158 1639 352 1718 apostolicis
375 1649 406 1708 et
432 1637 503 1724 alijs
532 1639 800 1706 concessionibus
826 1635 1067 1722 quomodolibet
1096 1635 1233 1719 suffra-l

155 1738 234 1819 gari
258 1739 309 1804 uel
332 1749 517 1821 competere
540 1747 689 1820 poterunt
713 1737 755 1802 uti
772 1747 803 1801 et
821 1737 962 1820 gaudere
985 1736 1123 1812 ualeant,
1139 1735 1251 1800 eedem

158 1836 369 1914 auctoritate.
385 1843 497 1904 tenore
513 1837 709 1918 presentium
726 1835 941 1918 indulgemus.

462 2005 624 2073 emnem,
646 2013 672 2058 u
689 2009 753 2058 eae
770 2008 805 2058 a·
824 2008 853 2058 ur
871 2006 953 2058 mm.

206 2139 291 2208 Nulli
314 2159 392 2228 ergo
415 2144 545 2212 omuino
561 2143 727 2212 hominum
750 2141 844 2210 liceat
865 2145 948 2210 hano
971 2140 1116 2226 peginam
1141 2149 1253 2205 nostre

156 2240 420 2322 constitutionis,
444 2241 670 2318 ordinationis,
695 2253 727 2312 et
752 2241 974 2308 concessionis
1002 2239 1176 2324 intringere
1203 2236 1255 2302 uel

157 2338 194 2402 ei
214 2339 221 2422 l
238 2355 320 2406 ausu
337 2343 508 2408 temerario
530 2341 703 2409 contmire.
720 2341 841 2423 Siquis
858 2351 963 2408 autern
987 2341 1049 2403 lroc
1065 2347 1256 2416 attemptare

163 2439 410 2516 presumpserit,
427 2437 680 2522 indignationem
703 2437 934 2521 omnipotentis
956 2439 1006 2502 clei
1031 2446 1062 2504 et
1085 2437 1251 2502 beatorum

160 2535 251 2600 Petri
268 2548 301 2606 et
315 2535 404 2606 Pauli
419 2537 647 2620 Apostolorum
664 2539 734 2614 eius
753 2556 788 2604 se
806 2539 932 2604 nouerit
948 2537 1167 2604 incursurum.
1185 2535 1255 2598 llat'

164 2633 269 2702 Rome
289 2636 373 2720 eputl
397 2637 673 2718 Senctumpetrum
693 2637 698 2718 Ι
717 2637 810 2702 lluno
834 2635 1068 2726 iucarnationis
1091 2633 1254 2698 dominico

166 2733 339 2800 ltillesimo
365 2734 683 2820 quadringentesimo
710 2735 875 2802 tricesimo
899 2733 1001 2818 primo
1027 2733 1128 2798 lionis
1152 2729 1254 2812 Murrij

162 2829 378 2902 Pontiticatus
394 2837 495 2900 nostri
512 2833 604 2904 Arrno
623 2835 754 2910 Priuer

946 2929 1019 2996 Pro.
1038 2929 1074 2993 ll.
1093 2929 1239 3011 Rayscop

931 3031 980 3095 lo.
1002 3029 1041 3094 tle
1064 3027 1178 3096 Nursia
1193 3043 1255 3116 :fv

538 3169 664 3238 criutust
682 3187 730 3224 sur
744 3167 914 3240 pemhemln.
929 3166 1005 3226 muni
1023 3167 1057 3222 de
1077 3167 1105 3222 le
1124 3166 1201 3222 bulle
1218 3181 1255 3222 ett

501 3260 593 3332 plomb
610 3261 751 3333 d‘Eupene
766 3259 814 3326 tt,
827 3259 952 3318 acuetis
965 3275 1016 3332 pur
1028 3257 1077 3312 des
1091 3257 1135 3312 fils
1149 3256 1183 3312 de
1196 3255 1256 3311 soie

501 3369 586 3424 rouge
599 3357 627 3408 et
635 3354 734 3424 jaune.

170 3505 177 3520 ⁰
198 3525 241 3598 ll)
262 3525 314 3582 tes
327 3523 480 3594 Prioilepic
493 3527 615 3598 ejoulent
629 3525 664 3579 ici
678 3525 820 3580 indirmenl
834 3525 861 3578 le
875 3522 1043 3598 proposition
1056 3525 1101 3576 ab.

198 3617 242 3688 (2)
263 3615 299 3670 Ce
311 3617 456 3670 document
476 3623 517 3670 est
531 3617 641 3671 intitule
657 3636 664 3671 :
680 3617 845 3671 &contorta
857 3619 927 3670 bulte
939 3617 1081 3680 facultatis
1093 3615 1250 3678 theolopice.
