3246 4944
752 405 939 472 ..638-

309 592 494 668 susceptum
521 587 654 669 gradum
680 587 830 654 licentiae
856 605 892 654 sc
921 587 1134 670 quadriennio
1161 587 1193 651 in
1220 586 1397 654 academiis

304 685 407 767 regiis
433 685 496 768 juri
523 703 653 767 operam
680 687 820 752 dedisse.
845 687 932 752 Alias
960 685 1067 752 nullus
1093 693 1146 751 aut
1172 685 1223 749 vix
1251 686 1335 751 ullus
1362 685 1396 748 in

309 785 522 851 universitate
539 786 727 851 lovaniensi
745 803 916 852 mansurus
939 793 1067 868 putatur
1090 786 1128 852 ad
1152 785 1395 867 suscipiendum

309 884 442 967 gradum
465 885 624 963 licentiae,
642 885 699 952 sed
722 884 760 952 ad
785 887 864 952 alias
888 885 1119 952 Universitatcs
1135 902 1172 952 se
1187 886 1395 960 transferent,

309 983 448 1051 breviori
463 985 655 1066 compendio
671 985 760 1051 illum
777 984 973 1068 suscepturi.

828 1151 878 1215 16.

351 1281 428 1347 item
456 1282 486 1346 in
511 1282 699 1349 visitatione
724 1283 875 1348 statuitur
901 1289 933 1348 ut
958 1283 1136 1347 licentiorum·
1157 1299 1211 1362 per
1233 1287 1327 1345 toturn
1342 1283 1399 1362 jus

309 1383 547 1459 conmmeatum
563 1390 602 1458 ct,
619 1386 648 1447 si
662 1385 787 1448 idoneos
802 1385 968 1466 reperiunt,
986 1383 1154 1446 admittant
1176 1404 1186 1443 .·
1208 1382 1258 1445 cin
1280 1381 1397 1456 minus,

312 1481 353 1544 cd
367 1487 484 1564 tempus
499 1482 659 1564 repellunt.

354 1630 451 1695 Istius
466 1630 623 1696 examinis
639 1630 756 1696 dicitur
779 1649 843 1695 non
866 1630 950 1696 bona
974 1629 1082 1695 haberi
1107 1625 1207 1706 ratioss
1232 1628 1401 1693 rarissime

312 1741 365 1796 aut
389 1747 548 1811 rrunouam
573 1730 711 1811 aliquem
732 1730 863 1810 repelli;
881 1739 923 1806 et,
940 1729 967 1794 si
986 1730 1060 1810 quis
1075 1728 1282 1812 repellendus
1297 1735 1398 1802 esset,

311 1829 434 1896 admitti
457 1845 528 1894 cum
551 1828 663 1904 cauda,
683 1830 744 1894 noc
767 1840 816 1893 est
838 1846 909 1893 cum
934 1845 1033 1894 onere
1059 1827 1174 1894 iterum
1200 1843 1236 1892 sc
1262 1825 1400 1891 sistendi

313 1927 462 2004 examini,
479 1936 650 2008 antequam
676 1927 763 2010 praxi
792 1945 828 1992 se
855 1928 972 2008 poterit
997 1927 1092 2003 dare;
1118 1926 1192 1991 item
1216 1926 1404 2007 frequenter

315 2027 530 2093 intercurrere
567 2027 714 2092 allectum
752 2027 1018 2102 examinatorum,
1053 2035 1084 2092 et
1123 2041 1233 2091 revera
1270 2023 1404 2106 ignaros

237 2179 240 2187 .
313 2125 436 2191 admitti
461 2127 499 2190 ad
525 2126 703 2201 licentiam;
727 2142 840 2192 omnes
864 2125 1099 2191 examinatores
1126 2141 1187 2189 non
1213 2121 1402 2198 corruenire,

316 2242 414 2306 saepe
449 2227 575 2307 aliquos
612 2243 649 2290 se
685 2226 854 2290 absentare
890 2233 921 2290 et
958 2235 1062 2290 tamen
1100 2224 1139 2290 de
1176 2220 1404 2288 emolumentis

315 2324 568 2392 examinatorum
587 2325 790 2405 participare.

360 2423 437 2488 item
460 2424 499 2487 ab
526 2425 619 2488 annis
641 2423 681 2487 tu
703 2434 757 2488 aut
780 2425 908 2489 circiter
931 2429 1081 2504 putantur
1100 2420 1171 2502 jura
1194 2417 1349 2485 examinis
1373 2425 1407 2482 et

318 2523 550 2588 actuandorum
573 2531 704 2602 propter
720 2523 885 2588 caritatem
902 2537 1048 2587 annonae
1063 2519 1165 2586 luisse
1181 2525 1403 2601 augmentata3

316 2631 350 2686 et
365 2637 426 2701 qua
441 2621 609 2687 autoritate
626 2622 803 2703 ignoratur.

364 2769 424 2833 Pro
440 2769 582 2835 remedio
599 2780 674 2852 puto
686 2770 889 2836 statuendum
904 2769 1001 2852 utqui
1015 2769 1046 2832 in
1060 2768 1203 2835 examine
1216 2773 1406 2848 praesentes

324 2884 388 2932 uon
411 2877 486 2932 suut
508 2868 548 2933 ds
567 2868 695 2949 iuribus
718 2885 781 2934 non
806 2869 1005 2951 participent,
1023 2877 1054 2933 et
1077 2875 1110 2932 ut
1129 2866 1200 2947 jura
1223 2864 1404 2930 absentium

321 2966 521 3048 applicentur
536 2967 641 3032 erario
657 2967 894 3040 Universitatis;
913 2977 943 3032 et
959 2965 1186 3048 inquirendum
1207 2963 1311 3046 qualia
1331 2961 1404 3044 iura

321 3066 397 3131 olim
415 3066 530 3130 luerint
555 3065 721 3143 solutast
743 3085 803 3148 qua
827 3067 998 3132 autoritate
1020 3071 1239 3147 augmentum
1264 3062 1409 3144 quando-

322 3164 450 3246 quidem
487 3164 631 3230 Visitatio
672 3175 790 3230 statuat
831 3175 864 3230 ut
904 3168 936 3228 in
977 3167 1065 3229 dictis
1105 3162 1301 3242 facultatibus
1333 3162 1412 3240 iura

323 3263 604 3338 bononicurcorum,
628 3265 883 3329 lieerrtioudcrum
910 3271 936 3327 et
961 3280 1107 3327 nouorum
1138 3263 1292 3325 doctorum
1314 3261 1410 3340 juata

322 3369 499 3426 consuetum
514 3363 636 3427 medum
653 3383 671 3428 c
685 3363 912 3445 professoribus
929 3363 1125 3444 recipiantur.

364 3461 422 3535 Qui
439 3460 478 3525 de
496 3462 655 3542 praesenti
668 3464 869 3527 constituunt
883 3461 1064 3526 lacultatem
1077 3458 1246 3540 juridicam
1261 3465 1410 3538 praeten-

323 3560 401 3624 dunt
418 3558 630 3640 ignorantiam
647 3561 916 3641 augmentationis
929 3560 1063 3641 jurium,
1079 3567 1111 3623 ct
1126 3557 1235 3623 dicunt
1260 3557 1312 3620 illa
1330 3555 1411 3619 satis

323 3675 396 3724 csse
412 3659 537 3739 exigua.
563 3659 600 3723 Et
623 3660 696 3740 petii
721 3659 759 3723 ab
783 3659 846 3723 illis
864 3667 896 3723 ut
914 3659 988 3722 milri
1006 3658 1118 3722 darent
1135 3653 1409 3738 specificat-ionem

318 3755 438 3839 jurium
455 3757 493 3821 ab
510 3757 602 3823 annis
619 3759 658 3822 50
675 3767 705 3823 et
721 3759 760 3824 60
777 3757 857 3823 solvi
875 3757 1056 3823 solitorum.
1074 3755 1135 3820 Sed
1159 3755 1314 3818 hactenus
1331 3751 1410 3815 nihil

321 3854 470 3934 optinere
485 3856 585 3935 potui.
604 3856 694 3922 Unde
712 3865 856 3936 putaretn
873 3872 929 3936 per
946 3857 1115 3920 Rectorem
1132 3851 1357 3917 Universitatis
1379 3861 1414 3914 et

323 3953 540 4031 deputandum
570 3971 587 4017 a
617 3957 679 4020 Sua
710 3955 902 4020 Excellentia
925 3954 963 4017 ad
988 3953 1050 4018 lroc
1079 3951 1259 4032 cogendum
1286 3958 1331 4023 et,
1356 3947 1411 4012 ills

327 4050 443 4126 habita,
456 4053 657 4118 relerendurn
673 4057 755 4118 Suae
769 4053 982 4117 Excellentiae
998 4052 1035 4116 ad
1049 4053 1190 4133 desuper
1206 4047 1412 4113 statuendum

329 4149 414 4234 quod
432 4151 492 4218 erit
507 4150 640 4217 rationis
656 4160 687 4218 et
701 4152 862 4235 equitatis.
