3194 4940
654 486 838 563 -ats-

249 679 289 746 Le
306 681 431 747 llccteur
446 683 641 765 mnpntptpne.
660 719 698 731 -
713 705 727 742 ι
742 681 768 746 Α
783 679 899 764 capite,
915 681 1008 748 idest
1024 681 1162 748 Rectoro
1177 676 1293 766 magni-

203 781 277 858 boo,
296 781 420 847 initium
442 783 618 859 ducamus:
643 783 683 848 de
705 798 770 864 quo
793 796 901 861 operae
918 781 1055 862 pretium
1073 781 1167 848 luerit
1182 783 1294 848 audire

203 879 284 946 alios
310 880 481 962 loquentes
507 897 544 945 ac
571 881 769 954 scribentes,
796 889 892 962 atque
918 879 949 943 io
980 879 1093 961 primis
1118 879 1293 947 Adrianum

203 979 409 1056 biemandum,
426 981 588 1047 rhetorem
605 979 836 1056 academicum,
856 981 900 1044 lle
921 979 1143 1062 limignioribua
1166 982 1293 1048 Germa·

203 1080 262 1143 nire
283 1080 444 1159 Inferioris
465 1080 566 1162 opidis
590 1097 600 1144 .·
625 1101 638 1140 ι
657 1079 791 1154 Sclrola,
815 1077 941 1164 inquit„
960 1079 1170 1145 bononiensis
1196 1097 1294 1146 unum

207 1199 222 1239 ι
238 1179 336 1244 lrabet
347 1189 443 1260 caput
455 1195 511 1244 seu
527 1178 716 1261 principem,
730 1178 782 1244 cui
798 1193 913 1245 omues
930 1188 1062 1259 pereant
1079 1195 1215 1245 necesse
1231 1191 1292 1246 est.

210 1277 410 1344 »Rectorem
426 1286 542 1344 vocant
566 1301 573 1341 :
597 1277 692 1344 cuius
715 1275 855 1343 officium
879 1286 930 1343 est
952 1277 1003 1342 ius
1023 1278 1132 1344 dicere
1148 1288 1179 1344 et
1196 1279 1293 1344 male·

210 1374 304 1440 »licii
328 1392 403 1441 reos
430 1376 646 1442 scholasticos
673 1376 779 1458 poeuis
804 1375 944 1442 afficere.
967 1375 1046 1442 Cum
1073 1377 1104 1440 in
1132 1377 1295 1461 publicum

209 1497 223 1534 n
241 1473 358 1554 prodit,
373 1484 446 1540 ante
462 1489 535 1541 oum
552 1475 577 1541 it
592 1491 762 1554 accensus,
780 1491 875 1558 quem
892 1475 1064 1551 bedellum
1084 1485 1215 1558 recepto
1230 1475 1297 1542 illic

209 1573 414 1650 evocabam,
443 1575 605 1657 appellant
632 1597 640 1639 :
670 1591 754 1657 pone
781 1583 961 1657 sequuntur
987 1574 1108 1640 lemuli.
1136 1577 1296 1650 Quantum

209 1693 222 1733 ι
240 1681 345 1740 autem
362 1673 498 1739 honoris
514 1673 591 1740 buic
605 1673 752 1756 dignitati
768 1673 935 1750 habeatur,
953 1673 1029 1738 binc
1047 1682 1190 1755 apparet,
1210 1675 1294 1756 quod

210 1772 406 1848 »consules
430 1772 637 1855 magistratus
660 1781 691 1838 et
713 1771 885 1838 clarissimi
911 1772 1131 1854 notoncurt,
1157 1773 1297 1856 denique

210 1891 223 1930 s
241 1870 383 1936 omnium
401 1870 591 1952 dignitatum
607 1872 740 1954 gradus,
754 1869 936 1936 Academlae
956 1871 1094 1953 principi
1111 1883 1296 1953 assurgant,

210 1977 272 2034 »et
297 1970 454 2036 decedant
476 1970 517 2036 de
538 1971 602 2036 via.
620 1969 755 2036 Exeunti
778 1969 818 2034 ad
840 1969 981 2045 comitia,
1006 1987 1078 2053 quae
1101 1971 1199 2036 certis
1223 1973 1297 2035 anni

211 2068 443 2151 »temporibus
468 2068 567 2135 indici
594 2069 711 2144 solent,
740 2069 850 2150 plures
876 2069 1005 2134 accensi
1032 2069 1295 2148 ante-ambulant,

212 2191 225 2229 s
243 2168 361 2250 singuli
378 2184 471 2234 mauu
488 2179 635 2234 auratum
650 2175 813 2251 gestantes
829 2167 990 2243 baculum,
1008 2167 1146 2248 insignia
1163 2167 1298 2234 lionoris

211 2266 447 2348 »amplissimi
472 2265 529 2333 Est
554 2267 625 2332 baec
651 2266 819 2332 semestris
846 2265 1003 2348 dignitas,
1027 2266 1295 2348 quemadmodum

210 2387 224 2426 s
243 2364 326 2448 apud
341 2363 501 2431 Romanos
513 2365 590 2432 olim
606 2365 764 2431 dictatura
780 2364 839 2430 luit
854 2382 911 2432 sex
927 2364 1090 2432 dumtaxat
1106 2365 1295 2432 mensium.»

210 2465 284 2530 floec
303 2465 375 2544 iiie;
396 2465 514 2547 quibus
534 2465 727 2531 subnectere
743 2464 842 2539 lubet,
860 2481 931 2547 qum
948 2465 989 2531 de
1004 2465 1117 2532 eodem
1133 2465 1297 2532 Universi-

209 2563 283 2630 tatis
299 2563 444 2645 principe
460 2564 592 2646 scripsit
605 2564 717 2630 iustus
733 2562 861 2646 Lipsius
877 2563 908 2627 iu
925 2579 983 2629 sua
1002 2563 1131 2630 bovenii
1151 2564 1298 2647 descrip-

210 2663 308 2739 tione,
332 2662 387 2726 lib.
411 2662 466 2742 ΙΙΙ,
489 2680 519 2728 c.
542 2663 561 2726 3
583 2685 592 2727 z
618 2663 778 2740 «Rector,
796 2663 947 2746 inquit‚a
970 2663 1087 2728 Senatu
1112 2664 1298 2730 academico

215 2769 391 2836 screator,
416 2761 514 2843 idque
534 2761 672 2845 singuiis
695 2761 921 2837 semestribus‚
947 2771 981 2828 ut
1003 2779 1089 2828 nunc
1113 2779 1166 2827 res
1189 2763 1297 2829 babet.

215 2881 228 2921 i
245 2861 346 2926 Antea
363 2861 490 2943 reperio
503 2861 697 2928 trimestrem
713 2861 810 2927 modo
825 2860 1011 2943 dignitatem
1029 2861 1142 2937 luisse,
1155 2869 1250 2944 alque
1266 2861 1297 2928 id

216 2960 384 3025 »durasse
399 2960 438 3024 ad
455 2975 573 3025 annum
588 2977 645 3025 ero.
663 2977 746 3036 accc.
763 2976 845 3037 serr,
863 2959 893 3025 id
910 2967 960 3026 est
976 2977 1034 3042 per
1044 2959 1155 3042 viginti
1168 2961 1299 3026 circiter

216 3075 363 3126 rannus.
394 3061 504 3142 blagna
527 3067 577 3125 est
597 3062 666 3125 lraec
689 3060 849 3142 dignitas,
877 3067 908 3125 et
934 3059 1142 3140 splendorem
1167 3060 1195 3125 ei
1223 3060 1299 3124 dant

217 3159 375 3225 »accensi
398 3159 467 3224 siro
489 3159 619 3235 bedelli,
646 3167 681 3224 ut
702 3167 819 3225 vocant
847 3180 855 3223 ι
882 3173 1020 3241 quorum
1045 3175 1141 3234 unus,
1166 3160 1298 3239 praelato

217 3281 229 3319 ι
247 3259 358 3341 grandi
375 3268 529 3341 argenteo
544 3267 688 3342 sceptro,
701 3275 831 3340 semper
844 3257 999 3340 praecedit
1010 3266 1042 3323 et
1058 3257 1158 3332 ducit,
1172 3259 1299 3324 lamulis

216 3381 231 3420 n
248 3359 471 3440 sequentibus.
490 3357 653 3424 interdum
674 3366 706 3424 et
721 3367 797 3423 octo
814 3365 970 3438 praeount,
987 3373 1060 3422 cum
1076 3355 1145 3422 suis
1161 3356 1300 3439 quisque

217 3477 231 3518 s
248 3457 400 3539 sceptris,
416 3457 473 3522 sed
490 3457 522 3522 in
537 3457 674 3524 solemni
691 3456 902 3538 processione
917 3463 971 3520 aut
992 3457 1045 3520 die
1068 3455 1163 3521 testo.
1180 3455 1301 3521 Obver-

216 3577 231 3617 ι
249 3564 319 3622 tunt
341 3571 455 3622 omnes
478 3571 547 3632 ora,
563 3565 759 3622 venerantur
780 3565 813 3620 et
828 3555 966 3631 cadunt;
983 3565 1079 3637 atquo
1095 3554 1179 3620 alius
1195 3555 1300 3638 quivis

218 3653 355 3720 shorror
370 3656 473 3721 lasces
490 3655 564 3720 buic
587 3653 756 3721 submittit.
775 3653 926 3720 llioamne
949 3653 1066 3720 etiarn?
1087 3654 1144 3720 sed
1169 3670 1301 3720 narran-

218 3754 329 3820 »tium
356 3753 430 3820 lide.
457 3753 555 3820 Aiurrt
583 3753 732 3820 carolum
761 3755 811 3829 V..
846 3755 1075 3836 imperatorem
1106 3753 1196 3819 illum
1227 3770 1302 3820 vere

218 3875 233 3916 ιι
249 3863 433 3936 augustum,
449 3869 523 3920 cum
540 3853 622 3920 lorte
637 3853 690 3920 bic
704 3861 803 3929 esset,
821 3852 895 3919 loco
909 3852 1052 3918 cessisse
1067 3861 1099 3918 et
1113 3852 1199 3918 latus
1220 3852 1300 3918 ilec-

219 3975 234 4016 s
251 3954 312 4020 tori
331 3953 461 4020 texisse.
476 3953 588 4036 blagua
605 3953 800 4030 inmanitas,
814 3951 843 4018 si
860 3967 923 4016 non
939 3951 1064 4028 debuit;
1079 3968 1192 4034 magna
1207 3953 1301 4017 etiam

220 4053 279 4120 »si
301 4053 421 4120 debuit.
439 4053 596 4135 amplius,
614 4052 742 4135 insigne
764 4051 931 4135 potestatis
955 4067 1129 4133 purpuram
1151 4061 1256 4132 gestat
1271 4061 1304 4118 et

221 4175 235 4215 ι
253 4154 285 4218 in
298 4153 449 4219 irumcros
465 4161 631 4218 extensam
646 4153 828 4235 epomidem
844 4149 960 4232 reiicit,
973 4151 1067 4215 cuius
1082 4165 1149 4215 orae
1165 4150 1303 4230 pellibus

222 4275 235 4318 ι
254 4252 422 4336 variegatis
438 4261 668 4338 praetexuntur.
682 4251 851 4338 caputium
866 4259 1000 4327 vocaot;
1018 4265 1077 4315 uec
1093 4251 1150 4316 aba
1167 4265 1213 4328 re,
1230 4263 1303 4320 nam
