3240 4946
691 490 733 506 ..
753 443 878 522 Μ’..

277 631 403 702 Primus
425 635 465 702 ad
481 636 675 704 audiendum
699 638 803 721 aliqua
827 639 963 722 proponi
989 655 1046 720 per
1061 637 1225 704 dominum
1248 653 1320 704 reo·

233 742 336 800 iorem
352 736 583 802 concernentia
600 738 817 814 commodum,
835 739 992 805 honorem
1015 745 1045 804 ei
1057 737 1322 819 interieniiooem

234 833 476 917 priuilegiorurn
492 835 716 902 uniuersitatis
733 845 763 902 ei
778 839 816 904 ad
834 837 1073 904 deliberanden
1089 836 1242 919 desuper.

278 1035 434 1108 Quantum
458 1033 496 1098 ad
522 1034 659 1114 primum
682 1035 854 1102 articulum
879 1035 1021 1101 narrauit
1043 1035 1194 1102 dominus
1218 1042 1325 1100 rector

236 1131 374 1212 qualiter
400 1131 490 1212 pinra
517 1141 549 1197 et
575 1133 703 1198 diuersa
730 1131 960 1216 impedimenta
985 1133 1092 1216 judies
1121 1151 1159 1200 en
1185 1133 1326 1200 dioensis

238 1227 329 1305 iocis,
346 1231 453 1312 opidis
469 1239 500 1296 et
517 1231 627 1314 patriis
644 1232 724 1297 hunt
740 1243 771 1298 ei
788 1241 972 1314 pressantur
987 1231 1185 1318 universitati
1201 1241 1233 1299 et
1247 1249 1325 1315 sup·

238 1330 351 1410 positis
373 1329 517 1396 eiusdem
539 1329 573 1412 jo
589 1348 648 1396 vsu
669 1331 908 1413 jurisdictionis
930 1330 1192 1405 conseruatorier
1210 1331 1328 1414 quihus

237 1428 265 1492 si
282 1444 346 1493 non
361 1427 522 1516 ohuieiur,
538 1429 645 1494 omnia
663 1429 831 1512 priuilegia
851 1429 1072 1496 uniuersitatis
1096 1431 1271 1512 perdentur
1293 1438 1325 1496 et

237 1527 366 1592 tandem
387 1527 461 1609 ipsa
488 1527 680 1593 universitas
705 1528 832 1609 peribit.
850 1529 955 1606 Quare
979 1529 1088 1610 posuit
1107 1528 1143 1610 jn
1167 1527 1326 1596 deiihera·

239 1625 327 1691 tione
350 1625 553 1704 dominorum
571 1643 616 1696 ¹an
640 1643 680 1692 oe
702 1627 826 1707 placeat
848 1627 974 1710 aliquos
996 1627 1152 1709 deputare
1174 1627 1326 1694 commis·

239 1723 344 1790 serios
370 1741 410 1790 ex
440 1733 531 1807 parte
557 1724 778 1791 uniuersitatis
805 1726 844 1790 ad
871 1743 1034 1792 cesaream
1062 1726 1260 1792 maiestatem
1287 1726 1326 1791 ad

241 1823 336 1890 finem
360 1824 525 1907 obtinendi
549 1824 690 1906 desuper
714 1826 903 1892 remedium.
928 1825 1031 1907 Super
1053 1841 1117 1907 quo
1140 1825 1331 1892 vniversiias

240 1922 424 1988 deliberans
437 1923 600 1990 commisit
612 1923 744 1990 dominc
757 1924 874 2006 rectori
891 1931 922 1990 et
935 1924 1097 2005 deputaris
1112 1923 1336 1990 uniuersitatis

242 2038 279 2087 ac
304 2023 510 2088 assumendis
540 2039 598 2104 per
627 2023 791 2088 dominum
823 2033 994 2099 rectorem,
1022 2023 1174 2105 quodque
1204 2022 1332 2105 singula

242 2121 426 2203 grauamina
461 2139 524 2204 que
561 2121 641 2187 hunt
677 2121 877 2188 uniuersitaii
917 2121 1111 2204 colligantur
1149 2129 1181 2187 et
1216 2121 1328 2188 eadem

243 2236 375 2288 cesaree
391 2221 546 2303 ruaiesrarj
565 2230 765 2302 exponantur
781 2238 840 2302 pro
855 2221 998 2288 remedio
1013 2219 1201 2287 ohiioeodo.

581 2354 652 2410 Acie
670 2355 869 2420 Universitaris,
885 2353 920 2418 V,
936 2354 984 2409 iol.
999 2351 1123 2424 cccxlviij
1139 2359 1177 2409 ι’.

284 2548 390 2607 Arent
412 2541 450 2606 de
472 2542 594 2606 donner
616 2542 645 2605 la
667 2542 737 2606 liste
759 2541 813 2605 des
833 2541 1080 2606 Conservateurs
1095 2538 1149 2602 des
1164 2539 1330 2623 privileges

243 2643 282 2706 de
297 2643 499 2707 l'Universite
514 2643 552 2706 de
575 2644 731 2718 Louvain,
750 2661 831 2705 nous
854 2627 1067 2706 transcrivons
1088 2659 1200 2704 encore
1222 2641 1261 2703 ici
1286 2661 1332 2703 un

249 2759 380 2825 passage
405 2741 467 2805 ires
492 2745 665 2824 important
691 2761 772 2825 pour
797 2740 949 2804 l'histoire
970 2740 1009 2802 de
1034 2740 1064 2802 le
1089 2741 1332 2814 conservatoris,

247 2842 413 2922 emprunte
434 2840 452 2901 iu
474 2841 675 2903 i’Academr'a
696 2840 908 2904 Levaniensis
929 2837 968 2902 de
983 2839 1180 2902 Vernuiaeus
1201 2843 1245 2918 (2⁰
1266 2837 1331 2918 ed„

249 2959 302 3021 pp.
323 2941 358 3002 35
376 2942 444 3015 su).
465 2939 490 3001 il
506 2941 626 3002 resume
641 2940 734 3002 d'une
756 2938 893 3001 maniere
913 2939 1038 3001 concise
1059 2938 1103 3000 ies
1125 2938 1332 3002 attributions

249 3038 292 3100 du
309 3037 449 3100 tribunal
463 3037 506 3099 du
523 3039 765 3115 Conservareur,
781 3050 811 3101 et
827 3039 990 3113 renierme,
1006 3057 1045 3099 en
1060 3048 1163 3108 outre.
1178 3036 1332 3119 quelques

250 3137 321 3200 faits
337 3137 526 3218 historiques
548 3135 609 3199 tris
630 3138 831 3201 interessents
846 3139 902 3219 qui
916 3136 1025 3218 jettent
1041 3153 1103 3198 une
1118 3137 1187 3198 vive
1202 3134 1332 3198 lumiere
1405 3135 1407 3142 '

249 3257 303 3299 sur
317 3236 361 3300 les
377 3255 495 3299 moeurs
510 3236 731 3318 academiques
745 3235 799 3298 des
814 3247 875 3298 hve
890 3247 921 3299 et
934 3247 1010 3299 xvi⁸
1024 3234 1143 3299 siecles.

294 3417 509 3484 «Secundum
535 3416 727 3483 Academiae
753 3416 890 3482 tribunal
918 3417 968 3482 es'i
992 3413 1248 3492 conservatoris,
1275 3431 1333 3482 seu

250 3517 372 3584 iudicis
402 3515 653 3598 privilegiorum.
681 3514 854 3598 Cognoscit
882 3515 935 3580 hic
965 3515 1005 3581 de
1034 3514 1142 3580 causis
1171 3513 1334 3594 omnihus,

251 3633 333 3698 quae
354 3617 512 3680 adversus
534 3623 684 3680 externos
700 3615 739 3679 eh
754 3614 946 3680 academicis
961 3613 1193 3702 suscipiuntur,
1210 3612 1336 3695 hosque

252 3714 284 3777 in
315 3713 552 3794 privilegiorum
583 3711 791 3795 possessione
821 3719 940 3776 tuetur.
971 3711 1067 3776 seder
1096 3728 1155 3792 pro
1184 3709 1335 3777 tribunali

253 3811 509 3877 hebdomadatim
527 3811 589 3888 his,
608 3811 758 3876 mercurii
773 3820 806 3876 et
828 3810 973 3875 sahhaihi
997 3810 1297 3887 deposcendum
1319 3825 1337 3872 a

253 3910 369 3976 studiis
398 3911 583 3976 vacationes
613 3919 701 3985 sunt,
731 3907 829 3974 cerus
859 3909 890 3972 in
921 3908 1029 3974 causis
1058 3909 1170 3976 semei.
1199 3907 1246 3972 nd
1276 3907 1339 3973 hoc

254 4007 390 4074 tribunal
414 4019 569 4074 vocantur
591 4009 776 4090 quicunque
798 4018 884 4072 extra
907 4006 1124 4083 Academiam,
1142 4015 1195 4071 aui
1217 4005 1271 4087 qui
1292 4003 1338 4068 iiii

255 4123 369 4172 nomen
387 4107 632 4183 condederunt,
646 4106 868 4189 cujuscunque
883 4105 1059 4189 dignitatis,
1074 4113 1188 4174 status.
1200 4103 1335 4186 gradus,

252 4205 377 4270 ordinis
392 4205 441 4271 vei
457 4205 652 4272 conditionis
668 4204 842 4282 extiterint,
857 4205 1031 4271 dummodo
1047 4205 1128 4272 uitro
1142 4205 1221 4268 duas
1233 4201 1337 4267 dietas

338 4321 360 4366 r.
1216 4298 1322 4407 ii,
