<?xml version="1.0" encoding="UTF-8"?>
<!DOCTYPE html PUBLIC "-//W3C//DTD XHTML 1.0 Transitional//EN"
    "http://www.w3.org/TR/xhtml1/DTD/xhtml1-transitional.dtd">
<html xmlns="http://www.w3.org/1999/xhtml" xml:lang="en" lang="en">
 <head>
  <title>
</title>
<meta http-equiv="Content-Type" content="text/html;charset=utf-8" />
  <meta name='ocr-system' content='tesseract 3.04.00' />
  <meta name='ocr-capabilities' content='ocr_page ocr_carea ocr_par ocr_line ocrx_word'/>
</head>
<body>
  <div class='ocr_page' id='page_1' title='image "./documentsrelati00reusgoog_0238.png"; bbox 0 0 3194 4940; ppageno 0'>
   <div class='ocr_carea' id='block_1_1' title="bbox 737 437 921 500">
    <p class='ocr_par' dir='ltr' id='par_1_1' title="bbox 737 437 921 500">
     <span class='ocr_line' id='line_1_1' title="bbox 737 437 921 500; baseline 0.005 -15"><span class='ocrx_word' id='word_1_1' title='bbox 737 437 921 500; x_wconf 71' lang='lat'><em>„226-</em></span> 
     </span>
    </p>
   </div>
   <div class='ocr_carea' id='block_1_2' title="bbox 278 601 1378 2078">
    <p class='ocr_par' dir='ltr' id='par_1_2' title="bbox 278 601 1378 2078">
     <span class='ocr_line' id='line_1_2' title="bbox 281 601 1370 710; baseline -0.004 -20"><span class='ocrx_word' id='word_1_2' title='bbox 281 601 515 706; x_wconf 81' lang='lat' dir='ltr'><strong>bouaniensem</strong></span> <span class='ocrx_word' id='word_1_3' title='bbox 535 609 651 686; x_wconf 82' lang='lat' dir='ltr'><strong>uocare</strong></span> <span class='ocrx_word' id='word_1_4' title='bbox 674 617 714 685; x_wconf 84' lang='lat' dir='ltr'><strong>ad</strong></span> <span class='ocrx_word' id='word_1_5' title='bbox 738 617 834 688; x_wconf 85' lang='lat' dir='ltr'><strong>linem</strong></span> <span class='ocrx_word' id='word_1_6' title='bbox 847 603 948 684; x_wconf 68' lang='lat' dir='ltr'><strong>‘illum</strong></span> <span class='ocrx_word' id='word_1_7' title='bbox 964 619 1065 710; x_wconf 77' lang='lat' dir='ltr'><strong>quod,</strong></span> <span class='ocrx_word' id='word_1_8' title='bbox 1089 619 1116 686; x_wconf 89' lang='lat' dir='ltr'><strong>si</strong></span> <span class='ocrx_word' id='word_1_9' title='bbox 1141 619 1222 684; x_wconf 81' lang='lat' dir='ltr'><strong>intra</strong></span> <span class='ocrx_word' id='word_1_10' title='bbox 1244 635 1370 698; x_wconf 83' lang='lat' dir='ltr'><strong>anunm</strong></span> 
     </span>
     <span class='ocr_line' id='line_1_3' title="bbox 278 705 1372 802; baseline -0.002 -14"><span class='ocrx_word' id='word_1_11' title='bbox 278 719 312 788; x_wconf 87' lang='lat' dir='ltr'><strong>&#39;ct</strong></span> <span class='ocrx_word' id='word_1_12' title='bbox 331 721 417 786; x_wconf 93' lang='lat' dir='ltr'><strong>diem</strong></span> <span class='ocrx_word' id='word_1_13' title='bbox 439 737 457 783; x_wconf 89' lang='lat' dir='ltr'><strong>a</strong></span> <span class='ocrx_word' id='word_1_14' title='bbox 482 709 626 800; x_wconf 88' lang='lat' dir='ltr'><strong>tempore</strong></span> <span class='ocrx_word' id='word_1_15' title='bbox 652 709 868 784; x_wconf 79' lang='lat' dir='ltr'><strong>consectionis</strong></span> <span class='ocrx_word' id='word_1_16' title='bbox 891 705 1061 784; x_wconf 72' lang='lat' dir='ltr'><strong>tricentarii</strong></span> <span class='ocrx_word' id='word_1_17' title='bbox 1090 734 1154 784; x_wconf 92' lang='lat' dir='ltr'><strong>nnn</strong></span> <span class='ocrx_word' id='word_1_18' title='bbox 1181 729 1372 802; x_wconf 87' lang='lat' dir='ltr'><strong>compareat</strong></span> 
     </span>
     <span class='ocr_line' id='line_1_4' title="bbox 280 815 1373 899; baseline 0 -15"><span class='ocrx_word' id='word_1_19' title='bbox 280 821 377 888; x_wconf 79' lang='lat' dir='ltr'><strong>barca</strong></span> <span class='ocrx_word' id='word_1_20' title='bbox 400 817 581 898; x_wconf 83' lang='lat' dir='ltr'><strong>legitimus,</strong></span> <span class='ocrx_word' id='word_1_21' title='bbox 606 833 663 882; x_wconf 90' lang='lat' dir='ltr'><strong>seu</strong></span> <span class='ocrx_word' id='word_1_22' title='bbox 687 815 770 882; x_wconf 90' lang='lat' dir='ltr'><strong>alius</strong></span> <span class='ocrx_word' id='word_1_23' title='bbox 792 816 831 880; x_wconf 87' lang='lat' dir='ltr'><strong>nd</strong></span> <span class='ocrx_word' id='word_1_24' title='bbox 855 832 950 898; x_wconf 85' lang='lat' dir='ltr'><strong>quem</strong></span> <span class='ocrx_word' id='word_1_25' title='bbox 976 816 1059 882; x_wconf 91' lang='lat' dir='ltr'><strong>bona</strong></span> <span class='ocrx_word' id='word_1_26' title='bbox 1082 816 1266 883; x_wconf 88' lang='lat' dir='ltr'><strong>huiusmodi</strong></span> <span class='ocrx_word' id='word_1_27' title='bbox 1294 835 1373 899; x_wconf 67' lang='lat' dir='ltr'><strong>pere</strong></span> 
     </span>
     <span class='ocr_line' id='line_1_5' title="bbox 283 913 1367 998; baseline 0.002 -16"><span class='ocrx_word' id='word_1_28' title='bbox 283 917 386 984; x_wconf 91' lang='lat' dir='ltr'><strong>tinere</strong></span> <span class='ocrx_word' id='word_1_29' title='bbox 397 913 673 989; x_wconf 87' lang='lat' dir='ltr'><strong>debeant,debitis</strong></span> <span class='ocrx_word' id='word_1_30' title='bbox 685 914 868 996; x_wconf 82' lang='lat' dir='ltr'><strong>sumptibus</strong></span> <span class='ocrx_word' id='word_1_31' title='bbox 879 924 912 980; x_wconf 93' lang='lat' dir='ltr'><strong>et</strong></span> <span class='ocrx_word' id='word_1_32' title='bbox 924 914 1122 981; x_wconf 75' lang='lat' dir='ltr'><strong>funeralibus</strong></span> <span class='ocrx_word' id='word_1_33' title='bbox 1136 915 1225 998; x_wconf 87' lang='lat' dir='ltr'><strong>prius</strong></span> <span class='ocrx_word' id='word_1_34' title='bbox 1237 917 1367 994; x_wconf 86' lang='lat' dir='ltr'><strong>solutis,</strong></span> 
     </span>
     <span class='ocr_line' id='line_1_6' title="bbox 285 1013 1373 1098; baseline 0.001 -17"><span class='ocrx_word' id='word_1_35' title='bbox 285 1017 450 1083; x_wconf 90' lang='lat' dir='ltr'><strong>residuum</strong></span> <span class='ocrx_word' id='word_1_36' title='bbox 466 1015 623 1082; x_wconf 89' lang='lat' dir='ltr'><strong>dictorum</strong></span> <span class='ocrx_word' id='word_1_37' title='bbox 641 1014 812 1088; x_wconf 87' lang='lat' dir='ltr'><strong>bonorum,</strong></span> <span class='ocrx_word' id='word_1_38' title='bbox 829 1014 916 1080; x_wconf 91' lang='lat' dir='ltr'><strong>dicto</strong></span> <span class='ocrx_word' id='word_1_39' title='bbox 932 1024 1076 1095; x_wconf 89' lang='lat' dir='ltr'><strong>tempore</strong></span> <span class='ocrx_word' id='word_1_40' title='bbox 1091 1013 1216 1096; x_wconf 90' lang='lat' dir='ltr'><strong>elapso,</strong></span> <span class='ocrx_word' id='word_1_41' title='bbox 1228 1016 1267 1080; x_wconf 89' lang='lat' dir='ltr'><strong>ad</strong></span> <span class='ocrx_word' id='word_1_42' title='bbox 1283 1033 1373 1098; x_wconf 82' lang='lat' dir='ltr'><strong>opus</strong></span> 
     </span>
     <span class='ocr_line' id='line_1_7' title="bbox 284 1112 1372 1196; baseline -0.002 -14"><span class='ocrx_word' id='word_1_43' title='bbox 284 1125 318 1182; x_wconf 88' lang='lat' dir='ltr'><strong>ct</strong></span> <span class='ocrx_word' id='word_1_44' title='bbox 335 1114 501 1180; x_wconf 88' lang='lat' dir='ltr'><strong>utilitatem</strong></span> <span class='ocrx_word' id='word_1_45' title='bbox 524 1123 665 1178; x_wconf 88' lang='lat' dir='ltr'><strong>nostram</strong></span> <span class='ocrx_word' id='word_1_46' title='bbox 687 1121 845 1193; x_wconf 78' lang='lat' dir='ltr'><strong>tamquam</strong></span> <span class='ocrx_word' id='word_1_47' title='bbox 862 1112 945 1178; x_wconf 90' lang='lat' dir='ltr'><strong>bona</strong></span> <span class='ocrx_word' id='word_1_48' title='bbox 961 1113 1104 1178; x_wconf 89' lang='lat' dir='ltr'><strong>vacantia</strong></span> <span class='ocrx_word' id='word_1_49' title='bbox 1126 1113 1316 1196; x_wconf 87' lang='lat' dir='ltr'><strong>applicetur.</strong></span> <span class='ocrx_word' id='word_1_50' title='bbox 1333 1115 1372 1180; x_wconf 89' lang='lat' dir='ltr'><strong>ln</strong></span> 
     </span>
     <span class='ocr_line' id='line_1_8' title="bbox 283 1210 1377 1297; baseline 0.001 -18"><span class='ocrx_word' id='word_1_51' title='bbox 283 1213 543 1297; x_wconf 72' lang='lat' dir='ltr'><strong>apprehensione</strong></span> <span class='ocrx_word' id='word_1_52' title='bbox 571 1229 707 1294; x_wconf 83' lang='lat' dir='ltr'><strong>quorum</strong></span> <span class='ocrx_word' id='word_1_53' title='bbox 739 1210 897 1276; x_wconf 89' lang='lat' dir='ltr'><strong>bonorum</strong></span> <span class='ocrx_word' id='word_1_54' title='bbox 927 1211 1107 1276; x_wconf 90' lang='lat' dir='ltr'><strong>vacantium</strong></span> <span class='ocrx_word' id='word_1_55' title='bbox 1139 1223 1201 1278; x_wconf 89' lang='lat' dir='ltr'><strong>tam</strong></span> <span class='ocrx_word' id='word_1_56' title='bbox 1229 1213 1377 1296; x_wconf 77' lang='lat' dir='ltr'><strong>dejure</strong></span> 
     </span>
     <span class='ocr_line' id='line_1_9' title="bbox 282 1310 1375 1393; baseline 0.002 -15"><span class='ocrx_word' id='word_1_57' title='bbox 282 1311 445 1380; x_wconf 89' lang='lat' dir='ltr'><strong>communi</strong></span> <span class='ocrx_word' id='word_1_58' title='bbox 462 1328 556 1393; x_wconf 85' lang='lat' dir='ltr'><strong>quarn</strong></span> <span class='ocrx_word' id='word_1_59' title='bbox 572 1310 809 1376; x_wconf 86' lang='lat' dir='ltr'><strong>consuetudine</strong></span> <span class='ocrx_word' id='word_1_60' title='bbox 826 1311 949 1375; x_wconf 90' lang='lat' dir='ltr'><strong>notoria</strong></span> <span class='ocrx_word' id='word_1_61' title='bbox 963 1311 1082 1376; x_wconf 79' lang='lat' dir='ltr'><strong>fundati</strong></span> <span class='ocrx_word' id='word_1_62' title='bbox 1099 1328 1225 1377; x_wconf 87' lang='lat' dir='ltr'><strong>sumus.</strong></span> <span class='ocrx_word' id='word_1_63' title='bbox 1241 1313 1272 1376; x_wconf 83' lang='lat' dir='ltr'><strong>st</strong></span> <span class='ocrx_word' id='word_1_64' title='bbox 1289 1331 1375 1380; x_wconf 87' lang='lat' dir='ltr'><strong>vero</strong></span> 
     </span>
     <span class='ocr_line' id='line_1_10' title="bbox 283 1409 1368 1479; baseline 0.002 -3"><span class='ocrx_word' id='word_1_65' title='bbox 283 1413 360 1478; x_wconf 92' lang='lat' dir='ltr'><strong>dicti</strong></span> <span class='ocrx_word' id='word_1_66' title='bbox 373 1411 589 1477; x_wconf 87' lang='lat' dir='ltr'><strong>studentesde</strong></span> <span class='ocrx_word' id='word_1_67' title='bbox 600 1409 753 1474; x_wconf 92' lang='lat' dir='ltr'><strong>dominiis</strong></span> <span class='ocrx_word' id='word_1_68' title='bbox 766 1409 886 1474; x_wconf 88' lang='lat' dir='ltr'><strong>nostris</strong></span> <span class='ocrx_word' id='word_1_69' title='bbox 896 1425 959 1474; x_wconf 93' lang='lat' dir='ltr'><strong>non</strong></span> <span class='ocrx_word' id='word_1_70' title='bbox 971 1409 1160 1476; x_wconf 88' lang='lat' dir='ltr'><strong>oriundisic</strong></span> <span class='ocrx_word' id='word_1_71' title='bbox 1171 1411 1368 1479; x_wconf 85' lang='lat' dir='ltr'><strong>decedentes</strong></span> 
     </span>
     <span class='ocr_line' id='line_1_11' title="bbox 285 1506 1378 1592; baseline 0.002 -18"><span class='ocrx_word' id='word_1_72' title='bbox 285 1510 390 1583; x_wconf 90' lang='lat' dir='ltr'><strong>leuda,</strong></span> <span class='ocrx_word' id='word_1_73' title='bbox 408 1509 603 1574; x_wconf 70' lang='lat' dir='ltr'><strong>hereditates</strong></span> <span class='ocrx_word' id='word_1_74' title='bbox 618 1519 673 1572; x_wconf 91' lang='lat' dir='ltr'><strong>aut</strong></span> <span class='ocrx_word' id='word_1_75' title='bbox 688 1507 749 1572; x_wconf 88' lang='lat' dir='ltr'><strong>alia</strong></span> <span class='ocrx_word' id='word_1_76' title='bbox 766 1506 939 1572; x_wconf 90' lang='lat' dir='ltr'><strong>immobilia</strong></span> <span class='ocrx_word' id='word_1_77' title='bbox 960 1508 990 1572; x_wconf 93' lang='lat' dir='ltr'><strong>in</strong></span> <span class='ocrx_word' id='word_1_78' title='bbox 1008 1508 1160 1592; x_wconf 82' lang='lat' dir='ltr'><strong>dominiis</strong></span> <span class='ocrx_word' id='word_1_79' title='bbox 1177 1511 1299 1576; x_wconf 86' lang='lat' dir='ltr'><strong>nostris</strong></span> <span class='ocrx_word' id='word_1_80' title='bbox 1316 1513 1378 1576; x_wconf 58' lang='lat' dir='ltr'><strong>bar</strong></span> 
     </span>
     <span class='ocr_line' id='line_1_12' title="bbox 286 1605 1368 1692; baseline 0.004 -20"><span class='ocrx_word' id='word_1_81' title='bbox 286 1611 393 1683; x_wconf 77' lang='lat' dir='ltr'><strong>licant,</strong></span> <span class='ocrx_word' id='word_1_82' title='bbox 411 1624 451 1673; x_wconf 89' lang='lat' dir='ltr'><strong>eo</strong></span> <span class='ocrx_word' id='word_1_83' title='bbox 466 1623 543 1672; x_wconf 89' lang='lat' dir='ltr'><strong>casu</strong></span> <span class='ocrx_word' id='word_1_84' title='bbox 566 1606 667 1672; x_wconf 90' lang='lat' dir='ltr'><strong>nostri</strong></span> <span class='ocrx_word' id='word_1_85' title='bbox 683 1605 829 1672; x_wconf 86' lang='lat' dir='ltr'><strong>officiarii</strong></span> <span class='ocrx_word' id='word_1_86' title='bbox 851 1606 1011 1674; x_wconf 86' lang='lat' dir='ltr'><strong>dicturum</strong></span> <span class='ocrx_word' id='word_1_87' title='bbox 1027 1607 1237 1674; x_wconf 81' lang='lat' dir='ltr'><strong>immobilium</strong></span> <span class='ocrx_word' id='word_1_88' title='bbox 1254 1625 1368 1692; x_wconf 91' lang='lat' dir='ltr'><strong>appre-</strong></span> 
     </span>
     <span class='ocr_line' id='line_1_13' title="bbox 286 1693 1374 1788; baseline 0.006 -18"><span class='ocrx_word' id='word_1_89' title='bbox 286 1707 476 1774; x_wconf 90' lang='lat' dir='ltr'><strong>hensionem</strong></span> <span class='ocrx_word' id='word_1_90' title='bbox 488 1715 520 1770; x_wconf 90' lang='lat' dir='ltr'><strong>et</strong></span> <span class='ocrx_word' id='word_1_91' title='bbox 530 1693 748 1787; x_wconf 82' lang='lat' dir='ltr'><strong>cognitionem</strong></span> <span class='ocrx_word' id='word_1_92' title='bbox 759 1703 998 1782; x_wconf 73' lang='lat' dir='ltr'><strong>nabebuntuan</strong></span> <span class='ocrx_word' id='word_1_93' title='bbox 1012 1724 1070 1788; x_wconf 94' lang='lat' dir='ltr'><strong>pro</strong></span> <span class='ocrx_word' id='word_1_94' title='bbox 1083 1707 1244 1774; x_wconf 87' lang='lat' dir='ltr'><strong>interesse</strong></span> <span class='ocrx_word' id='word_1_95' title='bbox 1257 1717 1374 1776; x_wconf 87' lang='lat' dir='ltr'><strong>nostru</strong></span> 
     </span>
     <span class='ocr_line' id='line_1_14' title="bbox 278 1799 1377 1890; baseline 0.004 -19"><span class='ocrx_word' id='word_1_96' title='bbox 278 1799 380 1890; x_wconf 84' lang='lat' dir='ltr'><strong>&#39;quam</strong></span> <span class='ocrx_word' id='word_1_97' title='bbox 390 1806 584 1870; x_wconf 83' lang='lat' dir='ltr'><strong>vasallorum</strong></span> <span class='ocrx_word' id='word_1_98' title='bbox 599 1811 783 1869; x_wconf 89' lang='lat' dir='ltr'><strong>nostrorum</strong></span> <span class='ocrx_word' id='word_1_99' title='bbox 796 1821 853 1870; x_wconf 90' lang='lat' dir='ltr'><strong>seu</strong></span> <span class='ocrx_word' id='word_1_100' title='bbox 865 1804 1001 1871; x_wconf 86' lang='lat' dir='ltr'><strong>aliorum</strong></span> <span class='ocrx_word' id='word_1_101' title='bbox 1015 1823 1305 1890; x_wconf 85' lang='lat' dir='ltr'><strong>quorumcumque,</strong></span> <span class='ocrx_word' id='word_1_102' title='bbox 1315 1811 1377 1890; x_wconf 83' lang='lat' dir='ltr'><strong>qui</strong></span> 
     </span>
     <span class='ocr_line' id='line_1_15' title="bbox 282 1901 1376 1992; baseline 0 -20"><span class='ocrx_word' id='word_1_103' title='bbox 282 1906 337 1992; x_wconf 84' lang='lat' dir='ltr'><strong>jus</strong></span> <span class='ocrx_word' id='word_1_104' title='bbox 360 1903 487 1986; x_wconf 86' lang='lat' dir='ltr'><strong>aliquod</strong></span> <span class='ocrx_word' id='word_1_105' title='bbox 513 1903 544 1968; x_wconf 93' lang='lat' dir='ltr'><strong>in</strong></span> <span class='ocrx_word' id='word_1_106' title='bbox 562 1901 716 1984; x_wconf 88' lang='lat' dir='ltr'><strong>predictis</strong></span> <span class='ocrx_word' id='word_1_107' title='bbox 732 1903 824 1968; x_wconf 85' lang='lat' dir='ltr'><strong>bonis</strong></span> <span class='ocrx_word' id='word_1_108' title='bbox 842 1904 1031 1984; x_wconf 90' lang='lat' dir='ltr'><strong>pretendere</strong></span> <span class='ocrx_word' id='word_1_109' title='bbox 1047 1913 1215 1986; x_wconf 80' lang='lat' dir='ltr'><strong>poterunt:</strong></span> <span class='ocrx_word' id='word_1_110' title='bbox 1232 1924 1376 1988; x_wconf 83' lang='lat' dir='ltr'><strong>quorum</strong></span> 
     </span>
     <span class='ocr_line' id='line_1_16' title="bbox 287 2001 1372 2078; baseline 0.003 -10"><span class='ocrx_word' id='word_1_111' title='bbox 287 2006 445 2069; x_wconf 90' lang='lat' dir='ltr'><strong>bonorum</strong></span> <span class='ocrx_word' id='word_1_112' title='bbox 472 2001 652 2068; x_wconf 89' lang='lat' dir='ltr'><strong>inuentariu</strong></span> <span class='ocrx_word' id='word_1_113' title='bbox 678 2001 845 2078; x_wconf 86' lang='lat' dir='ltr'><strong>conlecto,</strong></span> <span class='ocrx_word' id='word_1_114' title='bbox 871 2002 899 2066; x_wconf 92' lang='lat' dir='ltr'><strong>si</strong></span> <span class='ocrx_word' id='word_1_115' title='bbox 925 2002 1001 2068; x_wconf 93' lang='lat' dir='ltr'><strong>dicti</strong></span> <span class='ocrx_word' id='word_1_116' title='bbox 1025 2004 1193 2072; x_wconf 86' lang='lat' dir='ltr'><strong>studentes</strong></span> <span class='ocrx_word' id='word_1_117' title='bbox 1214 2005 1372 2071; x_wconf 81' lang='lat' dir='ltr'><strong>decedant</strong></span> 
     </span>
    </p>
   </div>
   <div class='ocr_carea' id='block_1_3' title="bbox 281 2100 1383 2484">
    <p class='ocr_par' dir='ltr' id='par_1_3' title="bbox 281 2100 1383 2484">
     <span class='ocr_line' id='line_1_17' title="bbox 289 2100 1377 2179; baseline 0.006 -14"><span class='ocrx_word' id='word_1_118' title='bbox 289 2102 443 2176; x_wconf 87' lang='lat' dir='ltr'><strong>intestati,</strong></span> <span class='ocrx_word' id='word_1_119' title='bbox 461 2100 620 2166; x_wconf 87' lang='lat' dir='ltr'><strong>ueletiam</strong></span> <span class='ocrx_word' id='word_1_120' title='bbox 638 2101 743 2166; x_wconf 88' lang='lat' dir='ltr'><strong>testati</strong></span> <span class='ocrx_word' id='word_1_121' title='bbox 767 2100 940 2166; x_wconf 87' lang='lat' dir='ltr'><strong>heredibus</strong></span> <span class='ocrx_word' id='word_1_122' title='bbox 963 2103 1163 2179; x_wconf 84' lang='lat' dir='ltr'><strong>absentibus,</strong></span> <span class='ocrx_word' id='word_1_123' title='bbox 1180 2103 1264 2170; x_wconf 91' lang='lat' dir='ltr'><strong>dicta</strong></span> <span class='ocrx_word' id='word_1_124' title='bbox 1287 2105 1377 2172; x_wconf 82' lang='lat' dir='ltr'><strong>bona</strong></span> 
     </span>
     <span class='ocr_line' id='line_1_18' title="bbox 281 2195 1383 2286; baseline 0.003 -18"><span class='ocrx_word' id='word_1_125' title='bbox 281 2195 351 2268; x_wconf 84' lang='lat' dir='ltr'><strong>&#39;sub</strong></span> <span class='ocrx_word' id='word_1_126' title='bbox 373 2199 530 2283; x_wconf 88' lang='lat' dir='ltr'><strong>regimine</strong></span> <span class='ocrx_word' id='word_1_127' title='bbox 551 2199 687 2264; x_wconf 88' lang='lat' dir='ltr'><strong>alicuius</strong></span> <span class='ocrx_word' id='word_1_128' title='bbox 711 2199 859 2265; x_wconf 88' lang='lat' dir='ltr'><strong>notabilis</strong></span> <span class='ocrx_word' id='word_1_129' title='bbox 875 2201 934 2266; x_wconf 86' lang='lat' dir='ltr'><strong>viri</strong></span> <span class='ocrx_word' id='word_1_130' title='bbox 957 2211 989 2268; x_wconf 88' lang='lat' dir='ltr'><strong>et</strong></span> <span class='ocrx_word' id='word_1_131' title='bbox 1005 2201 1087 2268; x_wconf 88' lang='lat' dir='ltr'><strong>benc</strong></span> <span class='ocrx_word' id='word_1_132' title='bbox 1102 2203 1260 2270; x_wconf 90' lang='lat' dir='ltr'><strong>soluendo</strong></span> <span class='ocrx_word' id='word_1_133' title='bbox 1275 2206 1383 2286; x_wconf 60' lang='lat' dir='ltr'><strong>depor</strong></span> 
     </span>
     <span class='ocr_line' id='line_1_19' title="bbox 292 2297 1372 2383; baseline 0.006 -20"><span class='ocrx_word' id='word_1_134' title='bbox 292 2311 409 2366; x_wconf 90' lang='lat' dir='ltr'><strong>nentur</strong></span> <span class='ocrx_word' id='word_1_135' title='bbox 421 2298 616 2365; x_wconf 89' lang='lat' dir='ltr'><strong>restituenda</strong></span> <span class='ocrx_word' id='word_1_136' title='bbox 630 2297 814 2375; x_wconf 89' lang='lat' dir='ltr'><strong>heredibus,</strong></span> <span class='ocrx_word' id='word_1_137' title='bbox 828 2299 855 2364; x_wconf 87' lang='lat' dir='ltr'><strong>si</strong></span> <span class='ocrx_word' id='word_1_138' title='bbox 868 2300 922 2382; x_wconf 84' lang='lat' dir='ltr'><strong>oui</strong></span> <span class='ocrx_word' id='word_1_139' title='bbox 934 2312 1140 2383; x_wconf 87' lang='lat' dir='ltr'><strong>compareant</strong></span> <span class='ocrx_word' id='word_1_140' title='bbox 1153 2302 1235 2368; x_wconf 88' lang='lat' dir='ltr'><strong>inira</strong></span> <span class='ocrx_word' id='word_1_141' title='bbox 1250 2304 1372 2371; x_wconf 90' lang='lat' dir='ltr'><strong>dictum</strong></span> 
     </span>
     <span class='ocr_line' id='line_1_20' title="bbox 290 2397 1382 2484; baseline 0.004 -20"><span class='ocrx_word' id='word_1_142' title='bbox 290 2415 421 2474; x_wconf 90' lang='lat' dir='ltr'><strong>annum,</strong></span> <span class='ocrx_word' id='word_1_143' title='bbox 438 2398 487 2463; x_wconf 85' lang='lat' dir='ltr'><strong>uel</strong></span> <span class='ocrx_word' id='word_1_144' title='bbox 514 2406 587 2477; x_wconf 84' lang='lat' dir='ltr'><strong>post</strong></span> <span class='ocrx_word' id='word_1_145' title='bbox 609 2413 739 2472; x_wconf 92' lang='lat' dir='ltr'><strong>annum,</strong></span> <span class='ocrx_word' id='word_1_146' title='bbox 757 2397 783 2462; x_wconf 86' lang='lat' dir='ltr'><strong>si</strong></span> <span class='ocrx_word' id='word_1_147' title='bbox 802 2399 879 2462; x_wconf 93' lang='lat' dir='ltr'><strong>nulli</strong></span> <span class='ocrx_word' id='word_1_148' title='bbox 895 2411 1114 2481; x_wconf 82' lang='lat' dir='ltr'><strong>compareant,</strong></span> <span class='ocrx_word' id='word_1_149' title='bbox 1132 2411 1244 2469; x_wconf 85' lang='lat' dir='ltr'><strong>nostro</strong></span> <span class='ocrx_word' id='word_1_150' title='bbox 1261 2419 1382 2484; x_wconf 77' lang='lat' dir='ltr'><strong>recep·</strong></span> 
     </span>
    </p>
   </div>
   <div class='ocr_carea' id='block_1_4' title="bbox 224 2497 1395 4158">
    <p class='ocr_par' dir='ltr' id='par_1_4' title="bbox 291 2497 575 2565">
     <span class='ocr_line' id='line_1_21' title="bbox 291 2497 575 2565; baseline -0.011 -2"><span class='ocrx_word' id='word_1_151' title='bbox 291 2497 352 2565; x_wconf 87' lang='lat' dir='ltr'><strong>tori</strong></span> <span class='ocrx_word' id='word_1_152' title='bbox 370 2497 575 2563; x_wconf 86' lang='lat' dir='ltr'><strong>Louaniensi.</strong></span> 
     </span>
    </p>

    <p class='ocr_par' dir='ltr' id='par_1_5' title="bbox 224 2595 1395 4158">
     <span class='ocr_line' id='line_1_22' title="bbox 332 2595 1380 2678; baseline 0.006 -18"><span class='ocrx_word' id='word_1_153' title='bbox 332 2595 468 2676; x_wconf 88' lang='lat' dir='ltr'><strong>lnsuper</strong></span> <span class='ocrx_word' id='word_1_154' title='bbox 492 2596 640 2661; x_wconf 86' lang='lat' dir='ltr'><strong>uolumus</strong></span> <span class='ocrx_word' id='word_1_155' title='bbox 668 2614 725 2676; x_wconf 90' lang='lat' dir='ltr'><strong>per</strong></span> <span class='ocrx_word' id='word_1_156' title='bbox 751 2605 931 2677; x_wconf 85' lang='lat' dir='ltr'><strong>presentes,</strong></span> <span class='ocrx_word' id='word_1_157' title='bbox 955 2599 1040 2678; x_wconf 81' lang='lat' dir='ltr'><strong>quod</strong></span> <span class='ocrx_word' id='word_1_158' title='bbox 1067 2615 1180 2665; x_wconf 89' lang='lat' dir='ltr'><strong>omues</strong></span> <span class='ocrx_word' id='word_1_159' title='bbox 1207 2601 1380 2676; x_wconf 80' lang='lat' dir='ltr'><strong>doctores,</strong></span> 
     </span>
     <span class='ocr_line' id='line_1_23' title="bbox 291 2693 1377 2776; baseline 0.008 -19"><span class='ocrx_word' id='word_1_160' title='bbox 291 2705 451 2776; x_wconf 88' lang='lat' dir='ltr'><strong>regentes,</strong></span> <span class='ocrx_word' id='word_1_161' title='bbox 468 2693 613 2760; x_wconf 87' lang='lat' dir='ltr'><strong>nlliciarh</strong></span> <span class='ocrx_word' id='word_1_162' title='bbox 636 2705 668 2760; x_wconf 92' lang='lat' dir='ltr'><strong>et</strong></span> <span class='ocrx_word' id='word_1_163' title='bbox 686 2695 853 2760; x_wconf 90' lang='lat' dir='ltr'><strong>scholares</strong></span> <span class='ocrx_word' id='word_1_164' title='bbox 869 2705 1017 2762; x_wconf 82' lang='lat' dir='ltr'><strong>terrentes</strong></span> <span class='ocrx_word' id='word_1_165' title='bbox 1041 2698 1200 2764; x_wconf 88' lang='lat' dir='ltr'><strong>incorum</strong></span> <span class='ocrx_word' id='word_1_166' title='bbox 1222 2699 1377 2766; x_wconf 84' lang='lat' dir='ltr'><strong>domibus</strong></span> 
     </span>
     <span class='ocr_line' id='line_1_24' title="bbox 290 2792 1370 2876; baseline 0.005 -20"><span class='ocrx_word' id='word_1_167' title='bbox 290 2792 1370 2876; x_wconf 84' lang='lat' dir='ltr'><strong>commensales‚cniusuumoueetatisluerint,etetiamomnesueri</strong></span> 
     </span>
     <span class='ocr_line' id='line_1_25' title="bbox 292 2889 1378 2974; baseline 0.006 -18"><span class='ocrx_word' id='word_1_168' title='bbox 292 2889 458 2956; x_wconf 83' lang='lat' dir='ltr'><strong>scholares</strong></span> <span class='ocrx_word' id='word_1_169' title='bbox 473 2892 533 2956; x_wconf 89' lang='lat' dir='ltr'><strong>snb</strong></span> <span class='ocrx_word' id='word_1_170' title='bbox 549 2892 795 2974; x_wconf 82' lang='lat' dir='ltr'><strong>quadragesimo</strong></span> <span class='ocrx_word' id='word_1_171' title='bbox 807 2893 902 2959; x_wconf 88' lang='lat' dir='ltr'><strong>etatis</strong></span> <span class='ocrx_word' id='word_1_172' title='bbox 912 2909 998 2962; x_wconf 90' lang='lat' dir='ltr'><strong>anno</strong></span> <span class='ocrx_word' id='word_1_173' title='bbox 1009 2895 1173 2963; x_wconf 83' lang='lat' dir='ltr'><strong>dumtaxat</strong></span> <span class='ocrx_word' id='word_1_174' title='bbox 1184 2898 1378 2974; x_wconf 83' lang='lat' dir='ltr'><strong>existentes,</strong></span> 
     </span>
     <span class='ocr_line' id='line_1_26' title="bbox 292 2988 1371 3077; baseline 0.011 -23"><span class='ocrx_word' id='word_1_175' title='bbox 292 3007 331 3054; x_wconf 84' lang='lat' dir='ltr'><strong>ex</strong></span> <span class='ocrx_word' id='word_1_176' title='bbox 346 2988 518 3054; x_wconf 88' lang='lat' dir='ltr'><strong>territoriis</strong></span> <span class='ocrx_word' id='word_1_177' title='bbox 533 3000 565 3055; x_wconf 91' lang='lat' dir='ltr'><strong>et</strong></span> <span class='ocrx_word' id='word_1_178' title='bbox 579 2990 731 3055; x_wconf 91' lang='lat' dir='ltr'><strong>dominiis</strong></span> <span class='ocrx_word' id='word_1_179' title='bbox 748 2992 867 3056; x_wconf 87' lang='lat' dir='ltr'><strong>nostris</strong></span> <span class='ocrx_word' id='word_1_180' title='bbox 886 2991 1027 3074; x_wconf 88' lang='lat' dir='ltr'><strong>oriundi,</strong></span> <span class='ocrx_word' id='word_1_181' title='bbox 1044 2996 1193 3077; x_wconf 84' lang='lat' dir='ltr'><strong>quamuis</strong></span> <span class='ocrx_word' id='word_1_182' title='bbox 1213 2998 1278 3064; x_wconf 88' lang='lat' dir='ltr'><strong>sint</strong></span> <span class='ocrx_word' id='word_1_183' title='bbox 1300 2999 1371 3066; x_wconf 89' lang='lat' dir='ltr'><strong>ille·</strong></span> 
     </span>
     <span class='ocr_line' id='line_1_27' title="bbox 292 3087 1379 3176; baseline 0.014 -26"><span class='ocrx_word' id='word_1_184' title='bbox 292 3087 407 3165; x_wconf 80' lang='lat' dir='ltr'><strong>gitirni,</strong></span> <span class='ocrx_word' id='word_1_185' title='bbox 421 3087 461 3153; x_wconf 90' lang='lat' dir='ltr'><strong>de</strong></span> <span class='ocrx_word' id='word_1_186' title='bbox 476 3087 545 3153; x_wconf 89' lang='lat' dir='ltr'><strong>suis</strong></span> <span class='ocrx_word' id='word_1_187' title='bbox 561 3088 663 3167; x_wconf 91' lang='lat' dir='ltr'><strong>libris,</strong></span> <span class='ocrx_word' id='word_1_188' title='bbox 677 3089 834 3168; x_wconf 88' lang='lat' dir='ltr'><strong>vestibus,</strong></span> <span class='ocrx_word' id='word_1_189' title='bbox 852 3094 1049 3159; x_wconf 89' lang='lat' dir='ltr'><strong>ornamentis</strong></span> <span class='ocrx_word' id='word_1_190' title='bbox 1064 3094 1103 3159; x_wconf 90' lang='lat' dir='ltr'><strong>ad</strong></span> <span class='ocrx_word' id='word_1_191' title='bbox 1120 3112 1278 3176; x_wconf 76' lang='lat' dir='ltr'><strong>personas</strong></span> <span class='ocrx_word' id='word_1_192' title='bbox 1293 3115 1379 3165; x_wconf 84' lang='lat' dir='ltr'><strong>suas</strong></span> 
     </span>
     <span class='ocr_line' id='line_1_28' title="bbox 293 3185 1373 3275; baseline 0.013 -25"><span class='ocrx_word' id='word_1_193' title='bbox 293 3185 458 3268; x_wconf 75' lang='lat' dir='ltr'><strong>colignola,</strong></span> <span class='ocrx_word' id='word_1_194' title='bbox 473 3185 569 3252; x_wconf 91' lang='lat' dir='ltr'><strong>veluti</strong></span> <span class='ocrx_word' id='word_1_195' title='bbox 580 3187 737 3269; x_wconf 88' lang='lat' dir='ltr'><strong>corrigeis</strong></span> <span class='ocrx_word' id='word_1_196' title='bbox 749 3187 914 3270; x_wconf 79' lang='lat' dir='ltr'><strong>argenteis</strong></span> <span class='ocrx_word' id='word_1_197' title='bbox 924 3191 972 3256; x_wconf 88' lang='lat' dir='ltr'><strong>vel</strong></span> <span class='ocrx_word' id='word_1_198' title='bbox 985 3193 1104 3275; x_wconf 85' lang='lat' dir='ltr'><strong>aureis,</strong></span> <span class='ocrx_word' id='word_1_199' title='bbox 1114 3211 1152 3260; x_wconf 89' lang='lat' dir='ltr'><strong>ac</strong></span> <span class='ocrx_word' id='word_1_200' title='bbox 1163 3197 1302 3274; x_wconf 87' lang='lat' dir='ltr'><strong>annulis,</strong></span> <span class='ocrx_word' id='word_1_201' title='bbox 1314 3215 1373 3266; x_wconf 87' lang='lat' dir='ltr'><strong>nec</strong></span> 
     </span>
     <span class='ocr_line' id='line_1_29' title="bbox 296 3285 1377 3377; baseline 0.013 -29"><span class='ocrx_word' id='word_1_202' title='bbox 296 3301 357 3349; x_wconf 90' lang='lat' dir='ltr'><strong>non</strong></span> <span class='ocrx_word' id='word_1_203' title='bbox 376 3285 566 3350; x_wconf 89' lang='lat' dir='ltr'><strong>utensilibus</strong></span> <span class='ocrx_word' id='word_1_204' title='bbox 590 3297 621 3352; x_wconf 90' lang='lat' dir='ltr'><strong>et</strong></span> <span class='ocrx_word' id='word_1_205' title='bbox 636 3288 767 3370; x_wconf 77' lang='lat' dir='ltr'><strong>scyphis</strong></span> <span class='ocrx_word' id='word_1_206' title='bbox 786 3290 948 3371; x_wconf 82' lang='lat' dir='ltr'><strong>argenteis</strong></span> <span class='ocrx_word' id='word_1_207' title='bbox 970 3291 1008 3356; x_wconf 94' lang='lat' dir='ltr'><strong>ad</strong></span> <span class='ocrx_word' id='word_1_208' title='bbox 1027 3309 1120 3358; x_wconf 88' lang='lat' dir='ltr'><strong>usum</strong></span> <span class='ocrx_word' id='word_1_209' title='bbox 1136 3311 1248 3360; x_wconf 91' lang='lat' dir='ltr'><strong>eorum</strong></span> <span class='ocrx_word' id='word_1_210' title='bbox 1271 3297 1377 3377; x_wconf 82' lang='lat' dir='ltr'><strong>quoti-</strong></span> 
     </span>
     <span class='ocr_line' id='line_1_30' title="bbox 293 3383 1390 3473; baseline 0.015 -27"><span class='ocrx_word' id='word_1_211' title='bbox 293 3383 423 3448; x_wconf 90' lang='lat' dir='ltr'><strong>dianum</strong></span> <span class='ocrx_word' id='word_1_212' title='bbox 447 3383 629 3460; x_wconf 86' lang='lat' dir='ltr'><strong>destinatis,</strong></span> <span class='ocrx_word' id='word_1_213' title='bbox 646 3386 809 3452; x_wconf 83' lang='lat' dir='ltr'><strong>dumtaxat</strong></span> <span class='ocrx_word' id='word_1_214' title='bbox 830 3399 1057 3458; x_wconf 90' lang='lat' dir='ltr'><strong>testamentum</strong></span> <span class='ocrx_word' id='word_1_215' title='bbox 1081 3392 1113 3456; x_wconf 93' lang='lat' dir='ltr'><strong>in</strong></span> <span class='ocrx_word' id='word_1_216' title='bbox 1136 3403 1300 3473; x_wconf 89' lang='lat' dir='ltr'><strong>posterum</strong></span> <span class='ocrx_word' id='word_1_217' title='bbox 1324 3407 1390 3462; x_wconf 82' lang='lat' dir='ltr'><strong>aut</strong></span> 
     </span>
     <span class='ocr_line' id='line_1_31' title="bbox 294 3481 1384 3572; baseline 0.014 -26"><span class='ocrx_word' id='word_1_218' title='bbox 294 3481 387 3566; x_wconf 86' lang='lat' dir='ltr'><strong>aliam</strong></span> <span class='ocrx_word' id='word_1_219' title='bbox 410 3481 645 3551; x_wconf 89' lang='lat' dir='ltr'><strong>ordinationem</strong></span> <span class='ocrx_word' id='word_1_220' title='bbox 670 3485 774 3552; x_wconf 87' lang='lat' dir='ltr'><strong>lacere</strong></span> <span class='ocrx_word' id='word_1_221' title='bbox 798 3498 964 3569; x_wconf 86' lang='lat' dir='ltr'><strong>poterunt;</strong></span> <span class='ocrx_word' id='word_1_222' title='bbox 981 3507 1045 3572; x_wconf 84' lang='lat' dir='ltr'><strong>quo</strong></span> <span class='ocrx_word' id='word_1_223' title='bbox 1068 3507 1144 3558; x_wconf 87' lang='lat' dir='ltr'><strong>casu</strong></span> <span class='ocrx_word' id='word_1_224' title='bbox 1170 3493 1277 3560; x_wconf 89' lang='lat' dir='ltr'><strong>dictus</strong></span> <span class='ocrx_word' id='word_1_225' title='bbox 1300 3511 1384 3560; x_wconf 87' lang='lat' dir='ltr'><strong>con·</strong></span> 
     </span>
     <span class='ocr_line' id='line_1_32' title="bbox 294 3583 1374 3670; baseline 0.014 -27"><span class='ocrx_word' id='word_1_226' title='bbox 294 3590 443 3646; x_wconf 90' lang='lat' dir='ltr'><strong>seruator</strong></span> <span class='ocrx_word' id='word_1_227' title='bbox 489 3583 777 3664; x_wconf 88' lang='lat' dir='ltr'><strong>apprehensionem</strong></span> <span class='ocrx_word' id='word_1_228' title='bbox 827 3587 1172 3670; x_wconf 82' lang='lat' dir='ltr'><strong>conseruationemque</strong></span> <span class='ocrx_word' id='word_1_229' title='bbox 1215 3592 1374 3660; x_wconf 90' lang='lat' dir='ltr'><strong>dictorum</strong></span> 
     </span>
     <span class='ocr_line' id='line_1_33' title="bbox 295 3677 1385 3766; baseline 0.013 -24"><span class='ocrx_word' id='word_1_230' title='bbox 295 3677 451 3745; x_wconf 89' lang='lat' dir='ltr'><strong>bonorum</strong></span> <span class='ocrx_word' id='word_1_231' title='bbox 476 3678 616 3756; x_wconf 90' lang='lat' dir='ltr'><strong>babebit,</strong></span> <span class='ocrx_word' id='word_1_232' title='bbox 641 3682 836 3758; x_wconf 88' lang='lat' dir='ltr'><strong>inhibentes,</strong></span> <span class='ocrx_word' id='word_1_233' title='bbox 862 3695 896 3750; x_wconf 90' lang='lat' dir='ltr'><strong>ut</strong></span> <span class='ocrx_word' id='word_1_234' title='bbox 919 3703 1028 3766; x_wconf 88' lang='lat' dir='ltr'><strong>supra,</strong></span> <span class='ocrx_word' id='word_1_235' title='bbox 1046 3704 1087 3754; x_wconf 89' lang='lat' dir='ltr'><strong>ne</strong></span> <span class='ocrx_word' id='word_1_236' title='bbox 1109 3690 1142 3754; x_wconf 94' lang='lat' dir='ltr'><strong>in</strong></span> <span class='ocrx_word' id='word_1_237' title='bbox 1164 3689 1212 3756; x_wconf 89' lang='lat' dir='ltr'><strong>eis</strong></span> <span class='ocrx_word' id='word_1_238' title='bbox 1233 3691 1385 3758; x_wconf 88' lang='lat' dir='ltr'><strong>olllciarii</strong></span> 
     </span>
     <span class='ocr_line' id='line_1_34' title="bbox 297 3777 1384 3866; baseline 0.017 -27"><span class='ocrx_word' id='word_1_239' title='bbox 297 3777 398 3842; x_wconf 90' lang='lat' dir='ltr'><strong>nostri</strong></span> <span class='ocrx_word' id='word_1_240' title='bbox 423 3777 836 3865; x_wconf 58' lang='lat' dir='ltr'><strong>impedimentumxaliquod</strong></span> <span class='ocrx_word' id='word_1_241' title='bbox 861 3784 892 3848; x_wconf 92' lang='lat' dir='ltr'><strong>in</strong></span> <span class='ocrx_word' id='word_1_242' title='bbox 913 3794 1077 3866; x_wconf 89' lang='lat' dir='ltr'><strong>posterum</strong></span> <span class='ocrx_word' id='word_1_243' title='bbox 1102 3788 1231 3855; x_wconf 87' lang='lat' dir='ltr'><strong>iaciant.</strong></span> <span class='ocrx_word' id='word_1_244' title='bbox 1248 3789 1281 3856; x_wconf 88' lang='lat' dir='ltr'><strong>Si</strong></span> <span class='ocrx_word' id='word_1_245' title='bbox 1303 3808 1384 3857; x_wconf 87' lang='lat' dir='ltr'><strong>vero</strong></span> 
     </span>
     <span class='ocr_line' id='line_1_35' title="bbox 294 3875 1395 3965; baseline 0.018 -27"><span class='ocrx_word' id='word_1_246' title='bbox 294 3875 452 3942; x_wconf 86' lang='lat' dir='ltr'><strong>decedant</strong></span> <span class='ocrx_word' id='word_1_247' title='bbox 474 3877 736 3964; x_wconf 64' lang='lat' dir='ltr'><strong>intestati,gbona</strong></span> <span class='ocrx_word' id='word_1_248' title='bbox 760 3899 817 3964; x_wconf 93' lang='lat' dir='ltr'><strong>per</strong></span> <span class='ocrx_word' id='word_1_249' title='bbox 839 3882 929 3965; x_wconf 89' lang='lat' dir='ltr'><strong>ipsus</strong></span> <span class='ocrx_word' id='word_1_250' title='bbox 951 3885 1116 3963; x_wconf 88' lang='lat' dir='ltr'><strong>derelicta,</strong></span> <span class='ocrx_word' id='word_1_251' title='bbox 1133 3889 1160 3954; x_wconf 90' lang='lat' dir='ltr'><strong>si</strong></span> <span class='ocrx_word' id='word_1_252' title='bbox 1178 3890 1296 3956; x_wconf 87' lang='lat' dir='ltr'><strong>luerint</strong></span> <span class='ocrx_word' id='word_1_253' title='bbox 1317 3890 1395 3958; x_wconf 66' lang='lat' dir='ltr'><strong>ille</strong></span> 
     </span>
     <span class='ocr_line' id='line_1_36' title="bbox 293 3971 1393 4068; baseline 0.013 -33"><span class='ocrx_word' id='word_1_254' title='bbox 293 3971 407 4053; x_wconf 81' lang='lat' dir='ltr'><strong>gilimi,</strong></span> <span class='ocrx_word' id='word_1_255' title='bbox 439 3992 498 4056; x_wconf 87' lang='lat' dir='ltr'><strong>per</strong></span> <span class='ocrx_word' id='word_1_256' title='bbox 535 3977 642 4058; x_wconf 88' lang='lat' dir='ltr'><strong>ipsum</strong></span> <span class='ocrx_word' id='word_1_257' title='bbox 679 3989 878 4062; x_wconf 91' lang='lat' dir='ltr'><strong>receptorem</strong></span> <span class='ocrx_word' id='word_1_258' title='bbox 909 3994 1057 4052; x_wconf 89' lang='lat' dir='ltr'><strong>nostrum</strong></span> <span class='ocrx_word' id='word_1_259' title='bbox 1089 3989 1393 4068; x_wconf 84' lang='lat' dir='ltr'><strong>apprehendentur,</strong></span> 
     </span>
     <span class='ocr_line' id='line_1_37' title="bbox 224 4071 888 4158; baseline 0.014 -23"><span class='ocrx_word' id='word_1_260' title='bbox 224 4148 226 4154; x_wconf 22' lang='lat'>¹</span> <span class='ocrx_word' id='word_1_261' title='bbox 294 4071 486 4156; x_wconf 86' lang='lat' dir='ltr'><strong>utilitatique</strong></span> <span class='ocrx_word' id='word_1_262' title='bbox 503 4086 614 4143; x_wconf 86' lang='lat' dir='ltr'><strong>nostre</strong></span> <span class='ocrx_word' id='word_1_263' title='bbox 630 4077 888 4158; x_wconf 89' lang='lat' dir='ltr'><strong>applicabuntur.</strong></span> 
     </span>
    </p>
   </div>
   <div class='ocr_carea' id='block_1_5' title="bbox 335 4169 1385 4264">
    <p class='ocr_par' dir='ltr' id='par_1_6' title="bbox 335 4169 1385 4264">
     <span class='ocr_line' id='line_1_38' title="bbox 335 4169 1385 4264; baseline 0.017 -29"><span class='ocrx_word' id='word_1_264' title='bbox 335 4169 372 4237; x_wconf 84' lang='lat' dir='ltr'><strong>llt</strong></span> <span class='ocrx_word' id='word_1_265' title='bbox 386 4171 413 4238; x_wconf 91' lang='lat' dir='ltr'><strong>si</strong></span> <span class='ocrx_word' id='word_1_266' title='bbox 426 4173 522 4256; x_wconf 85' lang='lat' dir='ltr'><strong>aliqui</strong></span> <span class='ocrx_word' id='word_1_267' title='bbox 537 4193 575 4242; x_wconf 89' lang='lat' dir='ltr'><strong>ex</strong></span> <span class='ocrx_word' id='word_1_268' title='bbox 587 4175 683 4242; x_wconf 88' lang='lat' dir='ltr'><strong>dictis</strong></span> <span class='ocrx_word' id='word_1_269' title='bbox 695 4177 895 4257; x_wconf 89' lang='lat' dir='ltr'><strong>doctoribus,</strong></span> <span class='ocrx_word' id='word_1_270' title='bbox 905 4183 1146 4264; x_wconf 83' lang='lat' dir='ltr'><strong>regentibnsrel</strong></span> <span class='ocrx_word' id='word_1_271' title='bbox 1160 4185 1385 4262; x_wconf 74' lang='lat' dir='ltr'><strong>studentibus,</strong></span> 
     </span>
    </p>
   </div>
   <div class='ocr_carea' id='block_1_6' title="bbox 0 0 1617 4940">
    <p class='ocr_par' dir='ltr' id='par_1_7' title="bbox 0 0 1617 4940">
     <span class='ocr_line' id='line_1_39' title="bbox 0 0 1617 4940; baseline 0 0"><span class='ocrx_word' id='word_1_272' title='bbox 0 0 1617 4940; x_wconf 95' lang='lat' dir='ltr'><strong> </strong></span> 
     </span>
    </p>
   </div>
  </div>
 </body>
</html>
