3240 4946
734 415 857 482 -330
882 453 919 464 -

283 603 389 668 locum
405 603 451 667 nei
468 601 548 666 sitae
564 618 621 668 seu
644 599 796 681 domicilij
821 599 1078 666 adversariorum
1103 599 1293 682 litigantium
1317 601 1365 667 ire

282 701 567 783 compellebantur.

325 824 337 860 u
359 823 372 860 n
391 799 446 865 Cui
468 799 671 865 incommodo
696 807 729 863 ut
752 797 984 879 provideretur.
1002 799 1166 864 constituti
1184 801 1309 864 luerunt
1324 817 1365 865 ex

280 899 475 982 indulgentia
486 897 607 964 Summi
621 897 796 974 Pontilicis,
807 896 1059 963 conservatores
1072 897 1239 977 apostolici
1253 899 1362 978 plures

280 1016 425 1073 numero,
435 1013 571 1079 quorum
583 995 721 1062 officium
735 1003 918 1061 versarctur
933 1013 994 1060 nou
1009 997 1112 1060 soluto
1127 997 1157 1058 in
1171 996 1361 1078 depulsione

278 1097 464 1162 manifestae
486 1095 663 1160 invasionis
682 1101 713 1161 ct
730 1093 928 1175 injuriarum,
946 1095 1000 1159 sed
1017 1095 1112 1159 etiarn
1129 1096 1161 1158 in
1178 1095 1361 1176 cognitione

277 1213 477 1268 caussarum,
496 1211 557 1260 non
582 1193 710 1275 quidem
737 1194 892 1264 omnium.
912 1194 968 1258 sed
996 1211 1104 1259 earum
1133 1204 1264 1268 tantum,
1282 1213 1362 1276 quas

278 1296 328 1362 vel
345 1296 510 1362 scholares
526 1291 682 1360 adversus
702 1301 871 1359 extraneos
895 1311 951 1358 sen
976 1293 1123 1360 lunenses
1145 1293 1359 1370 instituerent,

278 1396 327 1461 vel
359 1413 377 1460 e
406 1393 533 1460 diverso
571 1393 717 1460 lorenses
754 1401 865 1458 contra
895 1392 1128 1467 scholasticos;
1160 1409 1219 1458 nec
1248 1393 1361 1458 harum

278 1493 406 1575 quidem
433 1493 586 1568 omnium,
604 1493 661 1558 sed
689 1510 797 1558 earum
825 1501 958 1568 tantum,
979 1509 1060 1573 quae
1086 1489 1295 1558 instituuntur
1321 1493 1360 1558 ab

278 1592 329 1673 ηε,
348 1593 400 1674 oui
418 1591 575 1670 compulsi
593 1591 722 1657 veniunt
739 1591 926 1654 lovanium.
943 1591 981 1656 Et
1003 1608 1075 1656 cum
1099 1591 1161 1656 hoc
1183 1590 1360 1658 Conserva-

278 1699 382 1758 torum
420 1691 585 1774 privilegio
622 1689 826 1756 scholasticis
856 1689 919 1754 duo
949 1689 1009 1754 alia
1040 1690 1174 1754 maxima
1203 1691 1360 1756 beneficia

278 1807 435 1856 concessa
452 1791 589 1863 luerunt.
610 1805 724 1869 nempe
742 1796 774 1854 ut
790 1788 869 1871 ipsis
886 1788 979 1853 etiam
997 1789 1167 1868 provehas
1190 1789 1264 1854 alibi
1288 1791 1360 1856 sitis
1456 1801 1460 1808 '

277 1889 423 1955 forenses
459 1889 496 1953 ad
528 1889 664 1954 tribunal
694 1889 962 1955 conservatorum
993 1888 1120 1970 Lovaoij
1153 1889 1359 1954 residentium

276 2005 411 2054 evocare
424 1988 588 2064 liceretur
601 1987 633 2050 ln
645 1987 842 2052 contrarium
855 1988 1001 2054 forenses
1014 2005 1072 2053 eos
1085 1995 1171 2053 extra
1185 1987 1357 2052 Lovauium

276 2087 437 2152 abducere
460 2097 491 2152 ct
513 2103 529 2150 a
553 2087 621 2152 suis
645 2086 760 2167 studiis
784 2103 918 2150 evocare
942 2101 1004 2149 non
1022 2095 1166 2166 possent,
1183 2085 1358 2153 dummodo

276 2201 384 2250 coram
401 2185 506 2266 aliquo
523 2202 562 2250 ex
574 2183 860 2250 Conservatorihus
877 2201 912 2248 se
930 2191 1056 2263 paratos
1071 2185 1256 2250 exhiberent
1272 2194 1358 2252 stare

274 2282 348 2364 juri,
368 2293 401 2350 ut
417 2294 508 2351 tenor
524 2283 680 2365 privilegii
698 2283 850 2365 pontilicij
869 2283 1034 2348 manifeste
1050 2284 1200 2349 ostendit.

319 2385 485 2448 ‹tuPorro
525 2382 728 2464 supradictae
768 2399 902 2448 caussae
942 2385 1225 2450 Conservatorihus
1268 2395 1360 2451 eraut

275 2499 475 2557 communes,
490 2482 532 2546 ila
550 2492 583 2548 ut
599 2483 630 2546 in
646 2481 771 2548 caussis
788 2499 804 2545 a
820 2483 1193 2549 scholasticisadversus
1211 2485 1358 2551 forenses

273 2579 439 2648 intentatis
469 2581 574 2663 potior
603 2591 702 2656 esset,
726 2581 902 2663 quiprius
938 2582 1071 2648 uitasset
1107 2582 1286 2660 lonensem;
1323 2584 1356 2648 in

274 2679 399 2746 caussis
428 2696 548 2744 veroa
576 2679 758 2745 lorensihus
786 2680 962 2760 compulsis
988 2689 1099 2746 contra
1126 2682 1354 2748 scholasticum

274 2777 380 2852 motis,
405 2795 467 2841 non
504 2779 557 2860 qni
595 2779 683 2859 prior
718 2788 804 2844 esset
834 2779 939 2844 aditus
971 2797 987 2844 a
1017 2780 1151 2854 lorensi,
1174 2781 1229 2846 sed
1261 2797 1355 2862 qoem

272 2876 487 2942 scholasticus
517 2877 555 2941 ad
585 2872 767 2942 instantiam
798 2879 939 2943 extranei
977 2889 1154 2944 conventus
1190 2879 1352 2960 elegisset.

271 2975 348 3042 Nam
381 2982 413 3040 ul
443 2992 480 3042 ex
509 2975 667 3041 beneficio
692 2975 775 3055 juris
801 2977 983 3041 communis
1010 2977 1212 3043 scholasticis
1240 2979 1354 3044 electio

271 3075 401 3140 daretur
417 3091 525 3140 coram
541 3091 605 3155 ouo
627 3074 734 3155 judice
756 3076 1001 3152 conveniantur,
1021 3078 1169 3140 delient.
1189 3077 1302 3142 llohita
1324 3097 1353 3141 c.

272 3176 318 3238 Nc
346 3175 427 3254 filius
449 3192 505 3255 pro
529 3182 635 3256 patre;
662 3175 703 3238 ita
730 3175 823 3239 etiam
853 3175 1053 3255 privilegium
1081 3175 1244 3240 Pontificio
1270 3177 1355 3241 circa

271 3273 534 3340 constitutionem
552 3282 807 3354 procuratorum,
824 3274 971 3338 ucetiam
989 3291 1086 3354 super
1103 3284 1203 3340 tractu
1226 3274 1355 3356 passivo

271 3371 486 3452 impediendo,
505 3373 585 3436 hanc
608 3371 746 3452 eligendi
773 3371 953 3437 facultatem
977 3373 1015 3436 ad
1041 3390 1208 3453 personam
1228 3373 1355 3439 sellula·
1440 3459 1451 3466 .

270 3470 342 3536 stici
359 3469 477 3536 retulit.
497 3471 595 3534 liiuus
611 3478 641 3534 ei
657 3469 707 3550 alij
725 3469 756 3532 ln
773 3489 800 3535 u.
819 3471 1035 3535 diiunctius
1053 3475 1093 3536 De
1110 3471 1146 3535 li.
1164 3473 1187 3534 l.
1206 3472 1236 3535 in
1253 3473 1282 3535 6.

315 3568 417 3633 velit
440 3569 481 3632 ita
504 3569 567 3632 huc
590 3584 691 3648 usque
716 3585 774 3633 usu
799 3577 829 3634 et
852 3569 1087 3635 consuetudine
1110 3580 1271 3650 receptum
1290 3581 1351 3648 est,

270 3675 365 3748 atoue
387 3667 541 3732 hactenus
563 3667 713 3731 distincta
738 3677 947 3750 separatoque
971 3669 1027 3732 luit
1043 3669 1224 3749 iurisdictio
1241 3671 1352 3750 cogni-

270 3764 1353 3847 tioquehectorisctCooservalorum‚otsollicelCooservatorihus

270 3865 419 3945 propriae
441 3871 551 3930 essent
574 3864 760 3945 injuriarum
784 3865 991 3946 depulsiones
1016 3877 1046 3930 ot
1069 3883 1182 3931 omnes
1205 3883 1351 3942 caussae,

270 3979 351 4045 quac
377 3963 425 4028 voi
452 3981 469 4028 a
495 3963 699 4029 scholasticis
726 3972 836 4028 contra
867 3963 1012 4030 forenses
1044 3966 1092 4030 vel
1123 3983 1141 4029 a
1170 3966 1353 4030 iorertsihus

269 4071 380 4126 corttra
402 4061 615 4127 scholasticos
632 4063 892 4138 instituerentur3
912 4064 968 4126 nisi
987 4064 1133 4130 lunenses
1150 4064 1232 4129 ultro
1248 4073 1279 4130 et
1293 4082 1351 4130 sua

269 4170 384 4240 sponte
396 4160 615 4227 cottveniendo
628 4162 807 4226 scholarem
820 4161 958 4237 tribunal
976 4163 1011 4224 l).
1027 4161 1173 4228 hectoris
1191 4171 1349 4245 tamquam

264 4258 382 4348 judicis
398 4257 549 4342 domicilij
566 4259 732 4342 eligerent,
749 4259 771 4323 l.
786 4261 843 4340 [in.
861 4278 887 4325 e.
910 4261 961 4326 vti
976 4264 1007 4326 in
1024 4279 1089 4325 rem
1102 4264 1192 4326 actio.
