3112 4942
768 461 933 540 τως·
1010 538 1012 542 .

301 645 714 728 qustmsresnecessores
739 641 788 704 uel
818 640 1001 727 officiarios,
1029 637 1167 720 debeant
1195 633 1393 730 integraliter

301 737 485 830 pertinere..
501 739 584 802 nulla
595 727 597 730 ’
609 740 702 803 nobis
715 741 887 820 nostrisve
909 738 1157 806 suecessoribus
1170 733 1392 813 etoffieiarijs

302 835 500 926 laeultateet
510 839 700 903 auctoritate
714 840 840 919 penitus
853 837 1190 919 reseruatadeoausis
1202 844 1233 901 et
1249 833 1392 914 negotiis

302 935 490 1024 buiusmodi
513 939 731 1018 cognoscendi
755 939 827 1002 sine
850 939 902 1004 illa
917 937 1105 1020 dirimendi,¹
1119 945 1176 1002 aut
1198 933 1347 999 membra
1361 941 1393 998 et

302 1033 485 1099 senutmres
501 1035 696 1112 buin-sinodi,
715 1038 762 1101 rel
786 1055 823 1101 ex
847 1040 896 1102 eis
918 1037 1067 1118 aliquem,
1084 1051 1140 1116 pro
1156 1031 1393 1100 criminibuset

297 1126 496 1222 ssexoessibus
510 1133 633 1199 eisdem
648 1145 702 1200 aut
714 1137 955 1216 quomodolibet
967 1133 1148 1216 corrigendi
1162 1134 1211 1197 vel
1226 1129 1391 1218 puniendi,

304 1232 527 1324 seunliquam
550 1233 654 1298 ineis
677 1235 935 1315 superioritatem
952 1236 1001 1300 rel
1021 1232 1393 1315 jurisdictionem-exer-

304 1330 514 1420 cendigquas
530 1347 546 1394 a
564 1333 657 1396 nobis
672 1334 798 1412 penitus
810 1335 1007 1406 abdicamus,
1021 1348 1165 1414 quasque
1178 1332 1208 1394 in
1224 1331 1392 1394 Rectorem

307 1417 340 1492 et
351 1427 596 1495 Vniuersirntem
615 1431 777 1511 predictos
793 1434 964 1503 cessimus.
979 1431 1185 1501 contulimus.
1200 1427 1393 1494 donuuimus

307 1537 339 1590 et
358 1529 595 1605 transtulimus,
620 1546 657 1594 ac
683 1532 812 1596 realiter
834 1541 865 1596 et
890 1548 962 1596 ourn
992 1529 1107 1594 ellectu
1133 1527 1290 1602 cedimus,
1314 1541 1391 1590 oon-

304 1618 452 1698 'lerimus
470 1629 627 1694 donamus
643 1638 674 1694 et
690 1631 915 1696 transierimus
932 1648 989 1712 per
1005 1639 1184 1710 presentes.

380 1785 406 1855 e)
428 1785 588 1840 Concession
606 1805 666 1840 oux
684 1793 818 1842 membres
836 1798 862 1842 et
880 1807 940 1843 oum
958 1795 1070 1855 suppos
1089 1793 1122 1841 cle
1142 1785 1312 1840 lUninersitd

552 1882 598 1932 des
618 1884 704 1932 droits
723 1883 756 1934 de
775 1885 941 1947 bourgeoisie
959 1885 993 1933 de
1012 1880 1149 1961 Maecio.

350 2021 496 2087 Preteron
523 2041 651 2105 quoque
677 2043 734 2105 pro
762 2026 879 2106 potiori
905 2025 981 2091 dieti
1008 2024 1104 2104 studii
1130 2024 1328 2087 incremento
1351 2018 1392 2082 de

306 2121 464 2186 uberioris
487 2121 572 2186 dono
600 2125 701 2206 gratie
728 2135 759 2189 et
786 2125 1007 2189 munificencia
1035 2121 1163 2204 speciali
1187 2119 1335 2184 volumus
1360 2125 1391 2180 et

306 2221 494 2285 ordinamus
517 2223 629 2286 dantes
652 2234 684 2287 et
706 2225 921 2289 concedentes
944 2223 1028 2305 quod
1054 2220 1195 2285 uniuersi
1219 2229 1250 2282 et
1272 2215 1389 2297 singuli

306 2319 468 2395 doctores,
485 2323 626 2402 magistri
641 2332 672 2386 et
688 2323 830 2387 scolares
847 2339 943 2387 causa
961 2323 1055 2402 studij
1072 2322 1103 2383 in
1121 2317 1264 2400 predicto
1281 2323 1392 2380 nostro

305 2418 483 2483 louaniensi
507 2421 604 2499 opido
627 2438 684 2501 pro
711 2431 855 2502 tempore
871 2423 1036 2502 degentes.
1055 2419 1260 2497 membraque
1276 2424 1307 2478 et
1323 2429 1391 2477 ser·

302 2516 423 2581 vitores
437 2520 636 2592 eorumdem,
651 2521 801 2584 omnibus
814 2533 841 2584 et
857 2521 995 2601 singuiis
1009 2517 1236 2582 favorabilibus
1248 2512 1388 2595 juribus,

303 2615 490 2697 priuilegtjs
510 2618 710 2682 libertatibus
733 2629 764 2684 et
788 2619 948 2700 traneisijs
963 2619 1080 2698 ubique
1102 2627 1259 2681 terrarum
1282 2622 1314 2676 et
1336 2625 1391 2691 pa·

303 2718 435 2778 triarum
461 2727 641 2782 nostrarum
667 2717 828 2798 potiantur
845 2729 877 2782 et
898 2717 1057 2799 gaudeant
1074 2715 1191 2798 quibus
1206 2711 1305 2777 ceteri
1320 2709 1390 2790 opi·

304 2811 377 2876 dani
393 2823 424 2877 et
441 2814 619 2894 burgenses
635 2816 780 2881 eiusdem
798 2815 901 2881 nostri
917 2817 1003 2896 opidi
1020 2833 1060 2880 er
1077 2813 1243 2895 privilagio
1259 2812 1300 2874 de
1319 2809 1391 2889 iure

304 2911 355 2974 rel
371 2913 605 2978 consuetudine
621 2915 663 2978 vti
681 2925 776 2996 atque
792 2915 852 2979 lrui
871 2925 1041 2995 potuerunt
1056 2931 1113 2978 seu
1137 2914 1388 2978 conseruerunt.

304 3010 988 3096 constitutionibus,ordinationibusetatijs
1002 3010 1173 3092 contrariis
1190 3025 1253 3074 non
1266 3007 1393 3072 obstan·

301 3107 388 3172 tibus
407 3110 677 3192 quibuscumque.

323 3267 412 3321 Orda-c
428 3285 488 3320 ouo
507 3273 638 3322 autoritas
655 3273 777 3335 poeria
794 3275 863 3324 mise
882 3275 900 3323 d
919 3275 1060 3324 execution
1080 3274 1113 3322 de
1131 3283 1175 3322 ces
1194 3269 1370 3320 concessione.

344 3385 522 3474 Quocirca
545 3400 726 3464 senescallo
753 3410 866 3466 nostro
893 3399 1062 3464 brabantie
1088 3407 1119 3463 et
1145 3397 1252 3460 villico
1280 3403 1393 3459 nostro

305 3512 431 3562 necnon
452 3499 729 3578 burgimagistris,
754 3501 895 3564 scabinis
917 3510 948 3564 et
968 3497 1189 3564 communitati
1212 3495 1300 3576 opidi
1317 3509 1393 3557 nos-

300 3595 345 3658 tri
374 3595 573 3659 louanionsis
603 3597 749 3676 predicti,
780 3599 961 3680 ceterisque
991 3596 1190 3680 justiciariis,
1227 3591 1392 3672 officiariis

304 3703 337 3760 ot
359 3693 496 3757 subditis
521 3697 640 3760 nostris
663 3698 860 3777 perdicium
884 3699 1033 3764 ducatum
1059 3707 1204 3762 nostrum
1222 3693 1393 3758 brabantie

305 3803 338 3856 et
363 3791 442 3856 alias
467 3793 597 3858 rbilibet
622 3795 820 3872 constitutis,
837 3807 868 3861 et
891 3797 961 3860 loca
986 3797 1182 3869 tenentibus,
1200 3811 1237 3857 ao
1261 3791 1392 3856 cuilibet

305 3891 491 3956 eorumdem
519 3894 724 3971 presentibus
746 3905 778 3960 et
805 3896 930 3968 t'uturis,
958 3904 1073 3960 tenore
1097 3892 1301 3974 presencium
1326 3890 1393 3953 dis·

304 3989 392 4054 trioti
410 3990 616 4071 precipiendo
641 3993 829 4058 mandamus
844 4005 1004 4074 quatenus
1020 3993 1203 4066 Rectorem,
1221 3991 1393 4071 magistros

303 4097 340 4152 ot
368 4089 513 4154 scolares
541 4089 747 4172 membraque
775 4101 808 4156 et
835 4091 1014 4157 seruitores
1043 4090 1267 4156 Vniuersitatis
1296 4085 1393 4167 studii
