3236 4944
662 491 846 555 -391-

249 670 322 753 Ejus
339 670 468 736 nomine
485 671 724 753 praepositurae
738 672 946 738 lovaniensis
961 689 1034 738 curn
1051 691 1173 736 artncxa
1188 672 1292 750 digni-

207 778 269 836 tate
295 769 484 835 cancellarii
516 770 758 851 possessionem
789 771 866 836 adiit
896 771 1087 836 Franciscus
1119 771 1291 846 lluslidius‚

205 869 300 951 vulgo
313 869 418 934 dictus
433 869 605 944 Bmleiden
615 869 723 936 itidem
742 870 1033 953 tusonburgensis
1046 881 1077 936 ct
1091 870 1294 952 praepositus

205 968 399 1034 cathedralis
417 967 617 1034 leodiensis.

248 1117 303 1182 (lul
320 1116 479 1182 sufficitur
495 1116 534 1180 td
551 1117 702 1183 februarii
721 1119 801 1182 tcto

248 1266 278 1330 l.
303 1265 470 1332 conradus
497 1265 620 1330 Retinet·
644 1286 701 1332 uota
729 1268 878 1349 Gdiupen,
908 1267 1007 1348 patria
1038 1266 1228 1342 Germanus,
1255 1283 1293 1330 ex

207 1365 324 1430 illustri
343 1365 638 1431 Brunswicensium
655 1367 772 1431 ducum
789 1384 919 1448 genere,
938 1366 985 1431 uir
1001 1365 1207 1430 admirandae
1224 1382 1294 1447 pru·

207 1465 345 1538 dentiae.
368 1481 536 1530 sacrorum
558 1481 716 1531 canonum
740 1465 865 1543 doctor,
884 1465 998 1532 carolo
1016 1468 1051 1528 V.
1077 1463 1294 1546 imperatoria

206 1563 364 1638 consiliis,
382 1574 413 1630 et
434 1565 517 1646 apud
543 1565 721 1632 catholicos
743 1565 772 1630 in
794 1565 944 1647 Hispania
966 1573 1059 1648 reges
1075 1574 1195 1630 orator.
1213 1563 1293 1626 Can-

205 1663 327 1730 cellarii
355 1663 509 1745 dignitate
535 1665 628 1729 annis
656 1665 764 1747 uiginti
792 1666 895 1731 tribus
918 1675 1052 1732 ornatus
1079 1664 1294 1741 sulcensem

206 1779 336 1845 semper
352 1763 391 1827 ab
407 1762 589 1829 Academia.

249 1911 305 1978 Cui
322 1912 422 1978 libere
438 1911 626 1994 resignano,
644 1914 696 1980 die
717 1915 726 1978 l
744 1913 814 1996 julii
834 1913 923 1989 ttae.
942 1913 1104 1980 successit

248 2062 278 2124 5.
306 2061 463 2142 cherius
487 2063 525 2126 de
550 2063 665 2135 Tarsia,
691 2061 944 2138 mechliniensis,
963 2059 1196 2126 itliusloannis
1213 2061 1293 2140 eap-
1318 2095 1321 2101 ,
1413 2129 1421 2138 ,

207 2159 313 2236 ttstae,
325 2161 608 2242 cursorumuulgo
618 2169 778 2242 postorum
791 2159 1123 2244 (postesttrnperatori
1132 2157 1246 2224 Catulo
1259 2159 1294 2222 V.

208 2258 364 2340 magistri,
382 2276 398 2322 a
415 2277 479 2340 quo
495 2259 653 2340 originem
670 2259 791 2325 ducunt
808 2260 954 2325 hodierni
972 2259 1107 2326 comites
1123 2275 1160 2323 ae
1178 2257 1296 2338 princi·

207 2374 264 2438 pes
287 2357 327 2424 dc
350 2357 461 2423 lassis
483 2357 766 2438 (Torret-Tcais).
795 2359 865 2423 Fuit
892 2367 1003 2425 noster
1022 2356 1105 2439 juris
1129 2357 1296 2437 utriusque

207 2458 334 2532 doctor,
364 2457 398 2520 S.
430 2457 593 2522 Romanae
625 2457 789 2522 Ecclesiae
819 2457 1070 2539 protonotarius,
1100 2455 1295 2520 cathedralia

206 2555 366 2620 ecciesiae
381 2557 627 2636 antuerpiensis
642 2557 736 2620 antris
751 2555 792 2620 lli
807 2558 961 2631 decanus,
976 2565 1007 2622 et
1019 2555 1149 2635 capituli
1162 2553 1194 2617 S.
1210 2553 1293 2619 Petri

209 2654 418 2720 lovaniensis
442 2656 536 2722 antris
559 2655 595 2720 ct
623 2656 838 2737 praepositus.
864 2655 955 2721 Obila
984 2671 1041 2736 pro
1069 2652 1293 2734 philippon..

206 2770 282 2836 rege
305 2753 477 2830 catholico,
502 2753 540 2818 ad
567 2753 743 2820 Romanum
770 2754 954 2834 pontillcem
980 2753 1151 2835 legatione,
1177 2751 1296 2833 patriae

205 2851 351 2918 redditus
367 2861 398 2916 et
414 2852 573 2918 ecciesiae
588 2870 679 2929 suae,
697 2852 925 2934 octogenarius
940 2852 1086 2918 decessit
1100 2849 1295 2931 antverpiae

206 2951 244 3014 ld
262 2949 364 3014 martii
379 2949 476 3025 l593;
496 2952 670 3018 tumulatus
686 2951 752 3018 illic
774 2951 805 3015 in
824 2953 944 3033 templo
968 2961 1090 3034 patrum
1109 2949 1194 3016 tertii
1211 2948 1297 3014 crdi-

206 3050 256 3114 uis
272 3050 305 3115 S.
323 3049 500 3126 Francisci‚
518 3067 600 3132 quos
617 3051 782 3133 Bogardos
794 3060 921 3116 vocant.

248 3149 457 3231 «Aliquando
480 3167 496 3212 a
520 3149 666 3215 loannne
689 3150 859 3234 lustriaco
884 3149 1016 3214 Romam
1040 3149 1173 3223 missus,
1195 3146 1294 3232 pluri·

208 3271 221 3309 tt
240 3249 300 3314 mis
316 3248 408 3312 annis
426 3249 456 3312 in
473 3247 559 3313 Urbe
575 3259 794 3314 commoratus
809 3259 870 3324 est,
889 3249 975 3314 obita
994 3265 1052 3329 pro
1071 3247 1294 3329 Hispaniarum

207 3363 316 3428 »rege
341 3348 379 3411 ad
407 3346 593 3413 Pontillcem
622 3348 794 3430 legatione.
820 3349 852 3411 ln
882 3348 1047 3430 praedicto
1071 3343 1295 3425 antverpiensi

208 3447 394 3512 »decanatu
419 3447 539 3511 resedit
561 3457 593 3512 et
610 3447 702 3511 tortis
724 3448 884 3512 ecclesiae
906 3464 984 3512 suae
1002 3456 1033 3510 et
1050 3444 1215 3526 religionis
1239 3443 1297 3506 luit

209 3554 471 3627 rprcpugnatcn
489 3561 525 3610 ac
546 3555 634 3611 certe
657 3547 736 3611 duta
757 3546 910 3611 sustinuit
934 3555 1077 3628 tempore
1099 3543 1294 3607 tumultuan-

207 3666 221 3704 s
239 3643 317 3708 tium
330 3643 583 3719 calvinistarum,
598 3655 629 3710 et
645 3654 792 3711 notanter
805 3661 889 3709 anno
905 3645 996 3720 idid,
1010 3642 1136 3725 quando
1152 3643 1295 3706 existens

208 3765 222 3802 s
240 3741 380 3808 vicarius
403 3742 623 3824 episcopatus,
643 3745 721 3809 sede
737 3754 881 3819 vacante,
899 3760 971 3808 curn
987 3741 1105 3808 ceteris
1124 3739 1295 3806 ecclesias·

91 3834 97 3845 “
208 3841 313 3906 uticis
336 3842 472 3907 eductus
500 3859 556 3923 per
579 3843 721 3908 sedecim
748 3843 818 3908 dics
846 3843 876 3906 in
903 3841 1036 3906 nauibus
1064 3840 1121 3905 tuit
1146 3839 1296 3904 detentus

206 3939 396 4020 »captivus
425 3949 458 4006 et
480 3941 567 4018 dein,
600 3942 660 4006 lata
688 3943 858 4020 stridentia,
883 3957 955 4007 cunt
985 3939 1058 4004 aliis
1086 3937 1296 4019 quadraginta

207 4038 342 4104 »tribus
366 4039 598 4106 ecclesiasticis
622 4059 640 4106 e
661 4039 789 4107 civitate
812 4057 927 4106 exesse
950 4039 1071 4113 debuit,
1100 4048 1132 4103 et
1158 4035 1296 4102 exulavit

207 4158 221 4196 s
241 4153 296 4216 per
319 4154 375 4203 sex
398 4154 502 4203 annos
530 4141 692 4221 usquead
722 4139 885 4206 reductam
913 4129 997 4204 antro
1021 4137 1101 4203 1585
1123 4135 1292 4202 civitatem.

208 4258 221 4295 a
239 4235 394 4319 Tempore
410 4237 460 4303 sui
476 4237 561 4304 exilii
580 4239 706 4304 lovanii
723 4239 853 4304 resedit.
872 4262 885 4299 a
905 4238 988 4304 llaec
1004 4238 1080 4301 Bar.
