3194 4940
664 437 706 451 -
727 399 794 497 sss
812 437 853 450 -

205 583 366 650 seducere
388 583 568 664 cupientes,
593 583 803 664 volentesque
828 581 1008 650 studiorum
1028 597 1125 646 ceusu
1145 579 1302 664 degentes

206 683 253 748 in·
264 681 360 748 dictu·
373 694 486 749 nostru
499 681 717 749 liniirersitute
742 691 851 750 uostttt
868 683 971 766 gretie
986 676 1140 764 prosequi
1155 673 1302 764 succidii,

209 781 319 848 bibito
332 795 430 864 suber
444 784 506 849 boe
520 779 746 848 aduisamento·
758 779 870 848 dilecti
884 792 916 848 ct
933 779 1039 846 boetis
1055 775 1301 846 nustrtouneet-

207 881 294 956 terii,
311 895 351 947 ec
369 880 506 947 oliorum
530 891 598 946 tem
617 882 657 946 de
680 887 792 946 nostro
816 893 931 962 magno
956 891 1051 962 quum
1075 878 1110 942 iu
1131 873 1301 944 sistentia

214 995 275 1062 uer
286 995 345 1045 nos
361 979 513 1052 ordinato
526 976 684 1056 coneilio,
702 979 821 1044 auditis
837 979 933 1045 etiarn
955 993 1053 1058 super
1070 977 1225 1060 predictis
1241 976 1303 1040 vil-

209 1079 289 1154 ileo,
304 1075 555 1160 legislatoribus,
569 1093 610 1142 ae·
622 1075 821 1144 reddituario
839 1075 1056 1158 nustrnonidi
1074 1075 1305 1148 bononiensis,

214 1193 272 1259 orn
295 1178 388 1242 nobis
413 1177 598 1258 nostrisque
622 1176 801 1242 heredibus
819 1183 850 1240 et
866 1176 1116 1240 suecessoribus
1133 1169 1304 1240 brubuuue

207 1276 361 1352 ducibus,
387 1275 548 1341 uniuersis
572 1287 603 1340 et
626 1275 763 1358 singuiis
787 1273 990 1350 doctoribus,
1017 1273 1191 1354 magistris,
1217 1272 1305 1337 neris

207 1375 430 1442 seboturibos.
448 1375 486 1437 ud
510 1374 688 1456 predictum
710 1383 856 1438 nostrum
872 1373 1015 1437 studium
1032 1374 1183 1454 generale
1201 1371 1303 1436 bouu-

210 1473 328 1548 niense
341 1471 592 1545 confluentibus,
611 1485 642 1540 et
658 1473 839 1538 studiorum
856 1485 952 1536 ctuss
971 1471 1040 1535 sine
1058 1472 1168 1535 iraude
1184 1469 1304 1552 degen-

209 1572 301 1636 tibus
324 1569 359 1634 ib
380 1572 505 1646 eodem,
525 1571 799 1654 membrisqueet
812 1571 1029 1636 servitoribus
1045 1573 1245 1645 eorumdem,
1263 1583 1301 1634 ex

208 1679 314 1736 certe
328 1680 440 1736 nostru
460 1671 597 1736 scientis
618 1667 825 1746 indulsimus,
843 1669 1003 1745 dedimus,
1026 1669 1251 1734 concessimus
1275 1676 1307 1732 et

207 1771 422 1845 -donsninrus,
439 1787 477 1836 ee
500 1779 613 1836 tenere
636 1769 838 1852 presentium·
858 1769 899 1834 de
914 1770 1015 1851 gratia
1034 1779 1142 1834 nostre
1160 1764 1306 1850 speciali,

209 1879 372 1950 tusotrtnnt
388 1885 476 1950 enus
488 1879 549 1944 est,
564 1870 780 1954 indulgemus,
794 1870 919 1940 dburus,
934 1868 1144 1933 concedimus
1160 1876 1190 1932 et
1206 1868 1304 1931 dona·

212 1983 291 2032 nnus
308 1968 339 2030 in
357 1967 457 2032 iorme
473 1967 586 2034 induiti
603 1983 663 2032 seu
679 1968 837 2049 priuilegii
855 1967 1011 2048 perpetui,
1028 1968 1160 2050 gestias,
1177 1979 1307 2047 exemp·

212 2067 325 2130 tiones
340 2075 372 2130 et
388 2066 554 2132 libertates
572 2069 714 2132 modoet
730 2065 832 2132 terma
849 2063 984 2132 interius
1000 2077 1181 2132 annotatus.
1196 2063 1308 2146 impri-

220 2165 550 2248 missittttidetnquod
564 2167 756 2232 omnesveti
770 2170 949 2242 studentes,
965 2167 1127 2241 doctores,
1142 2174 1305 2246 tegentes,

217 2261 362 2340 officiati,
377 2266 553 2341 scltblures,
564 2275 595 2331 et
607 2281 718 2330 eorum
736 2265 927 2336 seruitores,
938 2263 1080 2330 extranei
1098 2280 1160 2329 non
1177 2263 1306 2328 oriundi

215 2379 258 2426 eut
282 2363 454 2429 territoriis
476 2380 534 2428 seu
558 2363 713 2428 dominiis
736 2364 872 2439 nostris,
897 2363 968 2428 siue
992 2361 1056 2428 sint
1078 2361 1212 2444 legitimi
1236 2359 1307 2427 siue

214 2462 388 2544 :illegitimb
406 2463 531 2528 etiamsi
554 2463 658 2543 spurii
679 2472 789 2528 essent
806 2463 854 2526 vel
879 2479 918 2527 ex
941 2462 1091 2527 damnato
1115 2462 1212 2535 coitu,
1231 2473 1307 2543 oos-

214 2561 286 2626 -sint
300 2563 452 2628 ordinere
467 2573 498 2628 et
513 2562 687 2643 disponere
703 2571 894 2627 testamento
911 2578 967 2626 seu
983 2561 1046 2626 elie
1070 2561 1187 2642 quouis
1211 2559 1306 2626 modo

216 2660 366 2743 legitimo
384 2664 424 2727 de
446 2662 596 2727 omnibus
620 2662 689 2728 suis
712 2661 807 2727 bonis
834 2659 1024 2735 mobilibus,
1048 2660 1180 2736 debitis,
1203 2657 1307 2734 libris,

208 2759 388 2840 jocalibus,
406 2761 561 2836 vestibus,
580 2759 772 2825 utensilibus
794 2761 922 2837 domus,
941 2767 995 2822 aut
1011 2758 1085 2822 eliis
1101 2757 1310 2840 quibuscum·

219 2873 282 2938 nuc
312 2859 502 2936 mobilibus,
534 2857 717 2924 inhibentes
750 2858 871 2922 nostris
903 2856 1025 2934 viiiieo,
1056 2856 1308 2938 legislatoribus,

218 2959 395 3038 retenturi,
414 2958 485 3024 siue
499 2957 673 3024 cuiuslibet
691 2973 804 3022 eorum
821 2957 994 3022 clientibus
1011 2965 1043 3022 et
1058 2954 1307 3030 commissoriis,

221 3073 261 3122 ue
277 3057 319 3121 tie
331 3068 441 3123 cetero
457 3057 489 3122 in
506 3057 603 3123 bouis
616 3057 763 3138 ipsorum·
778 3056 951 3122 mobilibus
968 3072 1004 3121 se
1019 3055 1309 3128 intromittentem

220 3155 631 3237 uliquodimoedimentum·
647 3155 710 3230 sub
732 3167 878 3240 pretextu
905 3154 1078 3220 iuuentutii
1102 3152 1307 3229 cottsseiendl,

220 3255 497 3336 illegititttttiibnis
515 3255 723 3326 foraneitatis,
740 3255 875 3319 eutelio
900 3253 1018 3336 queuis
1042 3251 1137 3318 modo
1157 3253 1307 3327 inierunt,

220 3355 293 3419 sius
314 3355 530 3436 prenominati
549 3355 598 3420 sie
623 3355 817 3419 decedentes
841 3353 881 3418 de
905 3353 1027 3418 eisdem
1055 3351 1162 3416 testuti
1191 3349 1309 3416 luerint

214 3464 274 3518 not
295 3454 377 3516 alies
397 3453 629 3534 disposuerint,
647 3453 717 3518 siue
741 3469 817 3517 nott.
836 3451 955 3517 lientes
978 3462 1009 3517 et
1026 3451 1244 3515 concedentes
1266 3449 1310 3514 de

220 3551 317 3615 dietis
334 3551 427 3616 bonis
443 3552 492 3616 sie
506 3551 667 3617 derelictis
683 3552 901 3633 cognitionem
918 3561 949 3616 et
962 3549 1223 3632 jurisdictionem
1241 3548 1306 3629 pie·

222 3649 348 3713 notium·
372 3651 600 3716 conseruatori
625 3649 871 3731 priuilegio-um
895 3649 979 3714 diete
1006 3647 1083 3714 tilie‘
1102 3657 1222 3712 nostre.
1250 3646 1309 3724 Qui

216 3748 356 3828 cuidem
373 3759 590 3814 conseruator·
608 3750 726 3830 poterit
748 3749 831 3813 boue
856 3749 1014 3812 dictorum
1041 3745 1239 3812 studentium
1263 3745 1311 3811 sie

220 3847 444 3913 decedentium
467 3847 765 3929 epurebendereet
781 3861 978 3914 conseruare
1002 3847 1062 3911 sub
1087 3845 1172 3911 bono
1196 3843 1310 3909 inuen-

217 3945 306 4035 tuniu
327 3945 369 4009 nri
390 3959 482 4026 cons·
496 3947 636 4022 iiibrum,
661 3945 806 4028 sd'quos
832 3945 983 4010 illubens
1007 3946 1047 4011 de
1067 3941 1139 4026 jure
1162 3956 1309 4026 spectare

213 4044 504 4119 debebuntcsuluo
529 4055 637 4111 tumen·
656 4042 743 4127 quod
765 4045 803 4108 sd
829 4043 969 4125 predicti·
987 4043 1157 4109 inuenterii
1181 4044 1311 4110 coulet-

222 4145 343 4208 tienetu
379 4143 449 4225 ipse
485 4143 888 4209 cottserustortbttebitut·
925 4155 1125 4222 receptorem
1165 4147 1311 4206 nostrum

221 4281 225 4290 ·
308 4261 335 4305 tu
700 4267 705 4276 ·
1190 4241 1229 4304 ib
