3100 4942
601 387 790 450 -ld'l-

137 565 369 633 sustentandis
391 565 514 632 astricti
539 575 691 632 maneant
710 575 742 631 et
763 565 913 648 obligati;
936 576 969 632 et
984 567 1136 650 precipue
1151 568 1237 650 cuod

137 665 286 730 ecclesia
304 673 412 731 nostra
429 663 673 730 Cameracensis
689 664 720 728 in
738 665 990 748 recognitionem
1010 666 1238 733 abstractionis

136 765 308 850 fructuum
325 763 482 828 dictarum
499 763 711 829 ecclesiarum
730 764 824 829 nobis
846 762 1044 831 subditarum
1069 765 1101 828 in
1123 783 1237 848 perpe·

141 856 233 928 tuum
258 862 404 944 quolibet
426 878 509 927 anno
532 861 563 924 in
588 863 670 926 sesto
686 861 820 944 Remigii
837 880 875 928 ex
893 861 1050 928 tractibus
1065 865 1238 932 cuiuslibet

138 961 359 1026 eeclesiarum
377 977 432 1042 per
448 959 551 1025 dictas
566 959 692 1026 litteras
708 961 904 1041 apostolicas
927 961 1236 1042 incorporandarum

139 1057 316 1142 percipiet,
333 1059 460 1125 babebit
484 1067 516 1124 et
538 1059 657 1127 leuubit
672 1076 768 1124 vnum
792 1059 958 1124 denarium
982 1076 1114 1126 aureum
1129 1062 1239 1144 vulga·

139 1159 222 1223 riter
234 1157 327 1223 Salat
340 1167 468 1223 monete
481 1157 568 1240 regis
581 1157 703 1222 francie
716 1159 1006 1240 nuncupatum,vel
1019 1159 1239 1226 eiusralorem

139 1257 173 1321 in
185 1256 252 1322 alia
266 1257 351 1324 bona
364 1267 396 1323 et
408 1256 603 1338 competenti
617 1266 744 1322 moneta
757 1273 889 1321 cursum
902 1267 932 1322 et
945 1256 1085 1323 valorem
1102 1258 1135 1322 in
1150 1259 1239 1324 curia

142 1367 257 1422 nostra
276 1355 500 1422 cameracensi
524 1355 674 1430 habente,
692 1355 863 1436 sigillifero
886 1365 999 1420 nostro
1015 1354 1239 1424 cameracensi

141 1471 202 1536 pro
226 1466 376 1544 tempore
397 1454 559 1531 existenti,
582 1454 663 1520 vltra
688 1462 748 1518 tam
771 1470 820 1528 ca,
838 1470 899 1535 quc
923 1453 1021 1534 nobis
1042 1465 1073 1521 et
1099 1457 1239 1524 ecclesie

144 1564 260 1620 nostre
278 1553 500 1620 Cameracensi
519 1553 663 1634 predicte
678 1564 753 1618 ante
765 1553 1057 1635 incorporationem
1070 1555 1239 1635 supradic-

141 1665 207 1723 tam
224 1671 267 1719 ex
284 1652 442 1718 fructibus
458 1653 598 1734 ipsarum
615 1653 827 1718 ecclesiarum
848 1652 1124 1734 incorporatarum
1146 1669 1240 1734 spec·

141 1761 269 1818 tarent
293 1751 454 1833 pertinere
476 1751 636 1827 solebam,
662 1749 930 1832 persoluendum;
954 1761 985 1816 et
1008 1752 1093 1833 quod
1116 1753 1249 1818 eisdem·

142 1851 278 1916 sicariis
293 1849 451 1916 dictarum
477 1849 688 1915 ecclesiarum
712 1847 805 1914 nobis
828 1849 1030 1915 subditarum
1053 1859 1096 1926 et,
1113 1859 1146 1915 rt
1168 1867 1241 1933 pre·

146 1951 298 2026 mittitur,
317 1949 625 2030 incorporandarum
649 1960 711 2013 tam
730 1948 879 2014 habunde
894 1950 975 2014 vltra
992 1949 1151 2031 stipendia
1167 1967 1243 2017 suo·

144 2045 216 2114 rum
233 2050 466 2132 obsequiorum
482 2059 514 2114 ct
529 2065 676 2121 onerum.
695 2058 727 2112 vt
750 2047 956 2128 premittitur,
974 2048 1240 2115 sustinendorunr

145 2149 377 2230 prouideatur;
394 2157 425 2213 et
447 2147 532 2229 quod
551 2147 613 2228 ipsi
629 2147 740 2211 vicarii
759 2145 854 2212 nobis
869 2155 900 2211 et
916 2146 1079 2229 episcopis
1096 2149 1241 2213 eamera-

143 2248 304 2313 censibus
327 2263 384 2329 pro
408 2257 552 2326 tempore
574 2244 799 2320 existentibus,
826 2261 882 2310 seu
912 2262 1024 2311 eorum
1050 2247 1240 2328 sigillileris,

146 2357 301 2426 poterunt
322 2349 444 2427 absque
467 2345 516 2410 sui
540 2344 735 2410 detrimento
757 2353 978 2425 competenter
998 2345 1186 2412 satisfacere
1202 2346 1242 2412 de

145 2446 260 2512 aurcis
275 2445 417 2510 denariis
432 2443 650 2526 supradictis;
669 2460 729 2509 nos
744 2443 847 2510 eciam
865 2444 1012 2510 volumus
1032 2454 1064 2510 et
1085 2455 1242 2526 protesta-

150 2561 223 2608 mur
251 2559 310 2626 per
335 2553 516 2625 presentes,
540 2542 625 2624 quod
653 2542 715 2624 ipsi
740 2541 848 2607 vicarii
876 2543 915 2606 ad
942 2543 1137 2620 solutionem
1164 2543 1242 2608 dicti

151 2642 291 2718 denarii,
309 2641 403 2708 nobis
418 2651 450 2706 et
469 2640 716 2708 successoribus
740 2640 861 2706 nostris
883 2639 1071 2718 taciendam,
1089 2658 1128 2708 cx
1149 2641 1242 2708 insti·

153 2741 278 2806 tutione
300 2739 486 2806 eorumdem
511 2748 680 2806 teneantur
703 2746 734 2804 et
754 2739 819 2804 sint
834 2739 969 2804 astricti.
988 2740 1124 2806 Prouiso
1140 2741 1241 2806 eciam

153 2840 239 2920 cuod
257 2839 285 2905 si
300 2850 331 2906 et
347 2839 379 2904 in
394 2849 548 2921 quantum
563 2838 749 2906 huiusmodi
766 2837 990 2920 incorpcracin
1007 2855 1070 2920 quc
1086 2840 1124 2904 ad
1142 2839 1239 2904 bene·

153 2937 224 3004 ficia
240 2939 303 3004 sub
318 2939 439 3004 diocesi
458 2937 626 3004 leodiensi
642 2937 816 3003 constituta
832 2937 863 3002 in
877 2937 988 3003 eadem
1005 2939 1239 3020 comprehensa

154 3054 247 3103 sunm
265 3037 395 3103 minime
409 3037 570 3104 sorciatur
593 3035 755 3110 ellectum,
782 3053 821 3102 eo
844 3052 921 3102 casu
946 3048 1114 3118 presentes
1138 3037 1240 3103 nostri

152 3153 336 3204 consensus
358 3137 463 3202 littora
484 3145 517 3200 et
538 3133 645 3200 omnia
661 3134 694 3198 io
711 3134 759 3200 eis
775 3144 926 3200 contenta
942 3134 1154 3200 consimiliter
1170 3136 1241 3200 nul·

154 3235 217 3302 lius
238 3246 335 3302 erunt
357 3234 484 3300 roboris
506 3234 556 3300 vel
582 3233 747 3310 momenti,
772 3233 923 3326 omnibus
947 3233 1068 3310 fraude,
1085 3231 1161 3298 dolo
1183 3250 1240 3299 scu

152 3333 512 3415 captioneseclusis.ln
525 3331 619 3398 cuius
635 3331 681 3398 rei
697 3331 916 3398 testimonium
933 3341 1102 3412 presentes
1118 3332 1241 3398 litteras

156 3433 290 3499 iecirnrm
311 3433 420 3514 sigillo
443 3439 555 3498 nostro
575 3431 734 3498 roborari.
753 3429 865 3494 ilatum
882 3429 1028 3496 Bruxelle
1044 3439 1155 3496 nostre
1170 3431 1240 3498 dio·

153 3533 239 3598 cesis
264 3549 352 3598 anno
373 3531 493 3598 domini
521 3529 1038 3612 millesimo‘quadringentesimo
1063 3530 1240 3612 quadrage·

156 3630 237 3694 simo
252 3631 355 3696 tercio
371 3631 423 3694 die
439 3629 546 3696 rltima
563 3629 686 3701 mensis
702 3626 866 3710 lebruarij.

193 3729 253 3796 Sur
271 3729 302 3794 lc
319 3729 364 3812 pli
379 3752 387 3791 :
405 3729 464 3796 lor
478 3728 645 3794 dominum
662 3775 670 3790 .
690 3775 699 3792 .
717 3735 867 3808 presente
882 3725 915 3792 d.
932 3724 1169 3793 brobidiacono
1188 3727 1237 3794 .G.

1033 3825 1061 3889 J.
1080 3825 1198 3892 Brune.

525 3943 652 4014 Original
669 3959 728 4015 sur·
735 3941 906 4013 parchemin,
923 3940 1000 3995 muni
1020 3941 1085 3998 d'un
1105 3943 1244 4012 fragment

424 4025 427 4032 ‘
489 4035 525 4088 du
539 4051 620 4088 sceau
634 4049 669 4087 en
682 4031 739 4088 cire
750 4049 836 4102 rouge
848 4032 882 4086 dc
896 4029 1017 4103 l'ereque
1029 4031 1098 4090 Jcan
1111 4033 1145 4088 de
1156 4035 1242 4090 Bour·

488 4137 590 4196 gosna,
608 4123 730 4194 pendant
752 4133 769 4178 s
785 4123 887 4178 double
909 4139 999 4193 queue
1015 4123 1049 4178 dc
1070 4125 1241 4195 parchemin,

489 4233 544 4272 aux
558 4213 691 4270 Arolires
704 4213 738 4268 da
751 4213 778 4270 la
792 4214 858 4270 rillc
870 4213 905 4270 ds
917 4212 1052 4276 Lourain.
