<?xml version="1.0" encoding="UTF-8"?>
<!DOCTYPE html PUBLIC "-//W3C//DTD XHTML 1.0 Transitional//EN"
    "http://www.w3.org/TR/xhtml1/DTD/xhtml1-transitional.dtd">
<html xmlns="http://www.w3.org/1999/xhtml" xml:lang="en" lang="en">
 <head>
  <title>
</title>
<meta http-equiv="Content-Type" content="text/html;charset=utf-8" />
  <meta name='ocr-system' content='tesseract 3.04.00' />
  <meta name='ocr-capabilities' content='ocr_page ocr_carea ocr_par ocr_line ocrx_word'/>
</head>
<body>
  <div class='ocr_page' id='page_1' title='image "./documentsrelati00reusgoog_0490.png"; bbox 0 0 3240 4946; ppageno 0'>
   <div class='ocr_carea' id='block_1_1' title="bbox 750 449 934 543">
    <p class='ocr_par' dir='ltr' id='par_1_1' title="bbox 750 449 934 543">
     <span class='ocr_line' id='line_1_1' title="bbox 750 449 934 543; baseline -0.005 -24"><span class='ocrx_word' id='word_1_1' title='bbox 750 489 788 502; x_wconf 88' lang='lat'><em>-</em></span> <span class='ocrx_word' id='word_1_2' title='bbox 811 449 934 543; x_wconf 27' lang='lat' dir='ltr'><strong>rra,-</strong></span> 
     </span>
    </p>
   </div>
   <div class='ocr_carea' id='block_1_2' title="bbox 297 631 1380 818">
    <p class='ocr_par' dir='ltr' id='par_1_2' title="bbox 297 631 1380 818">
     <span class='ocr_line' id='line_1_2' title="bbox 338 631 1380 728; baseline 0.012 -26"><span class='ocrx_word' id='word_1_3' title='bbox 338 631 443 702; x_wconf 83' lang='lat' dir='ltr'><strong>Tcnur</strong></span> <span class='ocrx_word' id='word_1_4' title='bbox 464 645 568 702; x_wconf 89' lang='lat' dir='ltr'><strong>autem</strong></span> <span class='ocrx_word' id='word_1_5' title='bbox 590 635 796 718; x_wconf 79' lang='lat' dir='ltr'><strong>obligationis</strong></span> <span class='ocrx_word' id='word_1_6' title='bbox 819 643 849 702; x_wconf 91' lang='lat' dir='ltr'><strong>et</strong></span> <span class='ocrx_word' id='word_1_7' title='bbox 875 639 1082 706; x_wconf 89' lang='lat' dir='ltr'><strong>articulorum</strong></span> <span class='ocrx_word' id='word_1_8' title='bbox 1110 644 1194 710; x_wconf 82' lang='lat' dir='ltr'><strong>vnde</strong></span> <span class='ocrx_word' id='word_1_9' title='bbox 1220 661 1317 728; x_wconf 88' lang='lat' dir='ltr'><strong>supra</strong></span> <span class='ocrx_word' id='word_1_10' title='bbox 1345 647 1380 716; x_wconf 90' lang='lat' dir='ltr'><strong>lit</strong></span> 
     </span>
     <span class='ocr_line' id='line_1_3' title="bbox 297 735 802 818; baseline 0 -18"><span class='ocrx_word' id='word_1_11' title='bbox 297 736 417 802; x_wconf 90' lang='lat' dir='ltr'><strong>mentio</strong></span> <span class='ocrx_word' id='word_1_12' title='bbox 432 736 579 818; x_wconf 83' lang='lat' dir='ltr'><strong>sequitur</strong></span> <span class='ocrx_word' id='word_1_13' title='bbox 593 745 625 801; x_wconf 88' lang='lat' dir='ltr'><strong>et</strong></span> <span class='ocrx_word' id='word_1_14' title='bbox 640 743 689 802; x_wconf 88' lang='lat' dir='ltr'><strong>est</strong></span> <span class='ocrx_word' id='word_1_15' title='bbox 705 735 776 800; x_wconf 91' lang='lat' dir='ltr'><strong>talis</strong></span> <span class='ocrx_word' id='word_1_16' title='bbox 795 753 802 800; x_wconf 95' lang='lat'><strong>:</strong></span> 
     </span>
    </p>
   </div>
   <div class='ocr_carea' id='block_1_3' title="bbox 262 923 1377 2116">
    <p class='ocr_par' dir='ltr' id='par_1_3' title="bbox 262 923 1377 2116">
     <span class='ocr_line' id='line_1_4' title="bbox 335 923 1377 1028; baseline 0.012 -31"><span class='ocrx_word' id='word_1_17' title='bbox 335 933 559 998; x_wconf 82' lang='lat' dir='ltr'><strong>illustrissimo</strong></span> <span class='ocrx_word' id='word_1_18' title='bbox 584 923 780 1015; x_wconf 74' lang='lat' dir='ltr'><strong>principiae</strong></span> <span class='ocrx_word' id='word_1_19' title='bbox 803 936 934 1003; x_wconf 92' lang='lat' dir='ltr'><strong>domino</strong></span> <span class='ocrx_word' id='word_1_20' title='bbox 956 939 1087 1004; x_wconf 90' lang='lat' dir='ltr'><strong>domino</strong></span> <span class='ocrx_word' id='word_1_21' title='bbox 1104 951 1215 1008; x_wconf 90' lang='lat' dir='ltr'><strong>nostro</strong></span> <span class='ocrx_word' id='word_1_22' title='bbox 1233 944 1377 1028; x_wconf 82' lang='lat' dir='ltr'><strong>Phiiippo</strong></span> 
     </span>
     <span class='ocr_line' id='line_1_5' title="bbox 295 1032 1374 1126; baseline 0.01 -29"><span class='ocrx_word' id='word_1_23' title='bbox 295 1032 457 1114; x_wconf 87' lang='lat' dir='ltr'><strong>arclriducj</strong></span> <span class='ocrx_word' id='word_1_24' title='bbox 475 1033 602 1098; x_wconf 75' lang='lat' dir='ltr'><strong>austrie</strong></span> <span class='ocrx_word' id='word_1_25' title='bbox 619 1034 801 1114; x_wconf 78' lang='lat' dir='ltr'><strong>Burgundio</strong></span> <span class='ocrx_word' id='word_1_26' title='bbox 819 1035 985 1102; x_wconf 83' lang='lat' dir='ltr'><strong>brabantie</strong></span> <span class='ocrx_word' id='word_1_27' title='bbox 1004 1038 1187 1120; x_wconf 75' lang='lat' dir='ltr'><strong>limburgie</strong></span> <span class='ocrx_word' id='word_1_28' title='bbox 1210 1051 1271 1106; x_wconf 88' lang='lat' dir='ltr'><strong>etc.</strong></span> <span class='ocrx_word' id='word_1_29' title='bbox 1289 1044 1374 1126; x_wconf 76' lang='lat' dir='ltr'><strong>duci,</strong></span> 
     </span>
     <span class='ocr_line' id='line_1_6' title="bbox 294 1131 1374 1226; baseline 0.01 -30"><span class='ocrx_word' id='word_1_30' title='bbox 294 1133 442 1197; x_wconf 82' lang='lat' dir='ltr'><strong>Flandrie</strong></span> <span class='ocrx_word' id='word_1_31' title='bbox 466 1131 633 1198; x_wconf 87' lang='lat' dir='ltr'><strong>llollandie</strong></span> <span class='ocrx_word' id='word_1_32' title='bbox 656 1133 804 1212; x_wconf 82' lang='lat' dir='ltr'><strong>Zelandie</strong></span> <span class='ocrx_word' id='word_1_33' title='bbox 828 1136 993 1202; x_wconf 89' lang='lat' dir='ltr'><strong>ilanuonie</strong></span> <span class='ocrx_word' id='word_1_34' title='bbox 1009 1139 1157 1221; x_wconf 83' lang='lat' dir='ltr'><strong>Namurej</strong></span> <span class='ocrx_word' id='word_1_35' title='bbox 1174 1149 1235 1206; x_wconf 87' lang='lat' dir='ltr'><strong>cle.</strong></span> <span class='ocrx_word' id='word_1_36' title='bbox 1253 1144 1374 1226; x_wconf 75' lang='lat' dir='ltr'><strong>comiti.</strong></span> 
     </span>
     <span class='ocr_line' id='line_1_7' title="bbox 293 1234 1376 1322; baseline 0.009 -26"><span class='ocrx_word' id='word_1_37' title='bbox 293 1234 395 1300; x_wconf 80' lang='lat' dir='ltr'><strong>Frisie</strong></span> <span class='ocrx_word' id='word_1_38' title='bbox 411 1235 588 1298; x_wconf 75' lang='lat' dir='ltr'><strong>Salinarum</strong></span> <span class='ocrx_word' id='word_1_39' title='bbox 605 1251 642 1298; x_wconf 89' lang='lat' dir='ltr'><strong>ae</strong></span> <span class='ocrx_word' id='word_1_40' title='bbox 658 1234 827 1298; x_wconf 86' lang='lat' dir='ltr'><strong>blecblinie</strong></span> <span class='ocrx_word' id='word_1_41' title='bbox 842 1234 972 1300; x_wconf 92' lang='lat' dir='ltr'><strong>domino</strong></span> <span class='ocrx_word' id='word_1_42' title='bbox 989 1237 1096 1320; x_wconf 80' lang='lat' dir='ltr'><strong>deuoti</strong></span> <span class='ocrx_word' id='word_1_43' title='bbox 1115 1239 1168 1322; x_wconf 86' lang='lat' dir='ltr'><strong>lttij</strong></span> <span class='ocrx_word' id='word_1_44' title='bbox 1193 1241 1241 1322; x_wconf 81' lang='lat' dir='ltr'><strong>su]</strong></span> <span class='ocrx_word' id='word_1_45' title='bbox 1270 1251 1376 1308; x_wconf 89' lang='lat' dir='ltr'><strong>rector·</strong></span> 
     </span>
     <span class='ocr_line' id='line_1_8' title="bbox 292 1333 1374 1418; baseline 0.006 -19"><span class='ocrx_word' id='word_1_46' title='bbox 292 1342 325 1399; x_wconf 88' lang='lat' dir='ltr'><strong>et</strong></span> <span class='ocrx_word' id='word_1_47' title='bbox 350 1334 543 1399; x_wconf 88' lang='lat' dir='ltr'><strong>vuluersitas</strong></span> <span class='ocrx_word' id='word_1_48' title='bbox 570 1333 665 1414; x_wconf 87' lang='lat' dir='ltr'><strong>studij</strong></span> <span class='ocrx_word' id='word_1_49' title='bbox 692 1333 852 1414; x_wconf 83' lang='lat' dir='ltr'><strong>generalis</strong></span> <span class='ocrx_word' id='word_1_50' title='bbox 877 1335 985 1417; x_wconf 77' lang='lat' dir='ltr'><strong>oppidi</strong></span> <span class='ocrx_word' id='word_1_51' title='bbox 1014 1338 1223 1404; x_wconf 84' lang='lat' dir='ltr'><strong>Louaniensis</strong></span> <span class='ocrx_word' id='word_1_52' title='bbox 1249 1342 1298 1418; x_wconf 80' lang='lat' dir='ltr'><strong>(ll.</strong></span> <span class='ocrx_word' id='word_1_53' title='bbox 1315 1341 1374 1406; x_wconf 24' lang='lat' dir='ltr'><strong>*ld</strong></span> 
     </span>
     <span class='ocr_line' id='line_1_9' title="bbox 293 1433 1374 1514; baseline 0.007 -16"><span class='ocrx_word' id='word_1_54' title='bbox 293 1433 490 1514; x_wconf 88' lang='lat' dir='ltr'><strong>beneplacita</strong></span> <span class='ocrx_word' id='word_1_55' title='bbox 509 1433 801 1513; x_wconf 70' lang='lat' dir='ltr'><strong>promptitudinem.</strong></span> <span class='ocrx_word' id='word_1_56' title='bbox 816 1435 893 1498; x_wconf 86' lang='lat' dir='ltr'><strong>Cum</strong></span> <span class='ocrx_word' id='word_1_57' title='bbox 909 1435 990 1500; x_wconf 90' lang='lat' dir='ltr'><strong>viam</strong></span> <span class='ocrx_word' id='word_1_58' title='bbox 1008 1437 1151 1502; x_wconf 89' lang='lat' dir='ltr'><strong>veritatis</strong></span> <span class='ocrx_word' id='word_1_59' title='bbox 1167 1439 1248 1504; x_wconf 93' lang='lat' dir='ltr'><strong>alios</strong></span> <span class='ocrx_word' id='word_1_60' title='bbox 1260 1439 1374 1506; x_wconf 88' lang='lat' dir='ltr'><strong>docea-</strong></span> 
     </span>
     <span class='ocr_line' id='line_1_10' title="bbox 262 1531 1372 1614; baseline 0.007 -18"><span class='ocrx_word' id='word_1_61' title='bbox 262 1563 263 1568; x_wconf 60' lang='lat'><em>=</em></span> <span class='ocrx_word' id='word_1_62' title='bbox 292 1549 375 1608; x_wconf 89' lang='lat' dir='ltr'><strong>mus,</strong></span> <span class='ocrx_word' id='word_1_63' title='bbox 393 1542 424 1598; x_wconf 91' lang='lat' dir='ltr'><strong>et</strong></span> <span class='ocrx_word' id='word_1_64' title='bbox 451 1549 506 1614; x_wconf 91' lang='lat' dir='ltr'><strong>per</strong></span> <span class='ocrx_word' id='word_1_65' title='bbox 529 1531 617 1614; x_wconf 85' lang='lat' dir='ltr'><strong>jllam</strong></span> <span class='ocrx_word' id='word_1_66' title='bbox 642 1531 793 1613; x_wconf 89' lang='lat' dir='ltr'><strong>jncedere</strong></span> <span class='ocrx_word' id='word_1_67' title='bbox 817 1533 931 1598; x_wconf 87' lang='lat' dir='ltr'><strong>merito</strong></span> <span class='ocrx_word' id='word_1_68' title='bbox 956 1551 1018 1599; x_wconf 94' lang='lat' dir='ltr'><strong>non</strong></span> <span class='ocrx_word' id='word_1_69' title='bbox 1044 1535 1270 1603; x_wconf 78' lang='lat' dir='ltr'><strong>detrectamus.</strong></span> <span class='ocrx_word' id='word_1_70' title='bbox 1296 1539 1372 1604; x_wconf 90' lang='lat' dir='ltr'><strong>Cum</strong></span> 
     </span>
     <span class='ocr_line' id='line_1_11' title="bbox 291 1631 1373 1714; baseline 0.007 -18"><span class='ocrx_word' id='word_1_71' title='bbox 291 1632 398 1714; x_wconf 81' lang='lat' dir='ltr'><strong>itaque</strong></span> <span class='ocrx_word' id='word_1_72' title='bbox 428 1648 526 1711; x_wconf 89' lang='lat' dir='ltr'><strong>super</strong></span> <span class='ocrx_word' id='word_1_73' title='bbox 555 1631 708 1696; x_wconf 85' lang='lat' dir='ltr'><strong>abusibus</strong></span> <span class='ocrx_word' id='word_1_74' title='bbox 738 1641 768 1695; x_wconf 86' lang='lat' dir='ltr'><strong>et</strong></span> <span class='ocrx_word' id='word_1_75' title='bbox 798 1632 986 1698; x_wconf 80' lang='lat' dir='ltr'><strong>excessibus</strong></span> <span class='ocrx_word' id='word_1_76' title='bbox 1016 1634 1104 1700; x_wconf 89' lang='lat' dir='ltr'><strong>curie</strong></span> <span class='ocrx_word' id='word_1_77' title='bbox 1132 1639 1373 1704; x_wconf 87' lang='lat' dir='ltr'><strong>conseruatoris</strong></span> 
     </span>
     <span class='ocr_line' id='line_1_12' title="bbox 289 1730 1372 1820; baseline 0.007 -24"><span class='ocrx_word' id='word_1_78' title='bbox 289 1730 408 1810; x_wconf 89' lang='lat' dir='ltr'><strong>jurium</strong></span> <span class='ocrx_word' id='word_1_79' title='bbox 425 1739 456 1796; x_wconf 89' lang='lat' dir='ltr'><strong>et</strong></span> <span class='ocrx_word' id='word_1_80' title='bbox 473 1730 711 1812; x_wconf 85' lang='lat' dir='ltr'><strong>priuilegiorum</strong></span> <span class='ocrx_word' id='word_1_81' title='bbox 730 1739 925 1810; x_wconf 88' lang='lat' dir='ltr'><strong>nostrorum,</strong></span> <span class='ocrx_word' id='word_1_82' title='bbox 944 1732 1061 1814; x_wconf 83' lang='lat' dir='ltr'><strong>ouibus</strong></span> <span class='ocrx_word' id='word_1_83' title='bbox 1085 1734 1203 1816; x_wconf 76' lang='lat' dir='ltr'><strong>subditi</strong></span> <span class='ocrx_word' id='word_1_84' title='bbox 1227 1735 1372 1820; x_wconf 71' lang='lat' dir='ltr'><strong>diuersu-</strong></span> 
     </span>
     <span class='ocr_line' id='line_1_13' title="bbox 291 1829 1373 1916; baseline 0.007 -22"><span class='ocrx_word' id='word_1_85' title='bbox 291 1847 362 1894; x_wconf 86' lang='lat' dir='ltr'><strong>rum</strong></span> <span class='ocrx_word' id='word_1_86' title='bbox 385 1839 492 1894; x_wconf 88' lang='lat' dir='ltr'><strong>vestre</strong></span> <span class='ocrx_word' id='word_1_87' title='bbox 514 1829 721 1894; x_wconf 79' lang='lat' dir='ltr'><strong>celsitudinis</strong></span> <span class='ocrx_word' id='word_1_88' title='bbox 745 1829 975 1910; x_wconf 89' lang='lat' dir='ltr'><strong>prcuinliarum</strong></span> <span class='ocrx_word' id='word_1_89' title='bbox 999 1841 1029 1896; x_wconf 90' lang='lat' dir='ltr'><strong>el</strong></span> <span class='ocrx_word' id='word_1_90' title='bbox 1047 1833 1181 1912; x_wconf 89' lang='lat' dir='ltr'><strong>partium</strong></span> <span class='ocrx_word' id='word_1_91' title='bbox 1198 1835 1323 1916; x_wconf 80' lang='lat' dir='ltr'><strong>grauarj</strong></span> <span class='ocrx_word' id='word_1_92' title='bbox 1341 1847 1373 1902; x_wconf 90' lang='lat' dir='ltr'><strong>ct</strong></span> 
     </span>
     <span class='ocr_line' id='line_1_14' title="bbox 292 1927 1373 2009; baseline 0.006 -17"><span class='ocrx_word' id='word_1_93' title='bbox 292 1927 654 2009; x_wconf 79' lang='lat' dir='ltr'><strong>molestarjanonnullis</strong></span> <span class='ocrx_word' id='word_1_94' title='bbox 668 1927 1000 2009; x_wconf 74' lang='lat' dir='ltr'><strong>reseruntunjnelitas</strong></span> <span class='ocrx_word' id='word_1_95' title='bbox 1013 1931 1155 1996; x_wconf 89' lang='lat' dir='ltr'><strong>eiusdem</strong></span> <span class='ocrx_word' id='word_1_96' title='bbox 1165 1933 1373 1999; x_wconf 78' lang='lat' dir='ltr'><strong>celsitudinis</strong></span> 
     </span>
     <span class='ocr_line' id='line_1_15' title="bbox 289 2025 1373 2116; baseline 0.006 -24"><span class='ocrx_word' id='word_1_97' title='bbox 289 2045 385 2092; x_wconf 89' lang='lat' dir='ltr'><strong>aures</strong></span> <span class='ocrx_word' id='word_1_98' title='bbox 412 2037 474 2092; x_wconf 87' lang='lat' dir='ltr'><strong>tarn</strong></span> <span class='ocrx_word' id='word_1_99' title='bbox 504 2026 644 2108; x_wconf 83' lang='lat' dir='ltr'><strong>grauiter</strong></span> <span class='ocrx_word' id='word_1_100' title='bbox 673 2025 814 2090; x_wconf 79' lang='lat' dir='ltr'><strong>offensas</strong></span> <span class='ocrx_word' id='word_1_101' title='bbox 843 2027 1039 2108; x_wconf 85' lang='lat' dir='ltr'><strong>accepimus,</strong></span> <span class='ocrx_word' id='word_1_102' title='bbox 1069 2037 1113 2105; x_wconf 81' lang='lat' dir='ltr'><strong>ut.</strong></span> <span class='ocrx_word' id='word_1_103' title='bbox 1143 2031 1203 2096; x_wconf 92' lang='lat' dir='ltr'><strong>nisi</strong></span> <span class='ocrx_word' id='word_1_104' title='bbox 1233 2033 1373 2116; x_wconf 88' lang='lat' dir='ltr'><strong>desuper</strong></span> 
     </span>
    </p>
   </div>
   <div class='ocr_carea' id='block_1_4' title="bbox 186 2124 1370 2209">
    <p class='ocr_par' dir='ltr' id='par_1_4' title="bbox 186 2124 1370 2209">
     <span class='ocr_line' id='line_1_16' title="bbox 186 2124 1370 2209; baseline 0.005 -19"><span class='ocrx_word' id='word_1_105' title='bbox 186 2197 190 2206; x_wconf 61' lang='grc'><em>,</em></span> <span class='ocrx_word' id='word_1_106' title='bbox 290 2127 507 2209; x_wconf 76' lang='lat' dir='ltr'><strong>prouidentur,</strong></span> <span class='ocrx_word' id='word_1_107' title='bbox 536 2124 792 2207; x_wconf 77' lang='lat' dir='ltr'><strong>iurisdictionem</strong></span> <span class='ocrx_word' id='word_1_108' title='bbox 823 2125 911 2189; x_wconf 91' lang='lat' dir='ltr'><strong>curie</strong></span> <span class='ocrx_word' id='word_1_109' title='bbox 941 2127 1123 2192; x_wconf 86' lang='lat' dir='ltr'><strong>huiusmodi</strong></span> <span class='ocrx_word' id='word_1_110' title='bbox 1153 2131 1302 2196; x_wconf 86' lang='lat' dir='ltr'><strong>ammodo</strong></span> <span class='ocrx_word' id='word_1_111' title='bbox 1331 2132 1370 2209; x_wconf 75' lang='lat' dir='ltr'><strong>lt)</strong></span> 
     </span>
    </p>
   </div>
   <div class='ocr_carea' id='block_1_5' title="bbox 276 2223 1370 3895">
    <p class='ocr_par' dir='ltr' id='par_1_5' title="bbox 276 2223 1370 3895">
     <span class='ocr_line' id='line_1_17' title="bbox 290 2223 1370 2307; baseline 0.006 -17"><span class='ocrx_word' id='word_1_112' title='bbox 290 2243 424 2307; x_wconf 88' lang='lat' dir='ltr'><strong>prorsus</strong></span> <span class='ocrx_word' id='word_1_113' title='bbox 450 2224 649 2306; x_wconf 89' lang='lat' dir='ltr'><strong>suspendere</strong></span> <span class='ocrx_word' id='word_1_114' title='bbox 676 2224 823 2288; x_wconf 87' lang='lat' dir='ltr'><strong>statuerit</strong></span> <span class='ocrx_word' id='word_1_115' title='bbox 846 2232 877 2288; x_wconf 90' lang='lat' dir='ltr'><strong>et</strong></span> <span class='ocrx_word' id='word_1_116' title='bbox 896 2223 1102 2306; x_wconf 78' lang='lat' dir='ltr'><strong>interdicere,</strong></span> <span class='ocrx_word' id='word_1_117' title='bbox 1126 2244 1163 2293; x_wconf 91' lang='lat' dir='ltr'><strong>ac</strong></span> <span class='ocrx_word' id='word_1_118' title='bbox 1187 2230 1370 2297; x_wconf 86' lang='lat' dir='ltr'><strong>nullatenus</strong></span> 
     </span>
     <span class='ocr_line' id='line_1_18' title="bbox 286 2323 1367 2407; baseline 0.004 -17"><span class='ocrx_word' id='word_1_119' title='bbox 286 2326 320 2407; x_wconf 85' lang='lat' dir='ltr'><strong>jn</strong></span> <span class='ocrx_word' id='word_1_120' title='bbox 337 2326 405 2392; x_wconf 92' lang='lat' dir='ltr'><strong>suis</strong></span> <span class='ocrx_word' id='word_1_121' title='bbox 421 2324 571 2404; x_wconf 87' lang='lat' dir='ltr'><strong>dorniuijs</strong></span> <span class='ocrx_word' id='word_1_122' title='bbox 587 2332 618 2388; x_wconf 90' lang='lat' dir='ltr'><strong>et</strong></span> <span class='ocrx_word' id='word_1_123' title='bbox 634 2323 729 2388; x_wconf 88' lang='lat' dir='ltr'><strong>terris</strong></span> <span class='ocrx_word' id='word_1_124' title='bbox 747 2323 908 2396; x_wconf 79' lang='lat' dir='ltr'><strong>tollerare.</strong></span> <span class='ocrx_word' id='word_1_125' title='bbox 923 2323 988 2388; x_wconf 89' lang='lat' dir='ltr'><strong>Nos</strong></span> <span class='ocrx_word' id='word_1_126' title='bbox 1003 2326 1181 2406; x_wconf 91' lang='lat' dir='ltr'><strong>cupientes,</strong></span> <span class='ocrx_word' id='word_1_127' title='bbox 1197 2337 1229 2393; x_wconf 86' lang='lat' dir='ltr'><strong>vt</strong></span> <span class='ocrx_word' id='word_1_128' title='bbox 1242 2329 1367 2394; x_wconf 85' lang='lat' dir='ltr'><strong>fidelem</strong></span> 
     </span>
     <span class='ocr_line' id='line_1_19' title="bbox 286 2421 1368 2509; baseline 0.006 -21"><span class='ocrx_word' id='word_1_129' title='bbox 286 2424 321 2506; x_wconf 87' lang='lat' dir='ltr'><strong>ju</strong></span> <span class='ocrx_word' id='word_1_130' title='bbox 344 2435 519 2505; x_wconf 88' lang='lat' dir='ltr'><strong>conspectu</strong></span> <span class='ocrx_word' id='word_1_131' title='bbox 543 2421 618 2504; x_wconf 86' lang='lat' dir='ltr'><strong>tuntj</strong></span> <span class='ocrx_word' id='word_1_132' title='bbox 643 2423 796 2504; x_wconf 90' lang='lat' dir='ltr'><strong>principis</strong></span> <span class='ocrx_word' id='word_1_133' title='bbox 820 2423 912 2488; x_wconf 91' lang='lat' dir='ltr'><strong>decet</strong></span> <span class='ocrx_word' id='word_1_134' title='bbox 934 2423 1057 2488; x_wconf 87' lang='lat' dir='ltr'><strong>unicam</strong></span> <span class='ocrx_word' id='word_1_135' title='bbox 1081 2425 1177 2490; x_wconf 85' lang='lat' dir='ltr'><strong>illlam</strong></span> <span class='ocrx_word' id='word_1_136' title='bbox 1197 2427 1368 2509; x_wconf 76' lang='lat' dir='ltr'><strong>inoffensis</strong></span> 
     </span>
     <span class='ocr_line' id='line_1_20' title="bbox 288 2521 1367 2607; baseline 0.001 -18"><span class='ocrx_word' id='word_1_137' title='bbox 288 2524 423 2607; x_wconf 90' lang='lat' dir='ltr'><strong>pedibus</strong></span> <span class='ocrx_word' id='word_1_138' title='bbox 447 2521 621 2593; x_wconf 88' lang='lat' dir='ltr'><strong>ambulare.</strong></span> <span class='ocrx_word' id='word_1_139' title='bbox 646 2521 966 2602; x_wconf 86' lang='lat' dir='ltr'><strong>beneuolentiamquc</strong></span> <span class='ocrx_word' id='word_1_140' title='bbox 989 2522 1141 2590; x_wconf 86' lang='lat' dir='ltr'><strong>maiorem</strong></span> <span class='ocrx_word' id='word_1_141' title='bbox 1165 2543 1202 2590; x_wconf 87' lang='lat' dir='ltr'><strong>ae</strong></span> <span class='ocrx_word' id='word_1_142' title='bbox 1225 2527 1367 2592; x_wconf 84' lang='lat' dir='ltr'><strong>laborem</strong></span> 
     </span>
     <span class='ocr_line' id='line_1_21' title="bbox 287 2618 1368 2704; baseline 0.002 -18"><span class='ocrx_word' id='word_1_143' title='bbox 287 2621 462 2703; x_wconf 76' lang='lat' dir='ltr'><strong>promereri</strong></span> <span class='ocrx_word' id='word_1_144' title='bbox 494 2637 556 2702; x_wconf 83' lang='lat' dir='ltr'><strong>quo</strong></span> <span class='ocrx_word' id='word_1_145' title='bbox 588 2619 687 2700; x_wconf 82' lang='lat' dir='ltr'><strong>magis</strong></span> <span class='ocrx_word' id='word_1_146' title='bbox 717 2628 748 2684; x_wconf 91' lang='lat' dir='ltr'><strong>et</strong></span> <span class='ocrx_word' id='word_1_147' title='bbox 778 2618 829 2699; x_wconf 85' lang='lat' dir='ltr'><strong>alij</strong></span> <span class='ocrx_word' id='word_1_148' title='bbox 862 2627 972 2686; x_wconf 91' lang='lat' dir='ltr'><strong>nostro</strong></span> <span class='ocrx_word' id='word_1_149' title='bbox 1002 2623 1148 2704; x_wconf 84' lang='lat' dir='ltr'><strong>exemplo</strong></span> <span class='ocrx_word' id='word_1_150' title='bbox 1178 2623 1217 2688; x_wconf 90' lang='lat' dir='ltr'><strong>nd</strong></span> <span class='ocrx_word' id='word_1_151' title='bbox 1252 2624 1368 2689; x_wconf 91' lang='lat' dir='ltr'><strong>similia</strong></span> 
     </span>
     <span class='ocr_line' id='line_1_22' title="bbox 285 2719 1366 2804; baseline 0.001 -17"><span class='ocrx_word' id='word_1_152' title='bbox 285 2729 486 2797; x_wconf 88' lang='lat' dir='ltr'><strong>moueantur,</strong></span> <span class='ocrx_word' id='word_1_153' title='bbox 512 2721 664 2801; x_wconf 80' lang='lat' dir='ltr'><strong>prefatam</strong></span> <span class='ocrx_word' id='word_1_154' title='bbox 691 2719 812 2782; x_wconf 83' lang='lat' dir='ltr'><strong>erulam</strong></span> <span class='ocrx_word' id='word_1_155' title='bbox 840 2719 973 2784; x_wconf 88' lang='lat' dir='ltr'><strong>rationis</strong></span> <span class='ocrx_word' id='word_1_156' title='bbox 997 2722 1123 2787; x_wconf 87' lang='lat' dir='ltr'><strong>tramite</strong></span> <span class='ocrx_word' id='word_1_157' title='bbox 1148 2723 1366 2804; x_wconf 84' lang='lat' dir='ltr'><strong>regulandam,</strong></span> 
     </span>
     <span class='ocr_line' id='line_1_23' title="bbox 280 2817 1368 2901; baseline 0.006 -20"><span class='ocrx_word' id='word_1_158' title='bbox 280 2820 434 2901; x_wconf 78' lang='lat' dir='ltr'><strong>illiusque</strong></span> <span class='ocrx_word' id='word_1_159' title='bbox 464 2827 494 2884; x_wconf 90' lang='lat' dir='ltr'><strong>el</strong></span> <span class='ocrx_word' id='word_1_160' title='bbox 524 2817 733 2882; x_wconf 85' lang='lat' dir='ltr'><strong>officiatorum</strong></span> <span class='ocrx_word' id='word_1_161' title='bbox 765 2817 835 2881; x_wconf 92' lang='lat' dir='ltr'><strong>eius</strong></span> <span class='ocrx_word' id='word_1_162' title='bbox 865 2817 1020 2883; x_wconf 88' lang='lat' dir='ltr'><strong>abusibus</strong></span> <span class='ocrx_word' id='word_1_163' title='bbox 1050 2829 1081 2884; x_wconf 92' lang='lat' dir='ltr'><strong>et</strong></span> <span class='ocrx_word' id='word_1_164' title='bbox 1111 2822 1299 2886; x_wconf 85' lang='lat' dir='ltr'><strong>excessibus</strong></span> <span class='ocrx_word' id='word_1_165' title='bbox 1336 2833 1368 2888; x_wconf 91' lang='lat' dir='ltr'><strong>ct</strong></span> 
     </span>
     <span class='ocr_line' id='line_1_24' title="bbox 282 2916 1365 3004; baseline 0.002 -20"><span class='ocrx_word' id='word_1_166' title='bbox 282 2919 449 2984; x_wconf 89' lang='lat' dir='ltr'><strong>erroribus</strong></span> <span class='ocrx_word' id='word_1_167' title='bbox 479 2917 629 2997; x_wconf 75' lang='lat' dir='ltr'><strong>remediis</strong></span> <span class='ocrx_word' id='word_1_168' title='bbox 655 2916 826 2995; x_wconf 88' lang='lat' dir='ltr'><strong>oportunis</strong></span> <span class='ocrx_word' id='word_1_169' title='bbox 855 2916 1065 2995; x_wconf 87' lang='lat' dir='ltr'><strong>obelandum,</strong></span> <span class='ocrx_word' id='word_1_170' title='bbox 1093 2929 1306 3002; x_wconf 86' lang='lat' dir='ltr'><strong>contentaque</strong></span> <span class='ocrx_word' id='word_1_171' title='bbox 1329 2923 1365 3004; x_wconf 82' lang='lat' dir='ltr'><strong>jn</strong></span> 
     </span>
     <span class='ocr_line' id='line_1_25' title="bbox 282 3015 1364 3098; baseline 0.003 -15"><span class='ocrx_word' id='word_1_172' title='bbox 282 3017 437 3084; x_wconf 87' lang='lat' dir='ltr'><strong>clausulis</strong></span> <span class='ocrx_word' id='word_1_173' title='bbox 450 3027 480 3080; x_wconf 91' lang='lat' dir='ltr'><strong>et</strong></span> <span class='ocrx_word' id='word_1_174' title='bbox 493 3015 636 3080; x_wconf 87' lang='lat' dir='ltr'><strong>articulis</strong></span> <span class='ocrx_word' id='word_1_175' title='bbox 650 3015 852 3094; x_wconf 88' lang='lat' dir='ltr'><strong>presentibus</strong></span> <span class='ocrx_word' id='word_1_176' title='bbox 865 3015 1002 3096; x_wconf 79' lang='lat' dir='ltr'><strong>inlerius</strong></span> <span class='ocrx_word' id='word_1_177' title='bbox 1016 3015 1150 3098; x_wconf 76' lang='lat' dir='ltr'><strong>insertis</strong></span> <span class='ocrx_word' id='word_1_178' title='bbox 1163 3019 1364 3086; x_wconf 88' lang='lat' dir='ltr'><strong>obseruanda</strong></span> 
     </span>
     <span class='ocr_line' id='line_1_26' title="bbox 282 3114 1362 3198; baseline 0.001 -17"><span class='ocrx_word' id='word_1_179' title='bbox 282 3116 322 3183; x_wconf 83' lang='lat' dir='ltr'><strong>de</strong></span> <span class='ocrx_word' id='word_1_180' title='bbox 344 3127 452 3198; x_wconf 88' lang='lat' dir='ltr'><strong>celero</strong></span> <span class='ocrx_word' id='word_1_181' title='bbox 475 3114 633 3190; x_wconf 84' lang='lat' dir='ltr'><strong>duximus,</strong></span> <span class='ocrx_word' id='word_1_182' title='bbox 652 3115 857 3178; x_wconf 81' lang='lat' dir='ltr'><strong>decredimus</strong></span> <span class='ocrx_word' id='word_1_183' title='bbox 879 3126 974 3196; x_wconf 87' lang='lat' dir='ltr'><strong>atquc</strong></span> <span class='ocrx_word' id='word_1_184' title='bbox 997 3117 1167 3182; x_wconf 89' lang='lat' dir='ltr'><strong>statuimus</strong></span> <span class='ocrx_word' id='word_1_185' title='bbox 1197 3121 1362 3196; x_wconf 82' lang='lat' dir='ltr'><strong>ucetiam,</strong></span> 
     </span>
     <span class='ocr_line' id='line_1_27' title="bbox 280 3213 1363 3298; baseline 0.006 -18"><span class='ocrx_word' id='word_1_186' title='bbox 280 3215 429 3298; x_wconf 87' lang='lat' dir='ltr'><strong>quoniam</strong></span> <span class='ocrx_word' id='word_1_187' title='bbox 457 3215 504 3278; x_wconf 88' lang='lat' dir='ltr'><strong>sic</strong></span> <span class='ocrx_word' id='word_1_188' title='bbox 528 3213 677 3294; x_wconf 90' lang='lat' dir='ltr'><strong>placitum</strong></span> <span class='ocrx_word' id='word_1_189' title='bbox 701 3213 884 3294; x_wconf 86' lang='lat' dir='ltr'><strong>acecpimus</strong></span> <span class='ocrx_word' id='word_1_190' title='bbox 907 3214 1010 3280; x_wconf 89' lang='lat' dir='ltr'><strong>eidem</strong></span> <span class='ocrx_word' id='word_1_191' title='bbox 1034 3215 1236 3294; x_wconf 82' lang='lat' dir='ltr'><strong>celsitudini,</strong></span> <span class='ocrx_word' id='word_1_192' title='bbox 1260 3220 1363 3286; x_wconf 79' lang='lat' dir='ltr'><strong>licue-</strong></span> 
     </span>
     <span class='ocr_line' id='line_1_28' title="bbox 279 3312 1363 3395; baseline 0.004 -17"><span class='ocrx_word' id='word_1_193' title='bbox 279 3315 413 3381; x_wconf 91' lang='lat' dir='ltr'><strong>rendum</strong></span> <span class='ocrx_word' id='word_1_194' title='bbox 431 3323 551 3395; x_wconf 88' lang='lat' dir='ltr'><strong>patrem</strong></span> <span class='ocrx_word' id='word_1_195' title='bbox 570 3312 737 3377; x_wconf 76' lang='lat' dir='ltr'><strong>parcensis</strong></span> <span class='ocrx_word' id='word_1_196' title='bbox 755 3313 937 3394; x_wconf 75' lang='lat' dir='ltr'><strong>monasterii</strong></span> <span class='ocrx_word' id='word_1_197' title='bbox 962 3313 1114 3379; x_wconf 82' lang='lat' dir='ltr'><strong>Abbalem</strong></span> <span class='ocrx_word' id='word_1_198' title='bbox 1141 3317 1363 3384; x_wconf 85' lang='lat' dir='ltr'><strong>Premonstra-</strong></span> 
     </span>
     <span class='ocr_line' id='line_1_29' title="bbox 278 3412 1362 3496; baseline 0.006 -18"><span class='ocrx_word' id='word_1_199' title='bbox 278 3415 380 3478; x_wconf 89' lang='lat' dir='ltr'><strong>tensis</strong></span> <span class='ocrx_word' id='word_1_200' title='bbox 403 3413 525 3478; x_wconf 91' lang='lat' dir='ltr'><strong>ordinis</strong></span> <span class='ocrx_word' id='word_1_201' title='bbox 549 3429 586 3476; x_wconf 89' lang='lat' dir='ltr'><strong>ae</strong></span> <span class='ocrx_word' id='word_1_202' title='bbox 604 3412 758 3476; x_wconf 93' lang='lat' dir='ltr'><strong>decanum</strong></span> <span class='ocrx_word' id='word_1_203' title='bbox 776 3413 914 3477; x_wconf 88' lang='lat' dir='ltr'><strong>ecclesie</strong></span> <span class='ocrx_word' id='word_1_204' title='bbox 930 3414 1030 3494; x_wconf 87' lang='lat' dir='ltr'><strong>sanctj</strong></span> <span class='ocrx_word' id='word_1_205' title='bbox 1051 3413 1132 3496; x_wconf 78' lang='lat' dir='ltr'><strong>Petrj</strong></span> <span class='ocrx_word' id='word_1_206' title='bbox 1150 3415 1362 3484; x_wconf 87' lang='lat' dir='ltr'><strong>Louaniensis</strong></span> 
     </span>
     <span class='ocr_line' id='line_1_30' title="bbox 279 3511 1362 3598; baseline 0.003 -20"><span class='ocrx_word' id='word_1_207' title='bbox 279 3515 400 3596; x_wconf 89' lang='lat' dir='ltr'><strong>pridem</strong></span> <span class='ocrx_word' id='word_1_208' title='bbox 418 3514 455 3577; x_wconf 90' lang='lat' dir='ltr'><strong>ad</strong></span> <span class='ocrx_word' id='word_1_209' title='bbox 473 3511 737 3592; x_wconf 87' lang='lat' dir='ltr'><strong>supplicationem</strong></span> <span class='ocrx_word' id='word_1_210' title='bbox 754 3512 896 3592; x_wconf 84' lang='lat' dir='ltr'><strong>gloriose</strong></span> <span class='ocrx_word' id='word_1_211' title='bbox 914 3513 1065 3578; x_wconf 89' lang='lat' dir='ltr'><strong>memorie</strong></span> <span class='ocrx_word' id='word_1_212' title='bbox 1086 3515 1191 3597; x_wconf 82' lang='lat' dir='ltr'><strong>llarotj</strong></span> <span class='ocrx_word' id='word_1_213' title='bbox 1217 3519 1362 3598; x_wconf 85' lang='lat' dir='ltr'><strong>Burgun-</strong></span> 
     </span>
     <span class='ocr_line' id='line_1_31' title="bbox 277 3609 1362 3695; baseline 0.006 -19"><span class='ocrx_word' id='word_1_214' title='bbox 277 3613 329 3678; x_wconf 91' lang='lat' dir='ltr'><strong>die</strong></span> <span class='ocrx_word' id='word_1_215' title='bbox 352 3609 519 3675; x_wconf 87' lang='lat' dir='ltr'><strong>Brabantie</strong></span> <span class='ocrx_word' id='word_1_216' title='bbox 542 3617 604 3674; x_wconf 90' lang='lat' dir='ltr'><strong>etc.</strong></span> <span class='ocrx_word' id='word_1_217' title='bbox 621 3609 713 3674; x_wconf 90' lang='lat' dir='ltr'><strong>ducis</strong></span> <span class='ocrx_word' id='word_1_218' title='bbox 736 3611 878 3676; x_wconf 91' lang='lat' dir='ltr'><strong>eiusdem</strong></span> <span class='ocrx_word' id='word_1_219' title='bbox 902 3611 1110 3676; x_wconf 78' lang='lat' dir='ltr'><strong>celsitudinis</strong></span> <span class='ocrx_word' id='word_1_220' title='bbox 1138 3615 1189 3695; x_wconf 87' lang='lat' dir='ltr'><strong>auj</strong></span> <span class='ocrx_word' id='word_1_221' title='bbox 1214 3616 1307 3681; x_wconf 90' lang='lat' dir='ltr'><strong>datos</strong></span> <span class='ocrx_word' id='word_1_222' title='bbox 1329 3627 1362 3682; x_wconf 89' lang='lat' dir='ltr'><strong>el</strong></span> 
     </span>
     <span class='ocr_line' id='line_1_32' title="bbox 277 3709 1359 3796; baseline 0.005 -21"><span class='ocrx_word' id='word_1_223' title='bbox 277 3711 447 3791; x_wconf 88' lang='lat' dir='ltr'><strong>deputatos</strong></span> <span class='ocrx_word' id='word_1_224' title='bbox 470 3709 543 3774; x_wconf 91' lang='lat' dir='ltr'><strong>licet</strong></span> <span class='ocrx_word' id='word_1_225' title='bbox 564 3709 685 3790; x_wconf 87' lang='lat' dir='ltr'><strong>jnlerca</strong></span> <span class='ocrx_word' id='word_1_226' title='bbox 710 3719 878 3774; x_wconf 88' lang='lat' dir='ltr'><strong>reuocatos</strong></span> <span class='ocrx_word' id='word_1_227' title='bbox 905 3710 944 3773; x_wconf 92' lang='lat' dir='ltr'><strong>ab</strong></span> <span class='ocrx_word' id='word_1_228' title='bbox 971 3712 1148 3791; x_wconf 87' lang='lat' dir='ltr'><strong>apostolica</strong></span> <span class='ocrx_word' id='word_1_229' title='bbox 1174 3714 1253 3780; x_wconf 92' lang='lat' dir='ltr'><strong>sede</strong></span> <span class='ocrx_word' id='word_1_230' title='bbox 1274 3715 1359 3796; x_wconf 82' lang='lat' dir='ltr'><strong>jnlra</strong></span> 
     </span>
     <span class='ocr_line' id='line_1_33' title="bbox 276 3808 1360 3895; baseline 0.006 -22"><span class='ocrx_word' id='word_1_231' title='bbox 276 3819 433 3875; x_wconf 90' lang='lat' dir='ltr'><strong>semestre</strong></span> <span class='ocrx_word' id='word_1_232' title='bbox 457 3808 646 3889; x_wconf 88' lang='lat' dir='ltr'><strong>proximum,</strong></span> <span class='ocrx_word' id='word_1_233' title='bbox 664 3819 816 3890; x_wconf 83' lang='lat' dir='ltr'><strong>quatrtum</strong></span> <span class='ocrx_word' id='word_1_234' title='bbox 834 3809 867 3890; x_wconf 84' lang='lat' dir='ltr'><strong>jn</strong></span> <span class='ocrx_word' id='word_1_235' title='bbox 887 3809 979 3874; x_wconf 91' lang='lat' dir='ltr'><strong>nobis</strong></span> <span class='ocrx_word' id='word_1_236' title='bbox 996 3809 1067 3884; x_wconf 91' lang='lat' dir='ltr'><strong>erit,</strong></span> <span class='ocrx_word' id='word_1_237' title='bbox 1086 3811 1125 3876; x_wconf 93' lang='lat' dir='ltr'><strong>de</strong></span> <span class='ocrx_word' id='word_1_238' title='bbox 1143 3828 1227 3878; x_wconf 91' lang='lat' dir='ltr'><strong>nouo</strong></span> <span class='ocrx_word' id='word_1_239' title='bbox 1243 3813 1310 3895; x_wconf 85' lang='lat' dir='ltr'><strong>darj</strong></span> <span class='ocrx_word' id='word_1_240' title='bbox 1328 3823 1360 3879; x_wconf 90' lang='lat' dir='ltr'><strong>el</strong></span> 
     </span>
    </p>
   </div>
   <div class='ocr_carea' id='block_1_6' title="bbox 273 4031 1355 4288">
    <p class='ocr_par' dir='ltr' id='par_1_6' title="bbox 273 4031 1355 4288">
     <span class='ocr_line' id='line_1_34' title="bbox 310 4031 1355 4105; baseline 0.005 -19"><span class='ocrx_word' id='word_1_241' title='bbox 310 4032 347 4104; x_wconf 75' lang='lat' dir='ltr'><strong>ll)</strong></span> <span class='ocrx_word' id='word_1_242' title='bbox 366 4033 404 4086; x_wconf 82' lang='lat' dir='ltr'><strong>La</strong></span> <span class='ocrx_word' id='word_1_243' title='bbox 424 4031 518 4087; x_wconf 79' lang='lat' dir='ltr'><strong>charte</strong></span> <span class='ocrx_word' id='word_1_244' title='bbox 538 4033 571 4087; x_wconf 92' lang='lat' dir='ltr'><strong>de</strong></span> <span class='ocrx_word' id='word_1_245' title='bbox 593 4031 721 4103; x_wconf 85' lang='lat' dir='ltr'><strong>Philipps</strong></span> <span class='ocrx_word' id='word_1_246' title='bbox 742 4033 768 4086; x_wconf 87' lang='lat' dir='ltr'><strong>le</strong></span> <span class='ocrx_word' id='word_1_247' title='bbox 788 4034 873 4096; x_wconf 81' lang='lat' dir='ltr'><strong>Boou,</strong></span> <span class='ocrx_word' id='word_1_248' title='bbox 889 4051 942 4105; x_wconf 91' lang='lat' dir='ltr'><strong>que</strong></span> <span class='ocrx_word' id='word_1_249' title='bbox 962 4051 1031 4089; x_wconf 86' lang='lat' dir='ltr'><strong>nous</strong></span> <span class='ocrx_word' id='word_1_250' title='bbox 1052 4036 1177 4090; x_wconf 90' lang='lat' dir='ltr'><strong>donnons</strong></span> <span class='ocrx_word' id='word_1_251' title='bbox 1195 4036 1355 4102; x_wconf 84' lang='lat' dir='ltr'><strong>ci-dessous‚</strong></span> 
     </span>
     <span class='ocr_line' id='line_1_35' title="bbox 273 4121 883 4192; baseline 0.007 -16"><span class='ocrx_word' id='word_1_252' title='bbox 273 4125 365 4192; x_wconf 81' lang='lat' dir='ltr'><strong>ajoule</strong></span> <span class='ocrx_word' id='word_1_253' title='bbox 379 4121 413 4176; x_wconf 93' lang='lat' dir='ltr'><strong>ici</strong></span> <span class='ocrx_word' id='word_1_254' title='bbox 429 4124 468 4177; x_wconf 85' lang='lat' dir='ltr'><strong>les</strong></span> <span class='ocrx_word' id='word_1_255' title='bbox 483 4128 553 4178; x_wconf 86' lang='lat' dir='ltr'><strong>mols</strong></span> <span class='ocrx_word' id='word_1_256' title='bbox 570 4142 576 4177; x_wconf 92' lang='lat'><strong>:</strong></span> <span class='ocrx_word' id='word_1_257' title='bbox 593 4123 748 4178; x_wconf 83' lang='lat' dir='ltr'><strong>Lecdierrsls</strong></span> <span class='ocrx_word' id='word_1_258' title='bbox 762 4129 883 4180; x_wconf 83' lang='lat' dir='ltr'><strong>diocesis.</strong></span> 
     </span>
     <span class='ocr_line' id='line_1_36' title="bbox 308 4212 1025 4288; baseline 0.011 -22"><span class='ocrx_word' id='word_1_259' title='bbox 308 4213 344 4288; x_wconf 75' lang='grc'><strong>(2)</strong></span> <span class='ocrx_word' id='word_1_260' title='bbox 365 4214 402 4269; x_wconf 86' lang='lat' dir='ltr'><strong>La</strong></span> <span class='ocrx_word' id='word_1_261' title='bbox 416 4213 510 4270; x_wconf 83' lang='lat' dir='ltr'><strong>charla</strong></span> <span class='ocrx_word' id='word_1_262' title='bbox 523 4213 613 4269; x_wconf 87' lang='lat' dir='ltr'><strong>donne</strong></span> <span class='ocrx_word' id='word_1_263' title='bbox 626 4212 661 4268; x_wconf 88' lang='lat' dir='ltr'><strong>ici</strong></span> <span class='ocrx_word' id='word_1_264' title='bbox 675 4213 847 4270; x_wconf 74' lang='lat' dir='ltr'><strong>erronbmeut</strong></span> <span class='ocrx_word' id='word_1_265' title='bbox 859 4221 1025 4274; x_wconf 82' lang='lat' dir='ltr'><strong>omnimodo.</strong></span> 
     </span>
    </p>
   </div>
   <div class='ocr_carea' id='block_1_7' title="bbox 0 0 1624 4946">
    <p class='ocr_par' dir='ltr' id='par_1_7' title="bbox 0 0 1624 4946">
     <span class='ocr_line' id='line_1_37' title="bbox 0 0 1624 4946; baseline 0 9"><span class='ocrx_word' id='word_1_266' title='bbox 0 0 1624 4946; x_wconf 95' lang='lat' dir='ltr'><strong> </strong></span> 
     </span>
    </p>
   </div>
  </div>
 </body>
</html>
