3240 4946
708 424 896 508 -sai-
976 488 980 512 .

299 649 312 688 v
332 649 345 686 a
366 624 479 692 Verum
497 633 619 706 postea,
632 642 705 690 cum
723 641 781 690 usu
798 634 830 690 et
842 624 1036 706 experientia
1050 625 1188 706 plurium
1201 625 1340 695 conser-

255 736 399 790 vatorum
445 742 522 790 usus
563 724 768 789 Vniversitati
808 724 971 790 videretur
1010 725 1147 800 inutilis,
1178 726 1340 810 abrogatis

255 823 399 905 reliquis,
419 841 515 888 unum
543 833 664 888 tantum
691 822 955 888 conservatorem
982 825 1121 890 retinere
1145 825 1283 907 placuit;
1309 838 1341 894 et

256 933 400 1004 potestas
425 921 673 1003 jurisdictioque
703 922 836 1002 reliquis
865 921 1155 990 conservatoribus
1193 927 1339 1009 adempta

257 1022 370 1102 partlm
405 1023 440 1084 li.
465 1020 607 1096 hectori,
632 1020 744 1100 partim
776 1019 812 1082 l).
837 1021 1060 1087 conservatori
1091 1023 1144 1103 qui
1175 1027 1339 1102 remansit,

256 1121 405 1186 attributa
430 1120 497 1184 fuit.
517 1119 617 1200 italus
640 1127 744 1183 tamen
762 1120 995 1186 incrementum
1013 1137 1048 1186 er
1064 1121 1272 1204 abrogatione
1288 1127 1341 1192 illa

258 1220 293 1283 ll.
311 1219 536 1285 conservatori
554 1235 647 1300 quam
664 1219 792 1283 Rectori
809 1221 957 1285 accessit.
975 1220 1051 1284 Nam
1068 1223 1211 1287 omnium
1228 1223 1341 1290 inhibi-

257 1321 391 1395 tionem,
408 1328 502 1400 atoue
525 1318 620 1384 etiam
643 1318 784 1384 omnium
809 1335 995 1384 caussarum
1012 1320 1240 1400 cognitionem,
1259 1341 1342 1406 quae

256 1435 273 1483 a
303 1419 509 1484 scholasticis
545 1427 657 1484 contra
694 1418 841 1483 forenses
877 1418 1100 1495 instituuntur,
1129 1437 1212 1501 quae
1253 1424 1341 1504 prius

256 1517 407 1582 omnibus
422 1533 610 1604 communes
622 1523 723 1589 erant,
738 1517 828 1581 solus
841 1516 1056 1582 conservator
1069 1518 1195 1586 retinet.
1211 1523 1342 1589 hectori

257 1626 362 1683 autem
382 1617 444 1682 hoc
467 1633 564 1682 unum
587 1614 735 1691 accessit,
755 1625 788 1680 ut
810 1617 1024 1681 scholasticus
1046 1633 1063 1680 a
1088 1617 1208 1684 forensi
1232 1638 1341 1686 coram

257 1716 490 1782 conservatore
525 1723 716 1790 conventus,
747 1715 925 1780 seeundum
964 1715 1162 1798 privilegium
1200 1721 1341 1800 optionis

256 1831 346 1890 suae,
364 1815 435 1881 loco
452 1815 588 1879 aliorum
605 1813 885 1890 conservatorum,
904 1815 1072 1880 Rectorem
1090 1819 1192 1897 possit
1208 1819 1340 1900 eligere.

260 1915 351 1990 Quod
380 1931 458 1980 sane
488 1913 638 1994 pusillum
669 1921 729 1989 est,
759 1913 922 1996 magisque
951 1915 1115 1980 inductum
1147 1917 1273 1983 videtur
1301 1922 1340 1983 ad

261 2013 518 2080 conservandum
543 2011 742 2094 privilegium
766 2011 932 2077 electionis
956 2013 1170 2089 scholaribus,
1190 2035 1284 2097 qnam
1303 2019 1342 2082 ad

260 2115 438 2194 augendam
458 2111 714 2193 jurisdictionem
739 2111 775 2175 ll.
794 2111 951 2185 hectoris,
969 2129 1042 2178 cum
1064 2115 1249 2180 rarissimus
1266 2135 1344 2184 usus

260 2213 397 2288 eveniat,
414 2227 478 2293 quo
494 2210 707 2276 scholasticus
725 2210 807 2292 apud
824 2211 860 2274 l).
879 2212 1145 2278 conservatorem
1166 2226 1345 2284 conventus

262 2311 323 2376 hoc
339 2310 496 2376 beneflcio
512 2309 651 2390 optionis
670 2309 712 2373 uti
729 2309 903 2375 desideret.

304 2431 317 2470 v
339 2431 352 2470 v
371 2409 409 2474 lit
433 2426 472 2475 ne
494 2408 566 2490 quis
590 2409 674 2473 circa
697 2407 779 2473 hanc
800 2410 1006 2476 mutationem
1023 2413 1344 2499 surrogationemque

262 2509 409 2574 Rectoris
422 2509 452 2571 in
466 2508 571 2572 locum
584 2507 866 2583 conservatorum,
877 2509 930 2590 qui
946 2517 1021 2573 sunt
1036 2511 1191 2593 abrogati,
1201 2514 1344 2582 divinare

261 2608 445 2682 arbitretur,
464 2606 681 2688 conjecturam
711 2605 805 2687 hujus
836 2608 1020 2672 mutationis
1050 2618 1081 2675 et
1110 2614 1345 2694 surrogationis

261 2706 405 2788 capimus
424 2723 461 2770 ev
480 2705 646 2788 privilegio
662 2706 803 2786 optionis
819 2706 850 2769 in
869 2717 1004 2788 utroque
1020 2707 1204 2790 diplomate,
1221 2713 1346 2778 scilicet

261 2805 485 2872 concessionis
523 2806 803 2880 conservatorum,
834 2815 866 2870 et
905 2806 987 2887 eius,
1018 2823 1081 2889 quo
1122 2811 1254 2875 vetitum
1295 2822 1346 2878 est

261 2904 446 2969 forensibus
473 2903 685 2968 scholasticos
712 2921 750 2968 ex
774 2905 913 2968 tovanio
936 2921 1082 2971 evocare.
1101 2907 1189 2984 Quod
1215 2910 1343 2992 quidem

262 3001 402 3082 optionis
433 3000 634 3081 privilegium
666 3017 728 3064 non
759 3010 810 3066 est
838 3002 1013 3068 verisimile
1045 3004 1183 3085 maiores
1214 3018 1343 3074 nostros

263 3100 404 3166 voluisse
420 3099 515 3164 simul
533 3115 604 3164 eum
622 3100 823 3164 multitudine
839 3101 1109 3167 conservatorum
1125 3105 1284 3185 deperire.

305 3222 318 3258 n
339 3223 353 3261 ι
373 3199 409 3264 Et
426 3201 487 3264 hoe
503 3199 702 3262 manifestius
718 3215 755 3264 ex
772 3215 811 3263 eo
827 3201 1019 3274 ostenditur,
1037 3203 1121 3282 quod
1142 3204 1172 3266 in
1196 3206 1342 3281 formula,
1419 3245 1425 3258 ·

261 3316 343 3382 quae
365 3299 481 3364 litteris
506 3297 540 3360 n.
559 3297 803 3362 Conservatoris
826 3299 1004 3363 secundum
1027 3309 1170 3366 tenorem
1189 3303 1344 3387 privilegii

261 3399 360 3464 inseri
377 3407 426 3464 est
442 3397 546 3472 solita,
565 3407 595 3461 et
611 3413 691 3477 quae
709 3413 800 3461 usum
820 3397 960 3476 optionis
983 3398 1086 3464 adhuc
1109 3399 1205 3467 hodie
1228 3402 1346 3470 durare

260 3497 430 3579 significat,
449 3507 522 3578 post
545 3495 787 3577 abrogationem
811 3497 896 3559 illam
921 3497 1116 3578 reliquorum
1133 3499 1346 3568 conservato-

260 3613 342 3673 rum,
368 3597 439 3661 loeo
470 3611 581 3661 eorum
613 3611 728 3659 nomen
758 3594 905 3659 Rectoris
936 3597 1009 3675 poni
1042 3599 1248 3664 consueverit
1283 3603 1346 3667 hoc

261 3698 357 3761 modo
374 3717 382 3757 r
402 3695 572 3759 Dummodo
588 3711 690 3757 coram
706 3694 793 3756 nobis
808 3701 861 3757 unt
878 3695 977 3758 dictae
995 3695 1205 3760 Vniueraitntia
1217 3699 1345 3764 flectcre

258 3797 388 3876 sinpnft's
412 3796 448 3858 de
463 3814 495 3858 ae
510 3793 742 3876 querelantibus
756 3801 883 3875 patulos
899 3794 1061 3858 exhibeant
1073 3803 1157 3860 afore
1164 3799 1241 3878 juri.
1259 3799 1345 3873 Quae

259 3895 388 3976 quidem
417 3911 496 3958 nova
526 3893 661 3958 l'ormula
687 3894 915 3973 comprobatur
942 3911 998 3973 per
1024 3895 1159 3973 plurima
1189 3898 1345 3978 exempla,

259 4010 340 4074 quae
379 3993 490 4072 partim
529 3991 559 4054 in
589 3991 670 4054 actis
708 4007 854 4065 caussae,
878 3999 910 4056 et
943 3992 1042 4058 multo
1071 3993 1166 4058 latius
1196 3994 1228 4058 in
1259 4007 1346 4062 certa

259 4091 531 4156 informationem
548 4090 609 4155 hoc
625 4097 780 4170 concepta
802 4099 833 4154 et
856 4090 1020 4154 adsessori
1045 4091 1081 4154 fl.
1099 4091 1345 4160 conservatoris

258 4189 491 4256 communicata
511 4187 745 4270 comprehensa
762 4195 850 4264 sunt,
867 4188 1057 4270 longissimo
1073 4205 1179 4256 rernm
1198 4209 1270 4270 usu,
1287 4193 1342 4276 qui
