<?xml version="1.0" encoding="UTF-8"?>
<!DOCTYPE html PUBLIC "-//W3C//DTD XHTML 1.0 Transitional//EN"
    "http://www.w3.org/TR/xhtml1/DTD/xhtml1-transitional.dtd">
<html xmlns="http://www.w3.org/1999/xhtml" xml:lang="en" lang="en">
 <head>
  <title>
</title>
<meta http-equiv="Content-Type" content="text/html;charset=utf-8" />
  <meta name='ocr-system' content='tesseract 3.04.00' />
  <meta name='ocr-capabilities' content='ocr_page ocr_carea ocr_par ocr_line ocrx_word'/>
</head>
<body>
  <div class='ocr_page' id='page_1' title='image "./documentsrelati00reusgoog_0172.png"; bbox 0 0 3100 4942; ppageno 0'>
   <div class='ocr_carea' id='block_1_1' title="bbox 733 335 918 582">
    <p class='ocr_par' dir='ltr' id='par_1_1' title="bbox 733 335 918 582">
     <span class='ocr_line' id='line_1_1' title="bbox 733 335 918 402; baseline 0 -18"><span class='ocrx_word' id='word_1_1' title='bbox 733 371 773 384; x_wconf 90' lang='lat'><em>-</em></span> <span class='ocrx_word' id='word_1_2' title='bbox 796 335 856 402; x_wconf 72' lang='lat'><strong>100</strong></span> <span class='ocrx_word' id='word_1_3' title='bbox 877 371 918 384; x_wconf 92' lang='lat'><strong>..</strong></span> 
     </span>
     <span class='ocr_line' id='line_1_2' title="bbox 793 515 858 582; baseline 0.031 -2"><span class='ocrx_word' id='word_1_4' title='bbox 793 515 858 582; x_wconf 79' lang='lat' dir='ltr'><strong>Vll.</strong></span> 
     </span>
    </p>
   </div>
   <div class='ocr_carea' id='block_1_2' title="bbox 278 659 1368 1246">
    <p class='ocr_par' dir='ltr' id='par_1_2' title="bbox 278 659 1365 949">
     <span class='ocr_line' id='line_1_3' title="bbox 278 659 1362 748; baseline -0.013 -12"><span class='ocrx_word' id='word_1_5' title='bbox 278 672 359 736; x_wconf 72' lang='lat' dir='ltr'><strong>icon</strong></span> <span class='ocrx_word' id='word_1_6' title='bbox 374 671 412 734; x_wconf 81' lang='lat' dir='ltr'><strong>tie</strong></span> <span class='ocrx_word' id='word_1_7' title='bbox 425 665 605 748; x_wconf 67' lang='lat' dir='ltr'><strong>Hecubam,</strong></span> <span class='ocrx_word' id='word_1_8' title='bbox 621 667 731 748; x_wconf 69' lang='lat' dir='ltr'><strong>orione</strong></span> <span class='ocrx_word' id='word_1_9' title='bbox 745 667 783 730; x_wconf 76' lang='lat' dir='ltr'><strong>utu</strong></span> <span class='ocrx_word' id='word_1_10' title='bbox 798 666 902 746; x_wconf 67' lang='lat' dir='ltr'><strong>inope,</strong></span> <span class='ocrx_word' id='word_1_11' title='bbox 919 666 1020 729; x_wconf 76' lang='lat' dir='ltr'><strong>omitte</strong></span> <span class='ocrx_word' id='word_1_12' title='bbox 1035 681 1091 727; x_wconf 86' lang='lat' dir='ltr'><strong>son</strong></span> <span class='ocrx_word' id='word_1_13' title='bbox 1108 667 1330 726; x_wconf 82' lang='lat' dir='ltr'><strong>uortsoniement</strong></span> <span class='ocrx_word' id='word_1_14' title='bbox 1344 659 1362 722; x_wconf 84' lang='grc' dir='ltr'><em>ὰ</em></span> 
     </span>
     <span class='ocr_line' id='line_1_4' title="bbox 322 760 1364 850; baseline -0.011 -17"><span class='ocrx_word' id='word_1_15' title='bbox 322 769 583 850; x_wconf 85' lang='lat' dir='ltr'><strong>l&#39;incorporotion.</strong></span> <span class='ocrx_word' id='word_1_16' title='bbox 600 783 641 829; x_wconf 89' lang='lat' dir='ltr'><strong>ou</strong></span> <span class='ocrx_word' id='word_1_17' title='bbox 662 765 798 847; x_wconf 75' lang='lat' dir='ltr'><strong>conpitrs</strong></span> <span class='ocrx_word' id='word_1_18' title='bbox 818 766 855 829; x_wconf 80' lang='lat' dir='ltr'><strong>uio</strong></span> <span class='ocrx_word' id='word_1_19' title='bbox 874 763 1089 828; x_wconf 77' lang='lat' dir='ltr'><strong>Semi-Pione</strong></span> <span class='ocrx_word' id='word_1_20' title='bbox 1109 765 1128 825; x_wconf 85' lang='grc' dir='ltr'><em>ὰ</em></span> <span class='ocrx_word' id='word_1_21' title='bbox 1145 762 1299 834; x_wconf 80' lang='lat' dir='ltr'><strong>Louroin,</strong></span> <span class='ocrx_word' id='word_1_22' title='bbox 1314 760 1364 823; x_wconf 80' lang='lat' dir='ltr'><strong>ties</strong></span> 
     </span>
     <span class='ocr_line' id='line_1_5' title="bbox 322 859 1365 949; baseline -0.009 -18"><span class='ocrx_word' id='word_1_23' title='bbox 322 867 475 949; x_wconf 82' lang='lat' dir='ltr'><strong>poroimeu</strong></span> <span class='ocrx_word' id='word_1_24' title='bbox 496 867 534 929; x_wconf 79' lang='lat' dir='ltr'><strong>uie</strong></span> <span class='ocrx_word' id='word_1_25' title='bbox 555 863 741 938; x_wconf 78' lang='lat' dir='ltr'><strong>Neertnner,</strong></span> <span class='ocrx_word' id='word_1_26' title='bbox 759 863 985 936; x_wconf 69' lang='lat' dir='ltr'><strong>Hoeienduoem</strong></span> <span class='ocrx_word' id='word_1_27' title='bbox 1011 859 1314 926; x_wconf 67' lang='lat' dir='ltr'><strong>Coruum-onerem</strong></span> <span class='ocrx_word' id='word_1_28' title='bbox 1336 865 1365 922; x_wconf 85' lang='lat' dir='ltr'><strong>et</strong></span> 
     </span>
    </p>

    <p class='ocr_par' dir='ltr' id='par_1_3' title="bbox 298 959 1368 1246">
     <span class='ocr_line' id='line_1_6' title="bbox 298 959 1368 1046; baseline -0.009 -15"><span class='ocrx_word' id='word_1_29' title='bbox 298 969 302 975; x_wconf 82' lang='grc'><strong>’</strong></span> <span class='ocrx_word' id='word_1_30' title='bbox 325 965 464 1046; x_wconf 70' lang='grc' dir='ltr'><strong><em>Κηερεεὶ,</em></strong></span> <span class='ocrx_word' id='word_1_31' title='bbox 478 965 559 1028; x_wconf 83' lang='lat' dir='ltr'><strong>einai</strong></span> <span class='ocrx_word' id='word_1_32' title='bbox 574 981 632 1045; x_wconf 82' lang='lat' dir='ltr'><strong>que</strong></span> <span class='ocrx_word' id='word_1_33' title='bbox 647 963 684 1026; x_wconf 79' lang='lat' dir='ltr'><strong>tie</strong></span> <span class='ocrx_word' id='word_1_34' title='bbox 698 965 729 1026; x_wconf 87' lang='lat' dir='ltr'><strong>tu</strong></span> <span class='ocrx_word' id='word_1_35' title='bbox 742 963 883 1044; x_wconf 70' lang='lat' dir='ltr'><strong>piibonie</strong></span> <span class='ocrx_word' id='word_1_36' title='bbox 898 963 936 1026; x_wconf 76' lang='lat' dir='ltr'><strong>ute</strong></span> <span class='ocrx_word' id='word_1_37' title='bbox 949 961 1186 1032; x_wconf 76' lang='lat' dir='ltr'><strong>satur-Pteme.-</strong></span> <span class='ocrx_word' id='word_1_38' title='bbox 1201 959 1226 1024; x_wconf 86' lang='lat' dir='ltr'><strong>ii</strong></span> <span class='ocrx_word' id='word_1_39' title='bbox 1239 975 1368 1022; x_wconf 83' lang='lat' dir='ltr'><strong>ronuncc</strong></span> 
     </span>
     <span class='ocr_line' id='line_1_7' title="bbox 324 1057 1367 1143; baseline -0.008 -15"><span class='ocrx_word' id='word_1_40' title='bbox 324 1063 498 1128; x_wconf 79' lang='lat' dir='ltr'><strong>olobuiie</strong></span> <span class='ocrx_word' id='word_1_41' title='bbox 520 1064 557 1126; x_wconf 81' lang='lat' dir='ltr'><strong>uie</strong></span> <span class='ocrx_word' id='word_1_42' title='bbox 578 1063 748 1126; x_wconf 58' lang='lat' dir='ltr'><strong>truncationi</strong></span> <span class='ocrx_word' id='word_1_43' title='bbox 772 1061 846 1143; x_wconf 82' lang='lat' dir='ltr'><strong>qn&#39;ii</strong></span> <span class='ocrx_word' id='word_1_44' title='bbox 871 1063 952 1124; x_wconf 85' lang='lat' dir='ltr'><strong>uouit</strong></span> <span class='ocrx_word' id='word_1_45' title='bbox 980 1061 1107 1124; x_wconf 75' lang='lat' dir='ltr'><strong>obtentur</strong></span> <span class='ocrx_word' id='word_1_46' title='bbox 1134 1059 1175 1122; x_wconf 80' lang='lat' dir='ltr'><strong>riu</strong></span> <span class='ocrx_word' id='word_1_47' title='bbox 1207 1057 1367 1122; x_wconf 75' lang='lat' dir='ltr'><strong><em>souverain</em></strong></span> 
     </span>
     <span class='ocr_line' id='line_1_8' title="bbox 322 1157 1263 1246; baseline -0.009 -18"><span class='ocrx_word' id='word_1_48' title='bbox 322 1165 436 1246; x_wconf 71' lang='lat' dir='ltr'><strong>pontifc</strong></span> <span class='ocrx_word' id='word_1_49' title='bbox 449 1170 477 1226; x_wconf 83' lang='lat' dir='ltr'><strong>ot</strong></span> <span class='ocrx_word' id='word_1_50' title='bbox 492 1162 522 1225; x_wconf 88' lang='lat' dir='ltr'><strong>io</strong></span> <span class='ocrx_word' id='word_1_51' title='bbox 536 1161 593 1238; x_wconf 79' lang='lat' dir='ltr'><strong>soit</strong></span> <span class='ocrx_word' id='word_1_52' title='bbox 606 1167 747 1225; x_wconf 70' lang='lat' dir='ltr'><strong>tornense</strong></span> <span class='ocrx_word' id='word_1_53' title='bbox 762 1179 802 1223; x_wconf 88' lang='lat' dir='ltr'><strong>nu</strong></span> <span class='ocrx_word' id='word_1_54' title='bbox 817 1159 941 1241; x_wconf 73' lang='lat' dir='ltr'><strong>uiiipui</strong></span> <span class='ocrx_word' id='word_1_55' title='bbox 954 1160 992 1223; x_wconf 81' lang='lat' dir='ltr'><strong>tie</strong></span> <span class='ocrx_word' id='word_1_56' title='bbox 1007 1158 1198 1224; x_wconf 74' lang='lat' dir='ltr'><strong>iiinioersiti</strong></span> <span class='ocrx_word' id='word_1_57' title='bbox 1213 1157 1263 1236; x_wconf 74' lang='lat' dir='ltr'><strong>ti).</strong></span> 
     </span>
    </p>
   </div>
   <div class='ocr_carea' id='block_1_3' title="bbox 715 1310 943 1366">
    <p class='ocr_par' dir='ltr' id='par_1_4' title="bbox 715 1310 943 1366">
     <span class='ocr_line' id='line_1_9' title="bbox 715 1310 943 1366; baseline 0.004 -1"><span class='ocrx_word' id='word_1_58' title='bbox 715 1310 743 1366; x_wconf 87' lang='lat' dir='ltr'><strong>ll</strong></span> <span class='ocrx_word' id='word_1_59' title='bbox 767 1327 839 1364; x_wconf 74' lang='lat' dir='ltr'><strong>murs</strong></span> <span class='ocrx_word' id='word_1_60' title='bbox 863 1310 943 1366; x_wconf 77' lang='lat'><strong>14⁴5.</strong></span> 
     </span>
    </p>
   </div>
   <div class='ocr_carea' id='block_1_4' title="bbox 283 1431 1377 3778">
    <p class='ocr_par' dir='ltr' id='par_1_5' title="bbox 283 1431 1377 3778">
     <span class='ocr_line' id='line_1_10' title="bbox 299 1431 1370 1516; baseline -0.006 -16"><span class='ocrx_word' id='word_1_61' title='bbox 299 1449 303 1456; x_wconf 88' lang='lat'>·</span> <span class='ocrx_word' id='word_1_62' title='bbox 325 1436 489 1501; x_wconf 83' lang='lat' dir='ltr'><strong>iohannes</strong></span> <span class='ocrx_word' id='word_1_63' title='bbox 501 1433 552 1500; x_wconf 89' lang='lat' dir='ltr'><strong>dei</strong></span> <span class='ocrx_word' id='word_1_64' title='bbox 565 1434 665 1516; x_wconf 74' lang='lat' dir='ltr'><strong>gratie</strong></span> <span class='ocrx_word' id='word_1_65' title='bbox 682 1434 860 1515; x_wconf 80' lang='lat' dir='ltr'><strong>Episcopus</strong></span> <span class='ocrx_word' id='word_1_66' title='bbox 872 1433 1073 1508; x_wconf 82' lang='lat' dir='ltr'><strong>Leodiensis,</strong></span> <span class='ocrx_word' id='word_1_67' title='bbox 1089 1432 1157 1497; x_wconf 77' lang='lat' dir='ltr'><strong>Dux</strong></span> <span class='ocrx_word' id='word_1_68' title='bbox 1169 1431 1210 1497; x_wconf 90' lang='lat' dir='ltr'><strong>de</strong></span> <span class='ocrx_word' id='word_1_69' title='bbox 1223 1431 1370 1506; x_wconf 80' lang='lat' dir='ltr'><strong>Buliocn,</strong></span> 
     </span>
     <span class='ocr_line' id='line_1_11' title="bbox 283 1531 1370 1614; baseline -0.006 -13"><span class='ocrx_word' id='word_1_70' title='bbox 283 1544 317 1602; x_wconf 89' lang='lat' dir='ltr'><strong>et</strong></span> <span class='ocrx_word' id='word_1_71' title='bbox 332 1535 448 1601; x_wconf 87' lang='lat' dir='ltr'><strong>Comes</strong></span> <span class='ocrx_word' id='word_1_72' title='bbox 470 1533 643 1600; x_wconf 51' lang='lat' dir='ltr'><strong>[rossensis</strong></span> <span class='ocrx_word' id='word_1_73' title='bbox 665 1541 728 1598; x_wconf 88' lang='lat' dir='ltr'><strong>etc.</strong></span> <span class='ocrx_word' id='word_1_74' title='bbox 745 1532 791 1596; x_wconf 81' lang='lat' dir='ltr'><strong>Ad</strong></span> <span class='ocrx_word' id='word_1_75' title='bbox 816 1542 960 1614; x_wconf 74' lang='lat' dir='ltr'><strong>rogatum</strong></span> <span class='ocrx_word' id='word_1_76' title='bbox 983 1541 1015 1597; x_wconf 93' lang='lat' dir='ltr'><strong>et</strong></span> <span class='ocrx_word' id='word_1_77' title='bbox 1041 1531 1249 1597; x_wconf 80' lang='lat' dir='ltr'><strong>affectuosam</strong></span> <span class='ocrx_word' id='word_1_78' title='bbox 1272 1531 1370 1596; x_wconf 88' lang='lat' dir='ltr'><strong>inter·</strong></span> 
     </span>
     <span class='ocr_line' id='line_1_12' title="bbox 283 1629 1373 1713; baseline -0.004 -13"><span class='ocrx_word' id='word_1_79' title='bbox 283 1634 468 1701; x_wconf 79' lang='lat' dir='ltr'><strong>cessionem</strong></span> <span class='ocrx_word' id='word_1_80' title='bbox 482 1633 617 1698; x_wconf 80' lang='lat' dir='ltr'><strong>illustris</strong></span> <span class='ocrx_word' id='word_1_81' title='bbox 630 1631 785 1713; x_wconf 90' lang='lat' dir='ltr'><strong>principis</strong></span> <span class='ocrx_word' id='word_1_82' title='bbox 798 1631 918 1697; x_wconf 88' lang='lat' dir='ltr'><strong>domini</strong></span> <span class='ocrx_word' id='word_1_83' title='bbox 929 1631 1064 1713; x_wconf 78' lang='lat' dir='ltr'><strong>Philippi</strong></span> <span class='ocrx_word' id='word_1_84' title='bbox 1079 1631 1174 1696; x_wconf 82' lang='lat' dir='ltr'><strong>uocis</strong></span> <span class='ocrx_word' id='word_1_85' title='bbox 1189 1629 1373 1712; x_wconf 76' lang='lat' dir='ltr'><strong>Burgundio</strong></span> 
     </span>
     <span class='ocr_line' id='line_1_13' title="bbox 284 1729 1371 1813; baseline -0.006 -13"><span class='ocrx_word' id='word_1_86' title='bbox 284 1742 318 1800; x_wconf 87' lang='lat' dir='ltr'><strong>et</strong></span> <span class='ocrx_word' id='word_1_87' title='bbox 354 1732 530 1798; x_wconf 84' lang='lat' dir='ltr'><strong>Brabancic</strong></span> <span class='ocrx_word' id='word_1_88' title='bbox 564 1731 796 1813; x_wconf 80' lang='lat' dir='ltr'><strong>consanguinei</strong></span> <span class='ocrx_word' id='word_1_89' title='bbox 838 1730 953 1804; x_wconf 82' lang='lat' dir='ltr'><strong>nostri,</strong></span> <span class='ocrx_word' id='word_1_90' title='bbox 991 1747 1117 1796; x_wconf 86' lang='lat' dir='ltr'><strong>necnon</strong></span> <span class='ocrx_word' id='word_1_91' title='bbox 1155 1729 1371 1812; x_wconf 77' lang='lat' dir='ltr'><strong>Burgimugis-</strong></span> 
     </span>
     <span class='ocr_line' id='line_1_14' title="bbox 287 1828 1371 1911; baseline -0.002 -15"><span class='ocrx_word' id='word_1_92' title='bbox 287 1842 423 1904; x_wconf 89' lang='lat' dir='ltr'><strong>trorum,</strong></span> <span class='ocrx_word' id='word_1_93' title='bbox 440 1829 649 1896; x_wconf 81' lang='lat' dir='ltr'><strong>Scabinorum</strong></span> <span class='ocrx_word' id='word_1_94' title='bbox 666 1841 697 1896; x_wconf 89' lang='lat' dir='ltr'><strong>et</strong></span> <span class='ocrx_word' id='word_1_95' title='bbox 712 1828 887 1895; x_wconf 86' lang='lat' dir='ltr'><strong>Consulum</strong></span> <span class='ocrx_word' id='word_1_96' title='bbox 904 1828 996 1911; x_wconf 88' lang='lat' dir='ltr'><strong>0pidi</strong></span> <span class='ocrx_word' id='word_1_97' title='bbox 1014 1829 1225 1894; x_wconf 81' lang='lat' dir='ltr'><strong>Louaniensis</strong></span> <span class='ocrx_word' id='word_1_98' title='bbox 1248 1828 1371 1894; x_wconf 84' lang='lat' dir='ltr'><strong>iteratis</strong></span> 
     </span>
     <span class='ocr_line' id='line_1_15' title="bbox 286 1927 1373 2010; baseline -0.003 -15"><span class='ocrx_word' id='word_1_99' title='bbox 286 1930 412 1995; x_wconf 84' lang='lat' dir='ltr'><strong>vicibus</strong></span> <span class='ocrx_word' id='word_1_100' title='bbox 435 1929 530 2005; x_wconf 83' lang='lat' dir='ltr'><strong>iacta,</strong></span> <span class='ocrx_word' id='word_1_101' title='bbox 546 1929 797 2010; x_wconf 87' lang='lat' dir='ltr'><strong>incorporationi</strong></span> <span class='ocrx_word' id='word_1_102' title='bbox 825 1928 1073 2008; x_wconf 73' lang='lat' dir='ltr'><strong>parrochianum</strong></span> <span class='ocrx_word' id='word_1_103' title='bbox 1098 1927 1310 1994; x_wconf 83' lang='lat' dir='ltr'><strong>ecciesiarum</strong></span> <span class='ocrx_word' id='word_1_104' title='bbox 1332 1927 1373 1992; x_wconf 86' lang='lat' dir='ltr'><strong>dc</strong></span> 
     </span>
     <span class='ocr_line' id='line_1_16' title="bbox 289 2025 1370 2105; baseline -0.002 -11"><span class='ocrx_word' id='word_1_105' title='bbox 289 2029 451 2105; x_wconf 65' lang='lat' dir='ltr'><strong>Lictoris,</strong></span> <span class='ocrx_word' id='word_1_106' title='bbox 491 2028 709 2104; x_wconf 81' lang='lat' dir='ltr'><strong>Hekendouei,</strong></span> <span class='ocrx_word' id='word_1_107' title='bbox 746 2028 904 2094; x_wconf 85' lang='lat' dir='ltr'><strong>Gortbeke</strong></span> <span class='ocrx_word' id='word_1_108' title='bbox 943 2027 1091 2100; x_wconf 84' lang='lat' dir='ltr'><strong>Ouerioc.</strong></span> <span class='ocrx_word' id='word_1_109' title='bbox 1130 2043 1167 2091; x_wconf 87' lang='lat' dir='ltr'><strong>uc</strong></span> <span class='ocrx_word' id='word_1_110' title='bbox 1208 2025 1370 2100; x_wconf 81' lang='lat' dir='ltr'><strong>Knexeiie.</strong></span> 
     </span>
     <span class='ocr_line' id='line_1_17' title="bbox 288 2125 1372 2208; baseline -0.004 -16"><span class='ocrx_word' id='word_1_111' title='bbox 288 2143 413 2194; x_wconf 90' lang='lat' dir='ltr'><strong>necnon</strong></span> <span class='ocrx_word' id='word_1_112' title='bbox 440 2126 586 2207; x_wconf 88' lang='lat' dir='ltr'><strong>plebanie</strong></span> <span class='ocrx_word' id='word_1_113' title='bbox 614 2127 824 2193; x_wconf 79' lang='lat' dir='ltr'><strong>Louaniecsis</strong></span> <span class='ocrx_word' id='word_1_114' title='bbox 851 2135 961 2192; x_wconf 87' lang='lat' dir='ltr'><strong>nostre</strong></span> <span class='ocrx_word' id='word_1_115' title='bbox 984 2125 1125 2191; x_wconf 90' lang='lat' dir='ltr'><strong>diocesis</strong></span> <span class='ocrx_word' id='word_1_116' title='bbox 1149 2142 1205 2208; x_wconf 90' lang='lat' dir='ltr'><strong>per</strong></span> <span class='ocrx_word' id='word_1_117' title='bbox 1232 2125 1372 2190; x_wconf 86' lang='lat' dir='ltr'><strong>Sanctis·</strong></span> 
     </span>
     <span class='ocr_line' id='line_1_18' title="bbox 286 2224 1370 2308; baseline -0.003 -15"><span class='ocrx_word' id='word_1_118' title='bbox 286 2227 405 2293; x_wconf 87' lang='lat' dir='ltr'><strong>simum</strong></span> <span class='ocrx_word' id='word_1_119' title='bbox 423 2225 591 2290; x_wconf 83' lang='lat' dir='ltr'><strong>Dominum</strong></span> <span class='ocrx_word' id='word_1_120' title='bbox 608 2225 784 2308; x_wconf 79' lang='lat' dir='ltr'><strong>Eugenium</strong></span> <span class='ocrx_word' id='word_1_121' title='bbox 802 2242 914 2307; x_wconf 86' lang='lat' dir='ltr'><strong>papam</strong></span> <span class='ocrx_word' id='word_1_122' title='bbox 932 2224 1133 2302; x_wconf 87' lang='lat' dir='ltr'><strong>modernum,</strong></span> <span class='ocrx_word' id='word_1_123' title='bbox 1146 2225 1184 2289; x_wconf 88' lang='lat' dir='ltr'><strong>ad</strong></span> <span class='ocrx_word' id='word_1_124' title='bbox 1203 2225 1370 2290; x_wconf 74' lang='lat' dir='ltr'><strong>utilitatem</strong></span> 
     </span>
     <span class='ocr_line' id='line_1_19' title="bbox 290 2323 1371 2406; baseline -0.002 -16"><span class='ocrx_word' id='word_1_125' title='bbox 290 2325 513 2406; x_wconf 70' lang='lat' dir='ltr'><strong>magistrorum</strong></span> <span class='ocrx_word' id='word_1_126' title='bbox 530 2337 560 2389; x_wconf 85' lang='lat' dir='ltr'><strong>et</strong></span> <span class='ocrx_word' id='word_1_127' title='bbox 577 2323 749 2390; x_wconf 81' lang='lat' dir='ltr'><strong>Doctorum</strong></span> <span class='ocrx_word' id='word_1_128' title='bbox 771 2325 802 2387; x_wconf 91' lang='lat' dir='ltr'><strong>io</strong></span> <span class='ocrx_word' id='word_1_129' title='bbox 822 2333 930 2389; x_wconf 86' lang='lat' dir='ltr'><strong>nostra</strong></span> <span class='ocrx_word' id='word_1_130' title='bbox 952 2323 1161 2390; x_wconf 86' lang='lat' dir='ltr'><strong>uniuersitate</strong></span> <span class='ocrx_word' id='word_1_131' title='bbox 1179 2324 1371 2390; x_wconf 88' lang='lat' dir='ltr'><strong>Louaniensi</strong></span> 
     </span>
     <span class='ocr_line' id='line_1_20' title="bbox 287 2421 1371 2506; baseline -0.004 -16"><span class='ocrx_word' id='word_1_132' title='bbox 287 2423 433 2490; x_wconf 88' lang='lat' dir='ltr'><strong>ciusdem</strong></span> <span class='ocrx_word' id='word_1_133' title='bbox 457 2429 567 2488; x_wconf 88' lang='lat' dir='ltr'><strong>nostre</strong></span> <span class='ocrx_word' id='word_1_134' title='bbox 583 2421 722 2490; x_wconf 88' lang='lat' dir='ltr'><strong>diocesis</strong></span> <span class='ocrx_word' id='word_1_135' title='bbox 746 2438 803 2504; x_wconf 85' lang='lat' dir='ltr'><strong>pro</strong></span> <span class='ocrx_word' id='word_1_136' title='bbox 820 2433 965 2504; x_wconf 87' lang='lat' dir='ltr'><strong>tempore</strong></span> <span class='ocrx_word' id='word_1_137' title='bbox 988 2421 1160 2506; x_wconf 79' lang='lat' dir='ltr'><strong>legentium</strong></span> <span class='ocrx_word' id='word_1_138' title='bbox 1184 2440 1241 2488; x_wconf 88' lang='lat' dir='ltr'><strong>seu</strong></span> <span class='ocrx_word' id='word_1_139' title='bbox 1259 2438 1371 2504; x_wconf 76' lang='lat' dir='ltr'><strong>repen-</strong></span> 
     </span>
     <span class='ocr_line' id='line_1_21' title="bbox 289 2521 1372 2604; baseline 0 -16"><span class='ocrx_word' id='word_1_140' title='bbox 289 2522 380 2597; x_wconf 83' lang='lat' dir='ltr'><strong>tium,</strong></span> <span class='ocrx_word' id='word_1_141' title='bbox 406 2532 501 2603; x_wconf 92' lang='lat' dir='ltr'><strong>prout</strong></span> <span class='ocrx_word' id='word_1_142' title='bbox 526 2521 558 2584; x_wconf 91' lang='lat' dir='ltr'><strong>io</strong></span> <span class='ocrx_word' id='word_1_143' title='bbox 581 2521 698 2586; x_wconf 87' lang='lat' dir='ltr'><strong>litteris</strong></span> <span class='ocrx_word' id='word_1_144' title='bbox 720 2522 908 2602; x_wconf 86' lang='lat' dir='ltr'><strong>apostolicis</strong></span> <span class='ocrx_word' id='word_1_145' title='bbox 934 2522 1072 2604; x_wconf 85' lang='lat' dir='ltr'><strong>desuper</strong></span> <span class='ocrx_word' id='word_1_146' title='bbox 1096 2521 1253 2604; x_wconf 86' lang='lat' dir='ltr'><strong>expeditis</strong></span> <span class='ocrx_word' id='word_1_147' title='bbox 1276 2521 1372 2588; x_wconf 83' lang='lat' dir='ltr'><strong>iatius</strong></span> 
     </span>
     <span class='ocr_line' id='line_1_22' title="bbox 288 2619 1373 2705; baseline -0.001 -19"><span class='ocrx_word' id='word_1_148' title='bbox 288 2620 474 2686; x_wconf 87' lang='lat' dir='ltr'><strong>continetur</strong></span> <span class='ocrx_word' id='word_1_149' title='bbox 487 2619 579 2696; x_wconf 83' lang='lat' dir='ltr'><strong>iacto,</strong></span> <span class='ocrx_word' id='word_1_150' title='bbox 590 2629 720 2685; x_wconf 90' lang='lat' dir='ltr'><strong>nostros</strong></span> <span class='ocrx_word' id='word_1_151' title='bbox 732 2637 929 2686; x_wconf 77' lang='lat' dir='ltr'><strong>consensum</strong></span> <span class='ocrx_word' id='word_1_152' title='bbox 941 2621 1014 2705; x_wconf 83' lang='lat' dir='ltr'><strong>(sio)</strong></span> <span class='ocrx_word' id='word_1_153' title='bbox 1029 2621 1146 2702; x_wconf 88' lang='lat' dir='ltr'><strong>puriter</strong></span> <span class='ocrx_word' id='word_1_154' title='bbox 1157 2631 1189 2686; x_wconf 88' lang='lat' dir='ltr'><strong>et</strong></span> <span class='ocrx_word' id='word_1_155' title='bbox 1204 2636 1373 2688; x_wconf 86' lang='lat' dir='ltr'><strong>assensum</strong></span> 
     </span>
     <span class='ocr_line' id='line_1_23' title="bbox 293 2717 1374 2801; baseline 0 -17"><span class='ocrx_word' id='word_1_156' title='bbox 293 2736 351 2800; x_wconf 92' lang='lat' dir='ltr'><strong>pro</strong></span> <span class='ocrx_word' id='word_1_157' title='bbox 368 2717 460 2782; x_wconf 89' lang='lat' dir='ltr'><strong>nobis</strong></span> <span class='ocrx_word' id='word_1_158' title='bbox 483 2727 514 2783; x_wconf 87' lang='lat' dir='ltr'><strong>et</strong></span> <span class='ocrx_word' id='word_1_159' title='bbox 536 2719 657 2784; x_wconf 89' lang='lat' dir='ltr'><strong>nostris</strong></span> <span class='ocrx_word' id='word_1_160' title='bbox 680 2720 928 2785; x_wconf 88' lang='lat' dir='ltr'><strong>successoribus</strong></span> <span class='ocrx_word' id='word_1_161' title='bbox 944 2720 1147 2797; x_wconf 85' lang='lat' dir='ltr'><strong>adhibemus,</strong></span> <span class='ocrx_word' id='word_1_162' title='bbox 1165 2719 1374 2801; x_wconf 85' lang='lat' dir='ltr'><strong>contentique</strong></span> 
     </span>
     <span class='ocr_line' id='line_1_24' title="bbox 291 2817 1375 2901; baseline 0.002 -19"><span class='ocrx_word' id='word_1_163' title='bbox 291 2833 404 2882; x_wconf 89' lang='lat' dir='ltr'><strong>sumus</strong></span> <span class='ocrx_word' id='word_1_164' title='bbox 427 2825 458 2881; x_wconf 93' lang='lat' dir='ltr'><strong>et</strong></span> <span class='ocrx_word' id='word_1_165' title='bbox 481 2817 676 2898; x_wconf 79' lang='lat' dir='ltr'><strong>presentium</strong></span> <span class='ocrx_word' id='word_1_166' title='bbox 698 2827 810 2884; x_wconf 88' lang='lat' dir='ltr'><strong>tenore</strong></span> <span class='ocrx_word' id='word_1_167' title='bbox 832 2820 1053 2884; x_wconf 88' lang='lat' dir='ltr'><strong>consentimus</strong></span> <span class='ocrx_word' id='word_1_168' title='bbox 1070 2818 1156 2901; x_wconf 86' lang='lat' dir='ltr'><strong>quod</strong></span> <span class='ocrx_word' id='word_1_169' title='bbox 1175 2817 1264 2882; x_wconf 79' lang='lat' dir='ltr'><strong>Bulla</strong></span> <span class='ocrx_word' id='word_1_170' title='bbox 1281 2835 1375 2884; x_wconf 89' lang='lat' dir='ltr'><strong>reuo-</strong></span> 
     </span>
     <span class='ocr_line' id='line_1_25' title="bbox 290 2915 1376 2999; baseline 0.003 -18"><span class='ocrx_word' id='word_1_171' title='bbox 290 2915 429 2981; x_wconf 88' lang='lat' dir='ltr'><strong>cationis</strong></span> <span class='ocrx_word' id='word_1_172' title='bbox 441 2916 625 2981; x_wconf 87' lang='lat' dir='ltr'><strong>huiusmodi</strong></span> <span class='ocrx_word' id='word_1_173' title='bbox 642 2917 912 2998; x_wconf 88' lang='lat' dir='ltr'><strong>incorporationis</strong></span> <span class='ocrx_word' id='word_1_174' title='bbox 929 2935 1030 2998; x_wconf 89' lang='lat' dir='ltr'><strong>nuper</strong></span> <span class='ocrx_word' id='word_1_175' title='bbox 1047 2935 1103 2999; x_wconf 89' lang='lat' dir='ltr'><strong>per</strong></span> <span class='ocrx_word' id='word_1_176' title='bbox 1115 2918 1262 2984; x_wconf 85' lang='lat' dir='ltr'><strong>eumdem</strong></span> <span class='ocrx_word' id='word_1_177' title='bbox 1279 2918 1376 2984; x_wconf 90' lang='lat' dir='ltr'><strong>Sanc·</strong></span> 
     </span>
     <span class='ocr_line' id='line_1_26' title="bbox 292 3013 1374 3084; baseline 0.003 -5"><span class='ocrx_word' id='word_1_178' title='bbox 292 3013 453 3079; x_wconf 87' lang='lat' dir='ltr'><strong>tissimum</strong></span> <span class='ocrx_word' id='word_1_179' title='bbox 490 3015 656 3080; x_wconf 86' lang='lat' dir='ltr'><strong>Dominum</strong></span> <span class='ocrx_word' id='word_1_180' title='bbox 689 3028 836 3082; x_wconf 88' lang='lat' dir='ltr'><strong>nostrum</strong></span> <span class='ocrx_word' id='word_1_181' title='bbox 865 3019 904 3082; x_wconf 89' lang='lat' dir='ltr'><strong>ad</strong></span> <span class='ocrx_word' id='word_1_182' title='bbox 937 3027 1075 3083; x_wconf 85' lang='lat' dir='ltr'><strong>nostram</strong></span> <span class='ocrx_word' id='word_1_183' title='bbox 1106 3017 1374 3084; x_wconf 85' lang='lat' dir='ltr'><strong>intercessionem</strong></span> 
     </span>
     <span class='ocr_line' id='line_1_27' title="bbox 293 3113 1374 3194; baseline 0.006 -18"><span class='ocrx_word' id='word_1_184' title='bbox 293 3113 387 3178; x_wconf 91' lang='lat' dir='ltr'><strong>nobis</strong></span> <span class='ocrx_word' id='word_1_185' title='bbox 402 3129 558 3178; x_wconf 87' lang='lat' dir='ltr'><strong>concessa</strong></span> <span class='ocrx_word' id='word_1_186' title='bbox 576 3115 712 3194; x_wconf 83' lang='lat' dir='ltr'><strong>proutuo</strong></span> <span class='ocrx_word' id='word_1_187' title='bbox 728 3117 796 3181; x_wconf 86' lang='lat' dir='ltr'><strong>viro</strong></span> <span class='ocrx_word' id='word_1_188' title='bbox 820 3116 949 3181; x_wconf 87' lang='lat' dir='ltr'><strong>domino</strong></span> <span class='ocrx_word' id='word_1_189' title='bbox 973 3116 1066 3182; x_wconf 88' lang='lat' dir='ltr'><strong>Petro</strong></span> <span class='ocrx_word' id='word_1_190' title='bbox 1091 3115 1130 3181; x_wconf 86' lang='lat' dir='ltr'><strong>de</strong></span> <span class='ocrx_word' id='word_1_191' title='bbox 1146 3115 1231 3182; x_wconf 80' lang='lat' dir='ltr'><strong>uiera</strong></span> <span class='ocrx_word' id='word_1_192' title='bbox 1254 3115 1294 3182; x_wconf 85' lang='lat' dir='ltr'><strong>ad</strong></span> <span class='ocrx_word' id='word_1_193' title='bbox 1316 3131 1374 3182; x_wconf 86' lang='lat' dir='ltr'><strong>uos</strong></span> 
     </span>
     <span class='ocr_line' id='line_1_28' title="bbox 293 3212 1373 3298; baseline 0.001 -20"><span class='ocrx_word' id='word_1_194' title='bbox 293 3229 350 3294; x_wconf 89' lang='lat' dir='ltr'><strong>per</strong></span> <span class='ocrx_word' id='word_1_195' title='bbox 363 3213 518 3294; x_wconf 85' lang='lat' dir='ltr'><strong>preieuum</strong></span> <span class='ocrx_word' id='word_1_196' title='bbox 531 3212 697 3279; x_wconf 90' lang='lat' dir='ltr'><strong>domicum</strong></span> <span class='ocrx_word' id='word_1_197' title='bbox 711 3215 829 3280; x_wconf 85' lang='lat' dir='ltr'><strong>Ducem</strong></span> <span class='ocrx_word' id='word_1_198' title='bbox 845 3215 968 3280; x_wconf 88' lang='lat' dir='ltr'><strong>directo</strong></span> <span class='ocrx_word' id='word_1_199' title='bbox 981 3217 1125 3282; x_wconf 85' lang='lat' dir='ltr'><strong>tradatur</strong></span> <span class='ocrx_word' id='word_1_200' title='bbox 1136 3223 1167 3281; x_wconf 84' lang='lat' dir='ltr'><strong>et</strong></span> <span class='ocrx_word' id='word_1_201' title='bbox 1179 3215 1373 3298; x_wconf 62' lang='lat' dir='ltr'><strong>assignetur,</strong></span> 
     </span>
     <span class='ocr_line' id='line_1_29' title="bbox 294 3310 1376 3380; baseline 0.004 -6"><span class='ocrx_word' id='word_1_202' title='bbox 294 3326 353 3376; x_wconf 87' lang='lat' dir='ltr'><strong>nec</strong></span> <span class='ocrx_word' id='word_1_203' title='bbox 374 3310 470 3376; x_wconf 86' lang='lat' dir='ltr'><strong>etiam</strong></span> <span class='ocrx_word' id='word_1_204' title='bbox 493 3310 678 3377; x_wconf 86' lang='lat' dir='ltr'><strong>huiusmodi</strong></span> <span class='ocrx_word' id='word_1_205' title='bbox 700 3313 789 3378; x_wconf 82' lang='lat' dir='ltr'><strong>Bulla</strong></span> <span class='ocrx_word' id='word_1_206' title='bbox 814 3315 1030 3380; x_wconf 89' lang='lat' dir='ltr'><strong>reuocetiouis</strong></span> <span class='ocrx_word' id='word_1_207' title='bbox 1045 3315 1094 3380; x_wconf 89' lang='lat' dir='ltr'><strong>vsi</strong></span> <span class='ocrx_word' id='word_1_208' title='bbox 1117 3315 1235 3380; x_wconf 88' lang='lat' dir='ltr'><strong>iuimus</strong></span> <span class='ocrx_word' id='word_1_209' title='bbox 1258 3331 1318 3379; x_wconf 93' lang='lat' dir='ltr'><strong>nec</strong></span> <span class='ocrx_word' id='word_1_210' title='bbox 1333 3313 1376 3378; x_wconf 85' lang='lat' dir='ltr'><strong>uti</strong></span> 
     </span>
     <span class='ocr_line' id='line_1_30' title="bbox 293 3409 1377 3496; baseline 0.005 -23"><span class='ocrx_word' id='word_1_211' title='bbox 293 3409 443 3475; x_wconf 84' lang='lat' dir='ltr'><strong>volumus</strong></span> <span class='ocrx_word' id='word_1_212' title='bbox 467 3425 572 3491; x_wconf 85' lang='lat' dir='ltr'><strong>neque</strong></span> <span class='ocrx_word' id='word_1_213' title='bbox 594 3419 719 3476; x_wconf 86' lang='lat' dir='ltr'><strong>utemur</strong></span> <span class='ocrx_word' id='word_1_214' title='bbox 743 3413 775 3475; x_wconf 94' lang='lat' dir='ltr'><strong>in</strong></span> <span class='ocrx_word' id='word_1_215' title='bbox 804 3413 962 3490; x_wconf 82' lang='lat' dir='ltr'><strong>sutorum,</strong></span> <span class='ocrx_word' id='word_1_216' title='bbox 990 3414 1046 3480; x_wconf 89' lang='lat' dir='ltr'><strong>sed</strong></span> <span class='ocrx_word' id='word_1_217' title='bbox 1074 3431 1143 3479; x_wconf 89' lang='lat' dir='ltr'><strong>eam</strong></span> <span class='ocrx_word' id='word_1_218' title='bbox 1175 3429 1232 3496; x_wconf 92' lang='lat' dir='ltr'><strong>pro</strong></span> <span class='ocrx_word' id='word_1_219' title='bbox 1258 3413 1377 3478; x_wconf 80' lang='lat' dir='ltr'><strong>abolita</strong></span> 
     </span>
     <span class='ocr_line' id='line_1_31' title="bbox 294 3506 1376 3594; baseline 0.003 -21"><span class='ocrx_word' id='word_1_220' title='bbox 294 3508 421 3573; x_wconf 83' lang='lat' dir='ltr'><strong>senceri</strong></span> <span class='ocrx_word' id='word_1_221' title='bbox 436 3506 509 3590; x_wconf 80' lang='lat' dir='ltr'><strong>(eiu)</strong></span> <span class='ocrx_word' id='word_1_222' title='bbox 531 3515 564 3574; x_wconf 89' lang='lat' dir='ltr'><strong>ct</strong></span> <span class='ocrx_word' id='word_1_223' title='bbox 586 3509 695 3574; x_wconf 83' lang='lat' dir='ltr'><strong>haberi</strong></span> <span class='ocrx_word' id='word_1_224' title='bbox 712 3512 872 3587; x_wconf 84' lang='lat' dir='ltr'><strong>volumus,</strong></span> <span class='ocrx_word' id='word_1_225' title='bbox 890 3523 922 3578; x_wconf 90' lang='lat' dir='ltr'><strong>ct</strong></span> <span class='ocrx_word' id='word_1_226' title='bbox 944 3513 1028 3594; x_wconf 85' lang='lat' dir='ltr'><strong>quod</strong></span> <span class='ocrx_word' id='word_1_227' title='bbox 1054 3531 1110 3594; x_wconf 91' lang='lat' dir='ltr'><strong>per</strong></span> <span class='ocrx_word' id='word_1_228' title='bbox 1131 3512 1376 3578; x_wconf 76' lang='lat' dir='ltr'><strong>sanctissimum</strong></span> 
     </span>
     <span class='ocr_line' id='line_1_32' title="bbox 296 3605 1377 3694; baseline 0.007 -26"><span class='ocrx_word' id='word_1_229' title='bbox 296 3605 463 3672; x_wconf 84' lang='lat' dir='ltr'><strong>Dominum</strong></span> <span class='ocrx_word' id='word_1_230' title='bbox 482 3623 594 3688; x_wconf 88' lang='lat' dir='ltr'><strong>papam</strong></span> <span class='ocrx_word' id='word_1_231' title='bbox 611 3619 757 3674; x_wconf 89' lang='lat' dir='ltr'><strong>nostrum</strong></span> <span class='ocrx_word' id='word_1_232' title='bbox 773 3611 920 3678; x_wconf 82' lang='lat' dir='ltr'><strong>aboletur</strong></span> <span class='ocrx_word' id='word_1_233' title='bbox 934 3613 1166 3678; x_wconf 87' lang='lat' dir='ltr'><strong>consentimus.</strong></span> <span class='ocrx_word' id='word_1_234' title='bbox 1185 3615 1219 3676; x_wconf 90' lang='lat' dir='ltr'><strong>in</strong></span> <span class='ocrx_word' id='word_1_235' title='bbox 1240 3628 1377 3694; x_wconf 83' lang='lat' dir='ltr'><strong>quorum</strong></span> 
     </span>
     <span class='ocr_line' id='line_1_33' title="bbox 292 3707 1377 3778; baseline 0.007 -10"><span class='ocrx_word' id='word_1_236' title='bbox 292 3719 450 3771; x_wconf 85' lang='lat' dir='ltr'><strong>assensus</strong></span> <span class='ocrx_word' id='word_1_237' title='bbox 465 3707 640 3772; x_wconf 80' lang='lat' dir='ltr'><strong>voluntatis</strong></span> <span class='ocrx_word' id='word_1_238' title='bbox 662 3717 694 3774; x_wconf 90' lang='lat' dir='ltr'><strong>et</strong></span> <span class='ocrx_word' id='word_1_239' title='bbox 715 3726 934 3776; x_wconf 87' lang='lat' dir='ltr'><strong>consensuum</strong></span> <span class='ocrx_word' id='word_1_240' title='bbox 956 3727 993 3777; x_wconf 88' lang='lat' dir='ltr'><strong>ac</strong></span> <span class='ocrx_word' id='word_1_241' title='bbox 1016 3711 1199 3778; x_wconf 85' lang='lat' dir='ltr'><strong>inuiolabiis</strong></span> <span class='ocrx_word' id='word_1_242' title='bbox 1222 3711 1377 3778; x_wconf 82' lang='lat' dir='ltr'><strong>obserua-</strong></span> 
     </span>
    </p>
   </div>
   <div class='ocr_carea' id='block_1_5' title="bbox 295 3883 1379 4147">
    <p class='ocr_par' dir='ltr' id='par_1_6' title="bbox 295 3883 1379 4147">
     <span class='ocr_line' id='line_1_34' title="bbox 331 3883 1378 3966; baseline 0.008 -26"><span class='ocrx_word' id='word_1_243' title='bbox 331 3883 368 3957; x_wconf 87' lang='lat' dir='ltr'><strong>(t)</strong></span> <span class='ocrx_word' id='word_1_244' title='bbox 389 3887 463 3941; x_wconf 78' lang='lat' dir='ltr'><strong>Dans</strong></span> <span class='ocrx_word' id='word_1_245' title='bbox 482 3889 509 3942; x_wconf 83' lang='lat' dir='ltr'><strong>la</strong></span> <span class='ocrx_word' id='word_1_246' title='bbox 521 3888 617 3944; x_wconf 83' lang='lat' dir='ltr'><strong>charte</strong></span> <span class='ocrx_word' id='word_1_247' title='bbox 630 3889 664 3944; x_wconf 85' lang='lat' dir='ltr'><strong>ds</strong></span> <span class='ocrx_word' id='word_1_248' title='bbox 677 3890 745 3946; x_wconf 80' lang='lat' dir='ltr'><strong>Jecn</strong></span> <span class='ocrx_word' id='word_1_249' title='bbox 759 3892 792 3947; x_wconf 87' lang='lat' dir='ltr'><strong>de</strong></span> <span class='ocrx_word' id='word_1_250' title='bbox 808 3893 971 3965; x_wconf 77' lang='lat' dir='ltr'><strong>Heinsberg,</strong></span> <span class='ocrx_word' id='word_1_251' title='bbox 986 3893 1007 3948; x_wconf 89' lang='lat' dir='ltr'><strong>il</strong></span> <span class='ocrx_word' id='word_1_252' title='bbox 1020 3893 1088 3949; x_wconf 83' lang='lat' dir='ltr'><strong>n&#39;est</strong></span> <span class='ocrx_word' id='word_1_253' title='bbox 1102 3911 1151 3965; x_wconf 78' lang='lat' dir='ltr'><strong>pus</strong></span> <span class='ocrx_word' id='word_1_254' title='bbox 1164 3892 1291 3966; x_wconf 81' lang='lat' dir='ltr'><strong>question</strong></span> <span class='ocrx_word' id='word_1_255' title='bbox 1304 3893 1338 3948; x_wconf 84' lang='lat' dir='ltr'><strong>ds</strong></span> <span class='ocrx_word' id='word_1_256' title='bbox 1352 3894 1378 3948; x_wconf 82' lang='lat' dir='ltr'><strong>lu</strong></span> 
     </span>
     <span class='ocr_line' id='line_1_35' title="bbox 295 3975 1377 4056; baseline 0.008 -26"><span class='ocrx_word' id='word_1_257' title='bbox 295 3975 417 4048; x_wconf 82' lang='lat' dir='ltr'><strong>paroisse</strong></span> <span class='ocrx_word' id='word_1_258' title='bbox 430 3978 464 4032; x_wconf 85' lang='lat' dir='ltr'><strong>de</strong></span> <span class='ocrx_word' id='word_1_259' title='bbox 476 3978 624 4044; x_wconf 81' lang='lat' dir='ltr'><strong>Holsbeek‚</strong></span> <span class='ocrx_word' id='word_1_260' title='bbox 635 3981 684 4053; x_wconf 90' lang='lat' dir='ltr'><strong>qui</strong></span> <span class='ocrx_word' id='word_1_261' title='bbox 698 3984 851 4054; x_wconf 81' lang='lat' dir='ltr'><strong>cepeudunt</strong></span> <span class='ocrx_word' id='word_1_262' title='bbox 864 3985 957 4040; x_wconf 81' lang='lat' dir='ltr'><strong>iuisuit</strong></span> <span class='ocrx_word' id='word_1_263' title='bbox 967 3985 1054 4056; x_wconf 84' lang='lat' dir='ltr'><strong>partie</strong></span> <span class='ocrx_word' id='word_1_264' title='bbox 1065 3985 1101 4038; x_wconf 89' lang='lat' dir='ltr'><strong>du</strong></span> <span class='ocrx_word' id='word_1_265' title='bbox 1115 3985 1224 4040; x_wconf 83' lang='lat' dir='ltr'><strong>diocese</strong></span> <span class='ocrx_word' id='word_1_266' title='bbox 1234 3984 1268 4040; x_wconf 85' lang='lat' dir='ltr'><strong>ds</strong></span> <span class='ocrx_word' id='word_1_267' title='bbox 1279 3983 1377 4054; x_wconf 69' lang='lat' dir='ltr'><strong>Lingua</strong></span> 
     </span>
     <span class='ocr_line' id='line_1_36' title="bbox 295 4065 1379 4147; baseline 0.009 -27"><span class='ocrx_word' id='word_1_268' title='bbox 295 4065 316 4120; x_wconf 86' lang='lat' dir='ltr'><strong>il</strong></span> <span class='ocrx_word' id='word_1_269' title='bbox 329 4072 369 4122; x_wconf 85' lang='lat' dir='ltr'><strong>esi</strong></span> <span class='ocrx_word' id='word_1_270' title='bbox 384 4069 514 4139; x_wconf 83' lang='lat' dir='ltr'><strong>probeble</strong></span> <span class='ocrx_word' id='word_1_271' title='bbox 528 4088 582 4142; x_wconf 86' lang='lat' dir='ltr'><strong>qus</strong></span> <span class='ocrx_word' id='word_1_272' title='bbox 596 4071 745 4128; x_wconf 84' lang='lat' dir='ltr'><strong>l&#39;omission</strong></span> <span class='ocrx_word' id='word_1_273' title='bbox 760 4080 801 4129; x_wconf 84' lang='lat' dir='ltr'><strong>esi</strong></span> <span class='ocrx_word' id='word_1_274' title='bbox 815 4077 990 4147; x_wconf 84' lang='lat' dir='ltr'><strong>simplameut</strong></span> <span class='ocrx_word' id='word_1_275' title='bbox 1005 4077 1030 4130; x_wconf 87' lang='lat' dir='ltr'><strong>ie</strong></span> <span class='ocrx_word' id='word_1_276' title='bbox 1044 4076 1161 4132; x_wconf 77' lang='lat' dir='ltr'><strong>resultet</strong></span> <span class='ocrx_word' id='word_1_277' title='bbox 1174 4075 1257 4131; x_wconf 87' lang='lat' dir='ltr'><strong>d&#39;uue</strong></span> <span class='ocrx_word' id='word_1_278' title='bbox 1270 4091 1379 4132; x_wconf 77' lang='lat' dir='ltr'><strong>errem.</strong></span> 
     </span>
    </p>
   </div>
   <div class='ocr_carea' id='block_1_6' title="bbox 0 0 1578 4942">
    <p class='ocr_par' dir='ltr' id='par_1_7' title="bbox 0 0 1578 4942">
     <span class='ocr_line' id='line_1_37' title="bbox 0 0 1578 4942; baseline 0 0"><span class='ocrx_word' id='word_1_279' title='bbox 0 0 1578 4942; x_wconf 95' lang='lat' dir='ltr'><strong> </strong></span> 
     </span>
    </p>
   </div>
  </div>
 </body>
</html>
