3222 4944
752 454 936 520 -rta-

302 641 458 707 medicine
484 649 515 706 et
542 640 671 713 artium,
696 638 935 718 conclusissent
963 637 1075 702 modos
1102 637 1216 702 tutelas
1242 638 1385 717 tenendi,

300 750 394 823 prout
415 741 448 804 in
464 740 577 805 cedula
595 739 737 818 desuper
761 756 817 819 pur
832 737 1002 818 collegium
1023 735 1188 817 utriusque
1207 736 1289 817 juris
1306 737 1387 800 lacta

300 848 331 906 et
355 839 385 903 in
410 838 619 905 uniuersitato
642 839 725 903 lecta
749 837 945 912 continetur,
969 846 999 901 et
1027 836 1110 916 quod
1138 835 1270 900 lacultas
1297 838 1385 900 tlreo·

299 940 383 1020 logie
399 951 498 1020 super
522 939 642 1003 eisdem
668 936 773 1001 modis
799 936 993 1000 consuisset
1017 952 1075 1016 pro
1091 943 1166 1000 tuuc
1189 935 1387 1000 sufficienter

299 1039 487 1113 deliberata,
505 1045 537 1102 et
559 1037 638 1100 dixit
654 1037 739 1118 quod
758 1036 897 1116 desuper
915 1033 1014 1100 lacius
1030 1027 1125 1100 vellet
1140 1033 1335 1109 deliberare;
1353 1043 1387 1100 et

298 1137 383 1218 quod
411 1145 521 1217 postea
547 1135 634 1216 jdem
663 1151 834 1215 precessor
866 1133 1047 1198 huiusmodi
1078 1132 1339 1198 deliberationem
1366 1149 1384 1197 a

298 1235 421 1301 decano
434 1235 578 1300 eiusdem
592 1232 920 1310 facultatis,videlicet
934 1232 1087 1314 magistro
1105 1238 1215 1296 nostro
1232 1231 1384 1314 magistro

300 1333 412 1415 Egidio
437 1333 587 1406 Baelioel.
607 1331 775 1414 pecijsset;
793 1331 845 1412 quj
870 1330 930 1412 sibj
948 1329 1114 1409 respoudit
1130 1333 1214 1410 quod
1231 1329 1383 1396 delibera·

300 1431 419 1496 tionem
435 1449 493 1497 soe
510 1431 668 1496 facultatis
685 1430 820 1494 reddere
837 1429 932 1494 vellet
948 1429 979 1491 in
998 1429 1090 1509 plena
1113 1427 1330 1494 uniuersitate.
1347 1428 1385 1493 Et

296 1531 340 1611 jta
370 1530 520 1594 dominus
551 1540 656 1594 rector
687 1529 783 1611 pecijt
812 1529 852 1593 ab
886 1528 998 1594 eodem
1033 1529 1155 1593 decano
1191 1543 1230 1590 au
1264 1527 1384 1608 jbidem

299 1629 494 1694 deliberatus
524 1637 612 1694 esset
643 1629 777 1694 reddere
808 1627 991 1693 huiusmodi
1019 1627 1302 1700 deliberationem
1329 1628 1382 1708 qui

300 1728 484 1794 uniusmodi
510 1727 772 1794 deliberationem
802 1726 940 1792 reddidit
966 1743 1037 1792 cum
1065 1725 1162 1790 certis
1186 1725 1383 1790 moderacio-

301 1827 396 1892 nibus
420 1827 450 1890 iu
476 1827 570 1892 modo
600 1825 727 1906 tenendi
757 1827 883 1900 tutelas.
900 1843 998 1906 super
1024 1826 1107 1890 dicta
1133 1824 1245 1890 cedula
1273 1824 1381 1898 iactis;

299 1944 380 2006 uuas
403 1925 522 2007 jbidem
551 1926 693 1990 narrauit
716 1934 747 1990 et
771 1935 880 2005 postea
905 1925 1034 1989 domino
1057 1923 1173 2004 rector]
1198 1925 1228 1986 in
1253 1923 1383 2004 scriptis
1409 1925 1413 1932 ‘

301 2025 398 2088 misit.
415 2025 537 2100 Quibus
553 2025 602 2089 sic
617 2025 696 2090 actis
710 2024 860 2088 dominus
884 2031 990 2088 rector
1005 2023 1162 2087 conclusit
1179 2023 1293 2088 tutelas
1309 2039 1384 2086 esse

301 2123 457 2190 tenendas
484 2124 514 2186 in
542 2124 693 2189 omnibus
721 2123 826 2188 modis
852 2132 883 2186 et
910 2122 1020 2186 formis
1046 2121 1080 2204 jo
1107 2122 1223 2202 quibus
1250 2121 1384 2186 incultas

302 2223 461 2306 theologie
500 2240 536 2287 se
573 2222 748 2288 concordat
786 2238 858 2286 cum
892 2221 985 2286 dictis
1015 2221 1139 2286 duabus
1169 2219 1383 2296 lacoltatibum

300 2320 451 2386 videlicet
479 2320 636 2386 medicine
662 2332 693 2386 et
720 2321 848 2386 artium.
875 2320 955 2385 ltem
984 2329 1093 2401 postea
1123 2328 1254 2400 propter
1282 2318 1386 2384 dictas

298 2419 502 2486 difficultates
520 2430 595 2486 tunc
612 2431 716 2486 motas
734 2430 766 2485 et
790 2420 957 2500 presertim
981 2436 1019 2483 ex
1042 2418 1244 2483 l'acultatibus
1269 2417 1385 2482 atrius-

297 2535 360 2598 uue
372 2518 454 2598 iuris
470 2530 501 2584 et
519 2519 677 2584 medicine
692 2519 843 2583 dominus
858 2517 1051 2582 conuocauit
1066 2533 1144 2582 suos
1160 2516 1330 2596 deputatos
1346 2533 1386 2579 ex

296 2616 433 2698 singulis
464 2617 669 2682 facultatibus
699 2618 730 2680 in
762 2617 894 2682 notabili
925 2625 1079 2692 numero;
1111 2615 1163 2696 uui
1197 2613 1385 2680 conclusiue

295 2714 445 2780 dixerunt
457 2716 574 2780 dictam
591 2716 833 2781 conclusionem
852 2716 932 2780 bene
948 2726 979 2779 et
992 2714 1132 2796 legitime
1148 2730 1205 2795 per
1217 2712 1383 2778 domiuum

297 2822 457 2879 rectorem
473 2831 547 2879 esse
563 2824 701 2895 captam.

691 2949 761 3002 Aeta
779 2947 979 3018 Uulcersitalls,
995 2947 1043 3013 tv,
1058 2947 1107 3002 iol.
1127 2945 1160 3000 19
1173 2953 1201 2999 r⁰
1215 2948 1243 3000 el
1255 2943 1291 2998 ab
1305 2951 1340 3000 r⁰.

340 3136 378 3200 13
393 3153 476 3200 mors
493 3135 584 3200 tlte.
602 3136 754 3210 Rectorat
769 3136 808 3200 de
825 3135 934 3200 Pierre
948 3135 988 3200 de
1004 3134 1095 3200 ilico.

337 3316 390 3397 xiij
409 3317 515 3398 marcii
527 3316 650 3398 judicto
668 3315 725 3380 luit
742 3317 955 3398 congregacio
968 3314 1187 3382 vuluersitatis
1203 3315 1282 3379 hora
1300 3330 1386 3378 nona

297 3417 379 3497 apud
397 3415 653 3497 Augustinenses
670 3433 768 3496 super
785 3416 846 3496 bijs
862 3416 1018 3480 articulis,

340 3513 464 3578 Primos
492 3524 540 3580 est
569 3514 607 3578 ad
634 3514 827 3578 audiendum
858 3515 963 3596 aliqua
991 3511 1123 3595 proponj
1156 3529 1213 3592 per
1244 3511 1384 3593 priorem

296 3611 421 3692 collegi]
439 3611 608 3678 doctorum
625 3613 792 3694 utriusque
806 3612 901 3694 juris.

339 3805 474 3881 Quoad
503 3809 638 3889 primum
664 3809 833 3874 articulum
867 3809 1018 3891 magister
1044 3808 1201 3872 Robcrtus
1232 3807 1272 3872 de
1303 3807 1386 3872 lacu

300 3903 388 3984 prior
409 3905 535 3986 collegii
554 3907 721 3972 doctorum
747 3907 933 3972 facultatum
950 3907 1115 3987 utriusque
1134 3905 1389 3985 juriserrposuit

298 4001 427 4066 diuersa
451 4004 511 4084 sibj
537 4022 593 4084 per
617 4007 736 4070 dictum
761 4007 932 4087 collegium
959 4006 1130 4070 commissa
1155 4003 1387 4068 concernentia

299 4098 479 4166 licentiatos
508 4103 666 4168 dictarum
698 4104 879 4168 facultatum
906 4105 1073 4184 utriusque
1094 4104 1188 4183 juris,
1212 4103 1260 4167 eis
1282 4101 1387 4166 eciam

299 4196 457 4277 quoddam
474 4208 626 4266 statutum
644 4201 779 4284 legendo
796 4212 827 4268 et
842 4203 1042 4284 exponendo.
