3240 4946
766 398 951 474 ...ὥο-

310 595 418 645 curam
443 579 659 646 Universitate
684 579 856 662 praestabit
877 580 1093 662 jurameutum
1117 581 1395 660 intitulandorum,

310 678 336 744 si
355 679 443 760 prius
456 680 633 745 intitulatus
648 697 710 746 uon
725 679 831 756 tuerit,
845 688 876 747 et
889 681 1004 750 deiude
1016 680 1100 762 quod
1115 680 1281 762 sequitur.
1299 703 1312 740 ι
1328 679 1397 762 ago

310 776 349 841 N.
364 776 449 858 juro,
466 779 552 860 quod
576 778 717 846 officium
742 783 920 864 notariatus
942 778 1050 844 curiae
1071 779 1191 846 domini
1214 779 1394 846 Conserva-

311 877 402 954 toris,
421 879 550 944 nornine
574 895 645 944 meo
670 879 812 960 proprio,
831 880 915 945 etad
933 879 1052 946 uuiiius
1068 880 1199 946 atterius
1215 879 1393 956 utilitatem,

311 992 369 1040 seu
399 975 439 1039 ab
469 977 576 1058 aliquo
607 977 813 1052 substitutus,
838 977 975 1044 fideliter
1004 978 1182 1046 secuudum
1217 987 1334 1044 statuta
1364 988 1395 1044 ct

311 1075 531 1141 ordinationes
558 1073 792 1148 Universitatis.
815 1093 875 1142 nec
900 1094 964 1142 nun
990 1077 1110 1143 domini
1137 1076 1395 1152 conservatoris,

311 1189 368 1253 per
380 1173 626 1242 Universitatem
644 1177 821 1260 approbata
832 1176 882 1242 vei
900 1176 1103 1258 approbatas,
1119 1176 1166 1244 vei
1184 1177 1216 1240 in
1234 1186 1395 1258 posterum

310 1273 516 1354 approbanda
538 1275 588 1342 rei
613 1275 849 1358 approbandas,
867 1276 1043 1351 exercebo;
1061 1285 1093 1342 et
1111 1276 1195 1358 quod
1214 1292 1271 1356 pro
1287 1275 1341 1340 iiio
1356 1276 1394 1345 ad

313 1371 494 1438 instantiam
524 1372 702 1456 cujuspiam
731 1390 787 1440 seu
819 1374 1019 1454 petitionem,
1045 1391 1102 1440 seu
1131 1391 1170 1439 ex
1207 1374 1309 1456 pretio
1345 1373 1396 1439 vei

313 1471 528 1536 conventione
552 1488 615 1538 nou
638 1472 724 1546 dedi,
747 1472 891 1554 promisi,
911 1489 1013 1554 neque
1035 1471 1118 1538 dabo
1140 1472 1190 1537 vei
1216 1471 1395 1553 promittam

313 1569 482 1650 quicquam
505 1570 582 1635 dare
603 1587 709 1636 annue
731 1571 781 1638 vei
805 1571 843 1635 ad
869 1581 1008 1651 tempus,
1027 1589 1082 1637 seu
1104 1572 1135 1635 io
1153 1571 1321 1653 promptis,
1339 1587 1396 1652 per

314 1684 364 1732 me
393 1669 442 1733 vei
473 1669 581 1745 atium,
603 1671 725 1735 directe
754 1671 802 1734 rei
832 1669 999 1750 indirecte,
1022 1671 1148 1753 publice
1178 1671 1226 1734 vei
1256 1669 1395 1742 occuito,

314 1767 424 1847 quouis
453 1769 598 1850 quaesito
626 1770 754 1844 cutore;
785 1779 817 1834 et
846 1769 873 1833 si
903 1771 1022 1852 aliquid
1052 1770 1091 1834 ad
1122 1785 1223 1834 meam
1254 1767 1397 1834 notitiam

314 1866 473 1942 adveniet,
483 1868 569 1945 ouod
583 1866 613 1930 in
628 1867 856 1949 praeiudicium
866 1867 1102 1950 jurisdictionis
1114 1877 1145 1933 et
1158 1867 1397 1949 privilegiorum

316 1965 539 2032 Universitatis
556 1975 667 2048 posset
682 1967 874 2044 redundare,
893 1968 923 2032 id
947 1968 1078 2033 domiuo
1102 1967 1230 2034 Rectori
1258 1967 1401 2032 indicare

316 2081 379 2130 nou
395 2065 536 2131 omittam
556 2089 583 2130 r.

358 2162 398 2226 il.
422 2163 571 2230 Notarius
601 2165 679 2230 uuiti
711 2165 886 2246 praestabit
911 2166 1126 2248 juramentum
1155 2165 1283 2248 aliquod
1313 2165 1399 2246 quod

317 2262 520 2330 Universitati
538 2264 639 2332 iraudi
656 2281 730 2332 esse
747 2266 863 2346 possit.

358 2361 410 2426 ili.
434 2361 584 2428 Notarius
614 2381 686 2428 curn
717 2364 788 2428 aliis
818 2363 967 2430 officiatis
1000 2363 1225 2431 universitatis
1261 2361 1400 2444 singulis

317 2461 411 2524 aunis
436 2461 534 2526 attera
558 2461 640 2527 beati
662 2463 803 2530 Thumae
825 2463 963 2544 apostoli
987 2469 1169 2544 compareat
1192 2477 1299 2528 coram
1321 2460 1400 2524 Uni-

318 2559 469 2623 rersitate
498 2571 530 2624 et
558 2577 652 2624 suunt
682 2561 822 2626 officium
854 2562 1012 2643 resignet;
1049 2579 1104 2642 per
1140 2577 1234 2642 quam
1272 2558 1400 2642 quidem

320 2656 569 2738 resignationem
593 2659 712 2724 dictum
736 2660 806 2738 ejus
829 2660 968 2726 officium
991 2660 1122 2740 perinde
1137 2675 1252 2724 vacare
1267 2673 1400 2724 censea-

320 2765 383 2830 tur,
409 2772 446 2821 ac
476 2759 503 2822 si
534 2773 591 2838 per
620 2759 689 2838 eius
719 2760 840 2826 obitum
870 2778 926 2826 seu
957 2759 1036 2825 atius
1068 2775 1271 2842 quocumque
1307 2756 1402 2822 modo

319 2861 457 2920 vacaret.

364 2955 414 3019 iv.
438 2955 588 3022 Notarius
607 2974 670 3024 nou
687 2958 837 3024 coniiciat
852 2960 975 3041 aliquas
991 2959 1101 3023 lituras
1117 2963 1228 3022 contra
1244 2954 1403 3022 officiatos

320 3053 476 3136 principis
513 3056 563 3122 vei
602 3057 697 3122 etiam
734 3059 793 3122 suit
831 3057 961 3123 nomine
997 3055 1222 3123 Urriversitatis
1253 3054 1303 3120 rei
1331 3052 1402 3134 ejus

321 3155 528 3234 promotoris,
557 3156 617 3221 nisi
648 3156 676 3222 ei
707 3157 842 3238 primum
879 3157 1059 3222 constiterit
1094 3155 1134 3221 de
1173 3154 1334 3219 voluntate
1369 3161 1403 3218 et

319 3269 483 3319 consensu
500 3254 735 3320 Universitatis.

362 3353 397 3415 V.
422 3351 454 3416 Si
477 3354 604 3435 quando
628 3355 797 3436 contigerit
821 3355 1064 3420 Universitatem
1081 3351 1186 3418 iacere
1202 3351 1263 3416 sub
1278 3367 1337 3415 suo
1352 3349 1403 3415 vei

321 3452 426 3518 alieno
444 3454 573 3518 nomine
588 3468 696 3517 coram
721 3453 851 3517 domino
874 3455 1105 3518 conservatore
1128 3467 1184 3516 seu
1210 3450 1316 3531 atiquo
1340 3447 1404 3512 aiio

318 3551 427 3631 judice
450 3551 629 3633 apostolico
653 3551 835 3618 citationem
852 3552 1002 3634 utiquam,
1021 3551 1163 3616 notarius
1180 3545 1404 3614 Universitatis

320 3650 420 3732 gratis
436 3651 566 3726 seruiat,
584 3650 652 3731 ipsa
669 3651 881 3718 Universitate
898 3651 946 3717 uei
964 3659 1147 3732 promotore
1163 3647 1232 3728 eius
1254 3661 1402 3711 succum-

322 3750 428 3824 bente,
446 3759 499 3814 aut
514 3765 552 3813 ex
569 3749 676 3830 atiquo
691 3761 807 3816 eventu
824 3767 982 3831 expensas
998 3765 1062 3814 non
1079 3754 1299 3828 recuperante.

365 3847 414 3910 vt.
439 3845 588 3912 Notarius
605 3847 709 3912 nutias
725 3849 834 3914 literas
851 3848 1037 3914 monitorias
1050 3847 1099 3912 rei
1115 3843 1280 3914 citatorias
1297 3841 1405 3921 piures

322 3960 480 4025 personas
517 3946 549 4008 in
586 3963 621 4012 sc
660 3949 863 4014 continentes
899 3947 1061 4020 coniiciat,
1094 3945 1153 4010 uisi
1187 3940 1314 4024 quaudo
1344 3955 1407 4004 una

324 4043 499 4125 eademque
514 4046 598 4110 actio
614 4046 788 4114 intentetur
802 4057 913 4114 contra
931 4048 1051 4127 piures,
1068 4044 1116 4110 rel
1134 4043 1242 4124 piures
1261 4039 1407 4104 actiones

324 4142 416 4208 simui
433 4142 636 4212 intentandae
651 4144 761 4228 viginti
784 4145 925 4212 tiorenos
948 4146 1126 4213 rhenenses
1150 4158 1214 4208 nou
1238 4137 1406 4211 excedant.
