3222 4944
686 409 870 478 -idll-

234 599 361 665 studeat
376 599 465 680 leges
482 598 513 661 in
530 596 693 662 ordinaria
710 595 849 661 lectione
869 595 1034 676 tegendas,
1054 611 1203 660 unacum
1220 591 1322 677 glosis

236 709 267 762 el
291 697 416 778 legibus
439 695 471 760 in
494 697 542 762 eis
566 713 624 777 pro
647 693 820 760 concordia
844 694 891 757 vel
913 710 971 775 pro
987 692 1150 758 contrario
1166 693 1324 777 allegatis,

240 807 273 862 ut
295 797 372 862 inde
392 797 562 862 lectionem
587 795 700 860 melius
728 793 906 874 intelligere
928 803 958 858 et
985 793 1159 874 concipere
1189 793 1325 873 possint.

239 897 342 977 Super
363 912 428 978 qno
452 896 546 961 modo
568 895 697 959 videndi
720 905 751 959 et
771 893 921 959 studendi
938 902 1061 960 tutores
1077 895 1165 975 ipsos
1182 893 1325 959 scolares

243 996 388 1062 novellos
415 995 585 1060 instruent.
614 993 697 1059 Satis
723 1003 826 1059 tamen
854 994 915 1059 erit
942 995 972 1057 in
1000 993 1103 1073 primo
1128 1009 1211 1058 anno
1239 993 1323 1077 quod

241 1095 386 1160 scolares
417 1103 535 1160 textum
566 1094 670 1177 legum
702 1093 908 1174 legendarum
938 1109 975 1156 ac
1010 1093 1132 1174 glosas,
1164 1110 1223 1158 nec
1261 1110 1325 1157 non

242 1203 362 1258 textum
388 1193 494 1274 legum
524 1209 581 1273 pro
608 1191 780 1258 contrariis
806 1191 1013 1270 allegatarnm
1041 1191 1241 1272 prevideant,
1265 1191 1326 1255 nisi

243 1293 363 1374 ingenii
379 1292 540 1375 capacitas
557 1293 628 1374 plus
645 1291 724 1370 ipsis
740 1291 900 1356 tribuerit.

286 1459 364 1524 Post
379 1458 550 1524 lectionem
566 1475 643 1524 vero
660 1457 865 1533 ordinariam,
886 1457 996 1532 missa,
1014 1457 1040 1522 si
1057 1458 1228 1532 voluerint,
1246 1458 1331 1523 cele-

245 1557 322 1624 riter
338 1557 456 1632 aodita,
474 1556 603 1622 venient
625 1557 769 1632 scolares
785 1557 822 1620 ad
841 1574 986 1622 cameras
1002 1573 1079 1622 suas
1094 1565 1126 1622 et
1141 1556 1330 1622 revidebunt

247 1656 401 1722 lectiones
418 1656 529 1730 lectas,
546 1655 828 1720 commemorando
844 1665 876 1720 et
896 1656 1049 1720 memorie
1064 1656 1277 1735 imprimendo
1293 1673 1329 1721 ea

246 1772 308 1837 que
332 1766 393 1819 tam
417 1755 515 1819 vorbo
538 1771 632 1835 quam
657 1755 779 1834 scripto
802 1771 818 1817 a
844 1754 1037 1819 lectionibus
1060 1765 1273 1835 reportarunt.
1295 1755 1332 1818 lit

245 1853 320 1919 inde
342 1853 381 1917 ad
406 1853 574 1934 prandium
598 1852 729 1917 venient
753 1855 829 1917 liora
855 1870 910 1932 per
926 1861 1050 1918 tutores
1067 1855 1253 1929 statuenda;
1270 1871 1333 1935 quc

246 1953 288 2017 sit
304 1952 481 2018 conformis
499 1953 530 2015 in
547 1951 697 2016 omnibus
715 1951 834 2016 tutelis.

292 2116 428 2181 Prandlo
465 2117 566 2192 fruito,
605 2116 696 2180 libris
731 2117 769 2180 ad
813 2133 953 2182 mensem
996 2117 1168 2199 unicuique
1207 2117 1333 2192 delatis,

251 2223 395 2298 repetent
431 2232 543 2281 omnes
580 2215 723 2281 scolares
761 2215 854 2280 unius
892 2216 1053 2281 lacultatis
1089 2216 1197 2294 simul,
1229 2226 1334 2282 tutore

250 2323 412 2396 presente,
441 2315 609 2380 lectionem
637 2314 722 2378 illam
749 2314 962 2390 ordinariam;
991 2315 1022 2378 in
1049 2332 1110 2397 qua
1138 2316 1334 2397 repeticione

249 2414 389 2478 servabit
410 2423 497 2482 tutor
520 2414 609 2479 illum
633 2415 774 2488 modum,
794 2423 826 2478 ul
852 2431 908 2494 per
929 2414 1086 2479 discretas
1102 2415 1334 2498 quuscumqoc

249 2512 519 2595 interrogationes
534 2513 706 2593 concipere
723 2513 824 2592 possit
840 2529 879 2576 an
898 2512 1032 2592 quilibet
1054 2513 1198 2594 ipsorum
1221 2515 1333 2580 lectio-

254 2629 326 2677 nem
349 2611 430 2677 bene
452 2611 609 2677 audiverit
631 2625 662 2676 et
686 2613 839 2677 memorie
862 2611 1146 2688 commendaverit,
1165 2623 1194 2677 et
1216 2623 1248 2678 ot
1270 2623 1336 2679 tota

253 2711 350 2776 lectio
374 2729 430 2792 pet·
453 2721 559 2793 partes
576 2730 592 2774 a
613 2711 748 2792 singulis
765 2711 946 2776 recitandas
963 2703 1162 2792 reportetur;
1181 2713 1212 2776 in
1228 2730 1293 2794 quo
1309 2714 1335 2778 si

255 2809 392 2892 diligens
409 2827 484 2875 cura
500 2811 703 2885 adhibeatur,
717 2809 855 2875 sulliciet
871 2819 995 2892 tempus
1013 2811 1107 2876 unius
1124 2812 1214 2878 bore.

298 2976 328 3039 Si
345 2985 417 3042 ante
435 2978 543 3040 boram
561 2978 708 3042 lectionis
726 2977 964 3042 institutionum
986 2986 1110 3057 tempus
1130 2979 1336 3058 superfuerit,

257 3074 438 3138 instituturii
462 3075 663 3140 docebuntur
687 3093 742 3154 per
764 3093 799 3140 sc
823 3086 940 3139 textum
954 3085 986 3139 et
1003 3076 1113 3156 glosas
1130 3075 1335 3156 legendarum

255 3173 361 3256 legum
378 3174 409 3236 in
426 3182 579 3255 quantum
596 3183 731 3254 possunt
748 3174 942 3254 intelligere;
960 3183 992 3238 el
1007 3174 1081 3237 inde
1103 3175 1142 3238 ad
1166 3175 1336 3241 lectionem

259 3271 497 3336 institutionum
534 3272 726 3336 transibunt.
756 3271 859 3336 Ceteri
896 3288 973 3337 vero
1009 3273 1062 3353 qui
1092 3271 1130 3336 ad
1168 3273 1336 3340 lectionem

258 3369 450 3434 ordinariam
474 3371 514 3434 de
536 3388 610 3436 sero
635 3371 754 3436 intrare
769 3371 898 3443 debent,
915 3385 954 3436 co
969 3380 1114 3451 tempore
1130 3373 1233 3438 medio
1251 3373 1337 3438 illam

259 3469 421 3545 videbunt,
440 3469 523 3534 sicut
538 3469 577 3534 de
599 3469 759 3534 ordinaria
782 3469 822 3533 de
846 3486 937 3533 mane
960 3479 1009 3534 est
1032 3471 1181 3552 superius
1205 3472 1337 3549 dictum,

260 3577 290 3632 et
306 3567 434 3632 indeed
450 3567 537 3631 illam
554 3567 745 3632 transibunt.

302 3731 340 3797 El
363 3743 434 3812 post
458 3732 517 3798 bec
539 3750 595 3814 per
617 3733 697 3798 duas
721 3695 816 3798 boras
839 3739 912 3798 ante
934 3749 1047 3798 cenam
1063 3749 1175 3798 omnes
1192 3736 1341 3802 redibunt

261 3831 299 3894 ad
330 3831 471 3910 domum,
499 3840 529 3896 et
560 3832 590 3894 in
622 3831 721 3912 prima
752 3832 828 3896 bora
858 3839 944 3896 tutor
972 3832 1080 3897 audiet
1112 3834 1340 3914 repeticionem

262 3929 540 4004 institutariornm,
561 3942 592 3994 ct
618 3933 648 3994 in
675 3931 725 3993 illa
753 3931 910 3996 laborabit
935 3931 972 3994 ad
1001 3931 1063 3996 boc
1090 3943 1123 3996 ut
1150 3931 1210 4012 ipsi
1239 3943 1344 3999 textus

262 4039 293 4092 et
320 4028 482 4108 glosatum
513 4030 684 4094 lectionum
711 4047 839 4094 suarum
866 4031 929 4094 vim
955 4039 987 4094 el
1012 4030 1162 4096 ellectum
1190 4035 1343 4097 memorio

261 4127 494 4208 impresserint,
511 4145 583 4193 oum
600 4129 664 4194 sint
676 4129 757 4208 juris
775 4129 873 4210 prima
890 4131 1057 4194 cunabula.

349 4280 368 4322 ι.
1227 4263 1267 4332 46
1346 4347 1347 4351 ¹
