3240 4946
681 419 692 502 ,1
749 481 789 494 -
811 445 872 511 508
893 481 933 498 .-

340 625 470 704 aprrttter
487 624 576 690 tell.
594 625 743 690 Rectorat
761 626 801 690 dc
816 625 943 692 Gabriel
959 625 999 692 de
1014 625 1109 690 blera.

298 887 301 892 ‚
339 807 396 872 Die
432 806 592 872 dominica
628 807 657 870 ix
693 809 813 873 mensis
840 807 909 890 julii
938 807 1058 888 jndicta
1090 807 1146 872 luit
1173 810 1380 890 congregatio

297 907 515 973 uniuersitatis
533 923 589 987 per
601 906 815 988 juramentum
831 907 914 985 apud
932 907 1037 972 locum
1054 907 1261 987 capitularem
1284 925 1379 988 supe-

297 1003 415 1070 riorem
440 1005 577 1070 ecclesie
600 1005 702 1086 sancti
726 1006 808 1087 Petri
833 1005 1044 1071 Louaniensis
1067 1005 1105 1070 ad
1130 1014 1280 1086 punctum
1301 1007 1380 1072 bore

296 1105 432 1186 septime
447 1105 486 1170 de
503 1121 594 1170 mane
611 1123 708 1187 super
725 1106 785 1186 lxijs
800 1105 957 1171 articulis.

340 1302 458 1368 Deinde
482 1303 562 1367 lecta
587 1304 644 1367 luit
664 1305 755 1384 copia
772 1303 938 1368 cuiusdam
955 1301 1200 1384 supplicationis
1216 1319 1274 1383 pro
1291 1309 1380 1382 parte

296 1401 482 1482 spectabilis
505 1411 535 1466 et
557 1401 675 1483 egregii
698 1402 757 1482 xirj
781 1402 901 1467 domini
930 1412 960 1467 et
987 1401 1130 1483 magistri
1157 1401 1313 1480 lobannis
1339 1401 1380 1466 dc

298 1500 559 1581 Wemeldingben
587 1503 752 1581 utriusque
775 1501 857 1580 juris
880 1500 1024 1566 doctoris
1047 1518 1083 1565 ao
1106 1499 1217 1582 decanj
1241 1499 1380 1566 ecclesie

297 1599 465 1680 collegiate
492 1600 582 1664 beate
608 1600 732 1664 Gudule
759 1600 986 1676 Bruxeliensis,
1015 1600 1255 1666 conseruatoris
1284 1599 1379 1663 buius

297 1699 379 1762 alme
409 1699 627 1763 uniuersitatis
657 1708 718 1764 otc.
751 1699 957 1764 sanctissimo
987 1699 1118 1764 domino
1151 1705 1263 1763 nostro
1299 1715 1380 1780 pape

299 1799 453 1862 moderno
477 1807 635 1877 porrecte,
653 1799 839 1862 continente
863 1799 1102 1880 derogationem
1126 1797 1255 1877 capituli
1274 1797 1380 1860 liualis

297 1896 336 1960 dc
353 1896 457 1960 oliicio
475 1904 505 1960 ct
527 1903 683 1976 potestate
697 1896 814 1977 jndicis
831 1897 984 1978 ordinarii
1003 1897 1073 1961 libri
1095 1895 1241 1974 sextili),
1260 1913 1322 1978 quo
1339 1895 1377 1958 ad

298 1995 485 2060 exercitium
519 1994 755 2074 jurisdictionis
787 1995 872 2060 dicte
905 1997 1160 2060 conseruatorie.
1195 1995 1261 2070 Qua
1299 1994 1379 2060 lecta

299 2093 478 2158 antedictus
505 2092 655 2158 dominus
682 2109 719 2157 ao
746 2094 897 2174 magister
918 2095 1083 2158 lobannes
1105 2093 1299 2175 supplicauit
1320 2092 1381 2173 sibi

299 2208 356 2271 per
372 2191 614 2256 uniuersitatem
629 2191 771 2273 impendi
789 2209 916 2257 omnem
934 2193 1075 2258 fauorem
1093 2201 1124 2257 et
1143 2194 1298 2258 honorem
1321 2189 1382 2272 sibj

298 2289 434 2354 debitos.
468 2290 571 2369 Super
607 2309 671 2372 quo
701 2292 895 2356 uniuersitas
926 2291 1108 2356 deliberans
1138 2292 1250 2355 annuit
1281 2290 1383 2355 eidem

232 2423 240 2432 ·
298 2406 409 2454 omnes
427 2391 567 2454 laxrxorcm
588 2401 619 2455 et
642 2391 810 2468 bonorem,
829 2401 861 2455 et
883 2391 969 2471 quod
990 2391 1062 2471 jpse
1085 2391 1237 2454 omnibus
1262 2392 1383 2454 bonore

298 2497 329 2553 et
346 2491 455 2553 lauorc
470 2497 502 2552 vt
517 2491 609 2554 decet
626 2500 840 2569 prosequatur
856 2501 887 2554 et
903 2490 1006 2554 eidem
1020 2490 1260 2570 impendantur.

609 2621 679 2675 Actu
696 2621 893 2686 Universttott'r,
911 2621 945 2686 V,
962 2623 1009 2678 fol.
1025 2619 1101 2676 cclxv
1116 2630 1140 2676 r⁰
1154 2627 1181 2676 et
1194 2629 1234 2678 νο.

343 2807 378 2870 31
398 2811 469 2870 coxit
488 2807 577 2870 tritt.
596 2807 744 2873 Rectorat
760 2811 800 2874 de
814 2811 890 2874 dean
908 2810 1049 2875 Calaber.

346 3006 402 3070 llie
425 3005 510 3084 iouis
533 3005 640 3070 ultima
664 3006 785 3071 mensis
808 3007 932 3088 augustj
955 3006 1076 3087 judinta
1100 3005 1157 3069 luit
1179 3005 1385 3086 congregatio

302 3105 521 3169 uniuersitatis
544 3105 627 3184 apud
651 3106 906 3186 Augustinenses
927 3109 1013 3186 inter
1038 3121 1150 3169 nouam
1174 3114 1206 3169 et
1228 3105 1383 3168 decimam

303 3205 399 3268 boras
414 3214 487 3268 aute
505 3203 669 3269 meridiem
686 3221 783 3284 super
801 3204 862 3285 bijs
878 3205 1033 3268 articulis.

345 3401 464 3464 Deinde
486 3400 680 3465 venerabilis
703 3409 733 3466 et
756 3402 904 3482 egregius
927 3401 976 3464 vir
999 3401 1150 3465 dominus
1173 3417 1210 3463 ac
1233 3398 1386 3479 magister

304 3507 414 3563 noster
438 3499 600 3563 lohannes
626 3501 667 3564 de
693 3499 932 3581 Wemeldingeu
961 3499 1127 3580 utriusque
1150 3499 1233 3580 juris
1256 3498 1381 3573 doctor,

302 3599 444 3662 decanus
471 3597 609 3663 ecclesie
639 3598 731 3664 beate
760 3599 883 3663 liudule
914 3598 1143 3674 Bruxeliensis,
1167 3595 1201 3676 jn
1232 3595 1385 3660 exercitio

299 3696 534 3777 jurisdictionis
547 3700 790 3764 coxxseruatorie
805 3699 1045 3778 priuilegioxum
1059 3698 1154 3761 buius
1166 3695 1385 3761 vniuersitatis

301 3798 453 3871 existens,
490 3797 633 3861 exbibuit
669 3799 837 3878 quamdam
876 3799 994 3861 bullam
1031 3795 1226 3876 sanctissimi
1264 3793 1384 3858 domini

300 3897 400 3958 nostri
440 3912 519 3975 pape
558 3895 675 3961 Leonis
713 3896 856 3976 moderni
895 3895 1111 3960 continentem
1147 3893 1385 3974 derogationem

300 3994 429 4072 capituli
457 3994 560 4058 tiualis
589 3995 628 4059 de
651 3995 757 4060 obicio
782 4005 812 4060 et
836 4004 993 4074 potestate
1013 3994 1132 4076 judicis
1156 3991 1289 4073 delegati
1314 3989 1385 4054 libri

338 4193 377 4264 (l)
397 4193 517 4248 Citation
531 4193 567 4247 du
584 4193 631 4247 Vl⁰
645 4193 714 4248 livre
728 4195 774 4247 des
789 4191 953 4250 Decretales.
