3246 4944
709 403 918 520 -ene-ss

260 633 314 704 tali
345 634 512 719 prooemio
543 635 604 700 sibi
635 651 652 699 a
684 635 870 718 reverendo¹
890 634 1022 702 domino
1052 629 1165 702 abbate
1197 629 1346 704 lercensi

260 736 401 801 extribito
419 734 572 816 publicari
591 736 723 814 placeat.
742 733 780 798 Et
795 735 936 814 desuper
952 751 990 798 ex
1004 734 1188 799 facultatum
1206 737 1347 800 unanimi
1395 731 1397 736 ’

261 835 494 902 deliberatione
517 835 677 898 conclusit
702 832 1057 915 magnillcusdominus
1074 833 1192 900 Rector
1209 835 1346 916 placere,

261 945 295 1000 nt
323 935 407 1000 diota
437 933 578 998 visitatio
608 934 667 998 sub
699 933 864 1013 prooemio
903 931 1064 1012 praelecto
1102 933 1281 1013 publicetur
1317 947 1348 1002 et

263 1033 494 1114 promulgetur,
512 1033 601 1097 snlro
617 1032 701 1113 quod
719 1032 873 1097 articulus
896 1032 1055 1110 praelatae
1070 1033 1275 1111 visitationis,
1293 1037 1346 1117 qni

262 1142 311 1200 est
337 1133 377 1198 de
403 1132 689 1212 superintendento
720 1131 946 1198 constituendo
975 1131 1060 1196 circa
1088 1133 1346 1202 observationem

262 1231 499 1296 ordinationum
518 1229 662 1311 eiusdem
679 1229 871 1295 visitationis
888 1238 1027 1294 mutetur
1043 1247 1099 1295 seu
1117 1232 1290 1312 explicetur
1306 1233 1348 1300 ita

264 1340 296 1398 et
321 1331 437 1404 taliter,
456 1340 489 1395 ut
513 1331 680 1396 manifeste
707 1335 810 1411 pateat
835 1329 1071 1396 nullamtribui
1092 1329 1348 1412 jurisdictionem

263 1429 316 1494 isti
332 1429 609 1510 superintendenti
626 1429 658 1492 in
674 1427 839 1508 supposita
856 1427 1092 1507 Universitatis,
1106 1431 1161 1494 sed
1181 1433 1350 1512 magnifico

262 1528 394 1596 domino
412 1527 541 1594 Rectori
557 1527 701 1610 eiusdem
719 1527 944 1594 Universitatis
964 1527 1017 1608 jus
1041 1538 1071 1593 et
1092 1527 1349 1610 iurisdictionem

263 1628 395 1694 indicta
411 1627 580 1708 supposita
597 1644 727 1693 manere
742 1628 862 1692 salvam
875 1635 906 1692 et
922 1627 1088 1708 integram.
1104 1629 1239 1712 insuper
1254 1631 1349 1697 etiam

265 1727 443 1808 rogandum
480 1735 524 1801 et,
552 1735 711 1807 quatenus
741 1726 810 1790 fieri
840 1733 957 1806 potest,
985 1725 1201 1792 inducendum
1231 1730 1350 1794 dictum

267 1825 479 1892 reverendum
502 1825 667 1889 dominnm
690 1825 837 1890 abbatem
861 1832 894 1889 ut
917 1834 1018 1890 mutet
1040 1835 1093 1890 aut
1117 1828 1231 1892 mutari
1259 1829 1352 1895 faciat

265 1919 447 2001 articulum,
465 1923 517 2004 qni
533 1922 676 1989 continet
699 1921 872 2004 graduatos
895 1922 926 1986 in
952 1923 1084 1988 servitio
1100 1924 1150 1992 vel
1169 1925 1352 2006 iuramento

265 2021 373 2104 oppidi
411 2021 589 2088 existentes
627 2038 690 2086 non
728 2038 802 2088 esse
832 2038 890 2102 pro
921 2021 1100 2102 suppositis
1130 2022 1353 2092 Universitatis

264 2123 472 2203 reputandae,
491 2123 532 2185 ita
558 2130 591 2186 ut
614 2128 762 2186 maneant
784 2120 952 2202 supposita
976 2121 1201 2187 Universitatis
1227 2123 1271 2186 illi
1298 2125 1351 2206 qui

262 2220 533 2302 bocennaium
560 2219 790 2285 concordatum
817 2219 896 2285 alias
924 2237 981 2300 per
1006 2219 1251 2287 Universitatem
1278 2241 1349 2289 cum

263 2319 381 2400 oppido
404 2320 526 2391 initum,
545 2336 602 2400 pro
626 2319 742 2384 talibus
759 2319 869 2384 haberi
886 2330 1145 2396 consueverunt;
1164 2331 1348 2389 nontamen

265 2418 513 2484 Universitatem
543 2417 709 2484 intendere
739 2417 985 2499 promulgationi
1015 2417 1119 2484 diotae
1153 2420 1345 2488 visitationis

266 2533 385 2597 ponere
400 2517 613 2594 obstaculum,
631 2516 726 2582 etiam
748 2516 775 2580 si
799 2515 860 2580 troc
884 2516 1045 2597 posterius
1069 2533 1131 2582 non
1154 2520 1285 2585 omnino
1308 2539 1346 2586 ex

265 2625 339 2679 voto
374 2615 528 2680 obtineat.
560 2615 739 2691 Praeterea,
771 2614 798 2678 si
830 2615 861 2678 in
899 2615 1042 2680 articulis
1076 2619 1348 2685 concernentibus

264 2713 408 2796 singulas
424 2714 590 2778 facultates
611 2713 728 2794 aliquid
752 2714 973 2779 contineretur
995 2716 1079 2794 (pund
1103 2715 1228 2796 aliquae
1251 2718 1349 2785 facul-

265 2820 346 2877 tates
369 2812 613 2878 considerarent
636 2812 695 2875 sibi
720 2811 957 2894 praejudiciale,
974 2830 1072 2893 posse
1095 2815 1261 2882 facultates
1278 2817 1349 2882 illas

266 2911 403 2990 aliquem
429 2911 478 2974 vel
508 2911 633 2991 aliquos
663 2927 701 2974 ex
729 2911 852 2991 gremio
883 2929 942 2976 suo
971 2912 1133 2978 destinare
1160 2915 1198 2978 ad
1228 2915 1347 2982 dictum

267 3009 478 3074 reverendum
494 3009 659 3073 dominnm
675 3009 819 3074 abbatem
837 3009 1040 3086 Parcensem
1057 3022 1090 3076 nt
1105 3012 1244 3093 desuper
1259 3015 1347 3080 illum

266 3108 450 3184 informent,
468 3118 499 3173 et
524 3109 636 3171 mutari
660 3117 714 3171 aut
736 3108 827 3172 aliter
850 3107 979 3189 disponi
1002 3119 1127 3190 rogent.
1146 3111 1182 3175 llt
1204 3113 1242 3176 ad
1267 3114 1349 3180 banc

267 3205 508 3272 conclusionem
531 3205 756 3271 Universitatis
777 3207 865 3272 dicto
889 3208 1065 3274 reverendo
1088 3209 1217 3275 domino
1244 3211 1350 3277 abbati

269 3414 281 3435 ἰ
298 3391 417 3460 peracta,
435 3387 539 3459 patiere
555 3385 621 3442 dicti
643 3387 835 3452 commissarii,
863 3387 895 3444 19
910 3387 985 3458 junii
1010 3388 1089 3453 toln,
1108 3395 1212 3446 certum
1231 3393 1284 3448 sibi
1305 3412 1353 3466 per

269 3505 282 3527 n
299 3479 442 3534 Rectorem
464 3483 492 3534 et
514 3478 725 3534 Universitatem
748 3479 838 3534 locum
861 3485 888 3534 et
910 3479 1005 3534 boram
1024 3481 1163 3551 designari
1183 3485 1217 3538 ad
1237 3487 1352 3541 eandem

270 3597 283 3618 ι
300 3570 436 3641 publicari
450 3571 596 3626 videndum
609 3575 638 3625 at
651 3569 827 3627 audiendum.
843 3572 889 3642 nt,
905 3587 968 3626 cum
988 3589 1069 3643 super
1087 3575 1147 3643 ejus
1167 3575 1353 3645 publicatione

271 3687 283 3708 n
301 3668 455 3717 moveretur
467 3661 652 3716 controversia
665 3678 698 3716 ao
710 3661 782 3733 qnod
797 3661 987 3734 principaliter
1000 3669 1027 3718 et
1042 3663 1173 3733 primario
1186 3668 1237 3721 snb
1249 3685 1353 3726 eorun-

271 3777 284 3798 ··
301 3753 361 3806 dem
382 3752 625 3808 serenissimorum
648 3751 809 3822 Principum
830 3753 986 3808 nominibus
1005 3761 1135 3824 concepta
1154 3755 1275 3814 visitatio
1295 3767 1352 3816 tum

270 3867 282 3888 ιι
299 3843 463 3898 Academiae
483 3841 645 3914 privilegiis,
668 3847 726 3898 tum
752 3843 829 3897 Sedis
850 3843 1018 3914 apostolicae
1040 3843 1170 3914 dignitati
1193 3863 1225 3901 ae
1243 3850 1354 3919 juribus

271 3934 508 4004 »praejudicialis
532 3937 640 4004 poterat
661 3933 759 3998 videri,
776 3935 897 4005 professa
919 3940 961 3989 est
984 3935 1156 3990 Universilaa
1175 3953 1235 3992 sesa
1255 3958 1305 4011 pro
1323 3959 1355 3996 en

271 4048 283 4070 -
301 4023 358 4078 vica
371 4041 426 4079 non
441 4023 626 4095 potuisssent
639 4024 760 4096 possein
779 4025 936 4095 buJ'usmodi
955 4026 1169 4096 publicationem
1189 4031 1353 4090 consentire.

271 4139 283 4160 ι
302 4111 416 4181 Deinde,
437 4113 532 4168 habita
554 4131 617 4168 cnm
644 4120 793 4170 memorato
815 4117 914 4170 abbate
936 4115 1194 4184 communicatione,
1216 4120 1353 4179 diversum

275 4227 287 4250 ι
304 4202 353 4258 ille
365 4223 382 4257 a
396 4201 481 4276 priori
498 4204 625 4259 exhibuit
637 4205 759 4260 mandati
772 4205 910 4276 specimen
924 4207 957 4260 ad
971 4205 1072 4262 dictam
1086 4210 1352 4283 promulgationem

275 4317 288 4343 η
304 4295 375 4366 qnod
391 4293 569 4349 Universitati
583 4293 695 4366 placuit.
714 4321 727 4346 s
