3100 4942
776 467 962 530 -lla-

329 645 410 708 inira
433 645 552 710 dictum
580 663 635 712 sex
655 646 778 713 dierum
802 649 973 722 terminum
996 662 1013 710 a
1036 643 1291 710 contradictione
1313 641 1416 707 rebel·

327 743 414 810 lione
440 753 471 810 et
499 745 731 826 impedimento
761 746 945 812 huiusmodi
976 743 1107 810 omnino
1136 742 1329 808 destiteritis
1358 758 1416 806 seu

328 846 510 911 destiterint
530 863 566 911 ac
589 847 746 912 mandatis
768 848 888 914 nostris
904 846 1087 912 huiusmodi
1104 861 1177 926 ymo
1193 845 1303 910 uerius
1319 859 1417 924 apos·

327 945 434 1010 tolicis
457 945 628 1024 parueritis
649 963 706 1010 seu
735 947 898 1028 paruerint
924 963 995 1012 cunr
1023 944 1138 1010 ellectu
1165 960 1292 1009 exnunc
1321 950 1418 1022 prout

328 1053 445 1110 extunc
460 1054 491 1108 et
506 1052 622 1110 extunc
635 1055 728 1126 prout
743 1061 869 1111 exnunc
892 1045 1033 1126 predicta
1057 1043 1210 1108 canonica
1232 1041 1419 1106 nronicione

329 1142 485 1222 premissa
502 1143 532 1205 in
549 1143 611 1224 hijs
624 1143 755 1223 scriptis
767 1143 1123 1217 excommunicationis,
1137 1141 1169 1204 in
1182 1141 1325 1221 capitula
1340 1155 1419 1204 vero

328 1257 529 1322 quecumque
544 1241 575 1304 in
594 1240 655 1323 biis
671 1242 887 1322 delinquentia
905 1240 1130 1321 suspensionis
1153 1257 1169 1302 a
1185 1239 1309 1303 diuinis
1332 1246 1367 1304 el
1387 1237 1418 1299 in

328 1339 430 1420 ipsam
448 1339 679 1420 parrochialem
696 1341 867 1406 ecclesiam
884 1342 924 1406 de
939 1340 1043 1406 Soelle
1055 1340 1086 1402 in
1100 1358 1161 1420 qua
1175 1339 1293 1404 vicaria
1308 1336 1420 1401 buius·

329 1438 415 1503 modi
439 1437 587 1502 consistit
612 1448 644 1504 et
670 1456 946 1522 quorumcumque
972 1439 1231 1520 delinqucnciom
1260 1435 1421 1502 ecclesias

329 1537 489 1602 interdicti
506 1538 681 1604 sententias
698 1539 828 1604 ierimus
845 1539 876 1602 in
894 1538 954 1620 bijs
971 1538 1101 1616 scriptis
1114 1537 1257 1602 eieciam
1273 1534 1419 1616 promul·

330 1653 454 1718 gamus.
474 1635 569 1700 Vobis
586 1653 662 1702 vero
684 1637 864 1702 reuerendo
887 1636 964 1716 patri
982 1635 1113 1700 domino
1129 1635 1291 1715 Episcopo
1308 1633 1420 1698 came-

330 1734 456 1798 racensi
472 1735 521 1800 cui
539 1735 580 1798 cb
597 1737 810 1800 reuerentiam
825 1745 931 1800 vestre
948 1733 1139 1816 pontiticalis
1151 1733 1317 1814 dignitatis
1332 1732 1422 1796 deie-

330 1833 433 1896 rimus
455 1833 486 1894 in
510 1835 569 1898 lrac
593 1843 681 1914 parte
703 1836 730 1898 si
753 1846 867 1900 contra
885 1834 1041 1914 premissa
1060 1833 1108 1899 uel
1126 1833 1270 1912 ipsorum
1287 1829 1421 1910 aliquod

331 1931 473 1996 feceritis
490 1949 545 2012 per
560 1949 617 1996 vos
635 1933 684 1998 uel
701 1934 894 1998 submissam
913 1949 1083 2014 personam
1102 1931 1244 2011 predicta
1261 1929 1420 1995 canonica

333 2030 515 2094 monicione
534 2032 691 2110 premissa
712 2033 892 2113 ingressum
910 2032 1049 2097 ecclesie
1065 2029 1292 2096 interdicimus
1309 2029 1342 2090 in
1361 2025 1424 2106 bijs

333 2129 475 2208 scriptis.
497 2129 529 2191 Si
549 2146 627 2195 vero
649 2131 834 2196 huiusmodi
857 2131 1062 2196 interdictum
1087 2147 1143 2210 per
1165 2128 1247 2192 alios
1271 2143 1330 2191 sex
1352 2125 1424 2190 dies

334 2229 475 2308 prelatos
487 2245 544 2294 sex
556 2229 624 2294 dies
638 2229 818 2294 immediate
831 2240 1005 2310 sequentes
1018 2227 1238 2293 sustinueritis
1251 2243 1311 2306 ros
1324 2223 1421 2289 simili

335 2327 487 2390 canonica
512 2327 694 2394 municione
719 2329 873 2408 premisse
897 2329 927 2392 in
952 2329 1014 2408 trijs
1038 2327 1169 2408 scriptis
1189 2324 1420 2404 suspendimus

334 2439 351 2488 a
368 2425 499 2488 diuinis.
517 2424 632 2490 Verum
655 2427 682 2490 si
706 2427 843 2506 prelatas
864 2427 1023 2492 interdicti
1043 2437 1074 2491 et
1094 2425 1323 2506 suspensionis
1348 2439 1422 2488 sen-

333 2523 450 2588 tentias
468 2541 524 2603 per
540 2525 620 2589 alios
636 2543 693 2591 sex
708 2525 778 2589 dies
796 2527 937 2607 prelatos
952 2525 1120 2590 duodecim
1143 2525 1213 2589 dies
1236 2523 1422 2588 immediate

333 2633 507 2702 sequentes
522 2624 639 2688 animis
654 2625 739 2704 quod
753 2625 837 2690 absit
849 2625 1068 2690 sustinueritis
1081 2625 1238 2687 induratis
1251 2639 1310 2686 vos
1324 2621 1421 2684 simili

334 2721 488 2785 canonica
511 2723 693 2787 municione
717 2725 872 2803 premissa
896 2725 927 2787 in
949 2723 1070 2788 eisdem
1094 2724 1224 2803 scriptis
1239 2737 1423 2785 excommu-

336 2818 514 2883 nicacionis
537 2822 693 2884 sententia
718 2823 923 2887 innodamus.
940 2821 1080 2885 Curanurr
1103 2838 1175 2886 cum
1196 2821 1233 2884 ad
1250 2818 1422 2886 execuelo-

338 2933 410 2980 nem
435 2918 618 2982 ulteriorem
642 2919 673 2982 in
698 2923 840 3000 presenti
865 2921 1000 3000 negocio
1024 2921 1200 2984 laciendum
1223 2933 1423 2998 nequeamus

337 3032 401 3096 quo
417 3015 454 3080 ad
473 3033 606 3096 presens
622 3017 694 3099 alijs
710 3020 820 3084 arduis
835 3020 866 3082 in
884 3019 1025 3084 licmana
1041 3019 1129 3084 curia
1147 3018 1302 3100 prepediti
1325 3033 1423 3100 nego-

337 3114 396 3194 cijs
413 3115 574 3180 uniuersis
597 3125 628 3180 et
650 3119 786 3198 singulis
808 3118 948 3183 dominis
963 3118 1141 3181 Abbatibus
1166 3116 1331 3182 Prioribus
1353 3117 1423 3180 Pre-

338 3215 453 3294 positis
481 3215 616 3278 Decanis
643 3216 886 3282 drcbidiaocnis
912 3201 1099 3281 scolasticis
1125 3214 1318 3280 Cantoribus
1346 3214 1424 3277 Cus-

337 3313 466 3376 todibus
481 3313 703 3395 Thesaurarijs
720 3315 870 3380 sacristis
887 3325 948 3379 tem
966 3315 1195 3379 cathedralium
1212 3329 1306 3394 quam
1324 3313 1423 3378 ocllc·

337 3411 1425 3495 gialarumcanonicisparrochialiumqueecclesiarumllectoribus

339 3526 396 3573 seu
414 3511 669 3577 locatenentibus
686 3515 872 3579 eorumdem
895 3514 1043 3578 Plebanis
1058 3511 1274 3592 viceplebanis
1296 3509 1424 3589 cappel-

339 3609 422 3672 lanis
452 3612 572 3675 curatis
602 3622 631 3676 et
663 3629 726 3676 non
757 3614 877 3677 curatis
908 3613 1037 3693 vicerijs
1072 3611 1234 3692 perpetuis
1271 3608 1424 3672 altaristis

340 3709 523 3788 ceterisque
544 3710 732 3790 presbiteris
752 3713 880 3776 clericis
903 3711 1042 3792 Notarijs
1065 3719 1095 3776 et
1113 3709 1355 3774 libellionibus
1371 3723 1423 3788 pu·

340 3804 434 3868 blicis
463 3807 720 3890 quibuscumque
751 3828 805 3884 per
835 3811 994 3874 civitatem
1024 3819 1055 3872 et
1087 3808 1243 3872 diocesim
1276 3803 1422 3871 Camera-

340 3919 470 3968 censem
498 3923 534 3970 ac
560 3907 639 3972 alias
666 3908 798 3973 ubilibet
823 3907 1009 3974 constitutis
1036 3919 1204 3973 eteorum
1232 3905 1363 3971 cuilibet
1391 3903 1420 3965 in

341 4002 479 4067 solidum
497 4021 594 4084 super
610 4005 752 4070 vlteriori
774 4007 969 4070 execucione
992 4005 1067 4070 dicti
1094 4005 1232 4068 mandati
1256 3999 1422 4084 apostolici

342 4109 437 4180 atque
461 4103 561 4168 nostri
579 4103 722 4168 iacienda
747 4113 858 4169 tencre
883 4103 1086 4183 presencium
1112 4103 1344 4166 committimus
1359 4101 1421 4182 ple·

344 4199 433 4264 rrorie
449 4199 536 4265 vices
550 4210 678 4266 nostras
694 4203 797 4266 donec
808 4219 864 4266 eas
879 4203 917 4264 ad
936 4218 995 4266 nos
1008 4201 1195 4266 duxerimus
1211 4200 1418 4264 reuocandas.
