3260 4944
668 389 792 486 -auu'
815 455 856 471 -

251 593 311 666 Les
334 601 469 668 clientes
490 621 531 668 ua
549 605 660 684 pordes
683 605 866 670 auciliuirce
889 603 1202 687 reprenendam
1224 619 1302 687 prof

212 713 338 770 mcteur
359 703 436 770 etait
456 705 541 783 aide,
558 707 639 772 dans
662 707 994 790 l'accomplissemeut
1016 706 1126 773 deses
1148 705 1308 774 delicatos

211 801 384 879 fonctions,
410 821 467 886 par
488 804 547 872 des
571 805 826 872 lonctionnaires
850 805 982 888 appelds
1000 806 1138 883 clienter,
1154 822 1195 870 au
1219 804 1308 886 sulci

211 901 363 986 desquels
385 903 434 970 les
454 905 581 971 Sicinio
597 907 783 972 Academiae
798 907 999 972 moenianis
1021 904 1232 972 contieuuent
1256 904 1305 971 les

212 1002 447 1085 prescriptione
470 1004 637 1072 suivantes
663 1007 755 1088 (apud
785 1006 947 1084 bucinus,
978 1005 1058 1071 libr.
1087 1006 1222 1081 bauan,
1249 1005 1304 1070 ed.

119 1153 123 1166 .
213 1101 365 1180 bellam,
383 1102 422 1180 ll,
441 1120 472 1184 p.
491 1103 587 1182 alal:

363 1321 407 1384 Dc
421 1321 517 1401 officio
533 1321 677 1386 clientum
695 1321 910 1390 Urtiucrsiioiis
926 1327 955 1386 ct
965 1321 1159 1405 promereris.

255 1487 285 1549 l.
310 1485 427 1551 nector
453 1493 485 1552 et
510 1485 723 1562 universitas,
752 1487 920 1568 cupientes
949 1486 1176 1554 adolescentes
1209 1483 1308 1554 studit

213 1583 314 1666 gratia
330 1583 393 1649 buc
408 1583 611 1651 confluentes
633 1586 665 1649 in
682 1602 741 1650 suo
757 1585 864 1652 officio
880 1585 1054 1662 contineri,
1071 1595 1102 1652 et
1118 1601 1212 1651 suum
1231 1604 1306 1668 pro·

214 1693 371 1749 molerem
394 1700 412 1747 a
435 1684 656 1766 frequentibus
679 1683 902 1750 invasionibus
925 1685 1141 1766 praeservari,
1158 1693 1306 1751 statuunt

213 1793 244 1848 et
260 1781 421 1858 ordinant,
434 1783 520 1864 quod
534 1791 701 1864 promotor
716 1783 827 1861 iubis,
841 1800 924 1866 quae
940 1791 1143 1850 concernunt
1159 1781 1302 1851 cilicium

215 1897 321 1957 suum,
340 1880 385 1946 uti
401 1882 520 1964 poterit
541 1898 640 1964 opera
656 1881 794 1948 duorum
815 1883 1051 1960 ministrorum,
1068 1899 1152 1964 quos
1168 1881 1307 1948 Univer-

216 1979 296 2046 sitas
318 1980 358 2045 ad
381 1980 444 2047 boo
467 1980 596 2064 deliget.
621 1980 681 2057 Qui
706 1989 875 2063 postquam
898 1980 1054 2062 assumpti
1078 1990 1185 2058 crunt,
1202 1981 1307 2063 primo

216 2079 611 2162 praestabuntjuramenta
627 2080 903 2158 intitulaudorum‚
922 2080 950 2145 si
967 2081 1058 2160 prius
1074 2079 1226 2146 intitulati
1244 2097 1306 2146 non

216 2176 293 2254 sint,
317 2189 349 2246 et
370 2180 488 2246 deinde
510 2179 596 2262 quod
619 2179 751 2246 domino
774 2179 916 2256 nacturi,
939 2179 1149 2246 Universitati
1173 2187 1205 2245 et
1233 2196 1309 2263 pro·

217 2279 345 2354 moturi,
372 2280 403 2344 in
426 2279 477 2346 bis
500 2297 581 2361 quae
603 2295 716 2346 eorum
739 2277 881 2346 officium
907 2287 1119 2356 corroserunt,
1134 2277 1253 2346 ildeles
1276 2287 1308 2344 et

218 2377 409 2445 obedientes
424 2388 531 2445 erunt.

258 2511 289 2576 2.
312 2511 448 2578 llinisiri
465 2527 687 2595 quoscumque
701 2510 823 2578 abusus
838 2527 876 2576 ac
890 2509 1035 2576 omnium
1050 2518 1083 2576 et
1098 2509 1306 2594 singulorum

217 2627 385 2686 excessus,
413 2611 690 2694 transgressiones
719 2617 751 2677 et
778 2610 896 2676 delicta
922 2613 1146 2692 quaecumque
1174 2609 1308 2676 dominc

219 2707 349 2778 Rectori
368 2718 402 2776 ct
417 2711 593 2805 promoturi
611 2709 765 2785 revelent,
783 2708 856 2774 sine
871 2707 1063 2790 exceptione
1080 2716 1136 2774 aut
1150 2709 1308 2774 dissimu-

220 2810 339 2876 latione
362 2809 605 2892 cuiuscumque,
622 2827 716 2893 quam
737 2809 876 2890 primum
897 2807 1084 2891 huiusmodi
1104 2824 1259 2874 excessus
1275 2817 1307 2874 et

220 2909 341 2976 abusus
355 2909 395 2974 ad
410 2909 555 2990 ipsorum
573 2909 716 2976 notitiam
732 2909 932 2976 devenerint.

262 3041 293 3105 3.
317 3041 419 3118 Quum
435 3041 616 3108 audiverint
637 3041 764 3124 aliquos
780 3057 936 3107 excessus
959 3041 998 3106 ad
1015 3039 1161 3106 notitiam
1184 3039 1308 3106 domini

222 3141 370 3208 flecteris
391 3140 442 3207 vel
465 3139 661 3223 promotoris
685 3141 884 3223 pervenisse,
902 3147 934 3206 et
949 3139 1104 3206 sciverint
1128 3139 1306 3222 promoturi
1428 3197 1431 3204 .

221 3241 403 3307 mandatum
426 3248 551 3308 esseut
573 3240 757 3323 hujusmodi
773 3241 1000 3322 delinquentes
1023 3238 1258 3323 apprehendat,
1276 3232 1307 3303 id

220 3339 339 3407 nemini
355 3339 544 3408 revelabunt
558 3340 620 3406 sub
636 3356 740 3422 poena
755 3339 976 3406 destitutionis
992 3339 1031 3404 ab
1047 3335 1168 3405 officio.

261 3474 292 3538 l.
317 3473 395 3540 Cum
417 3471 622 3540 scholaribus
645 3471 850 3555 symbolatim
873 3471 905 3536 ln
923 3470 1065 3548 tabernis
1089 3469 1228 3550 publicis
1245 3487 1309 3536 nun

221 3571 343 3648 bibant,
358 3589 419 3639 nec
434 3571 588 3654 oppidum
600 3571 800 3638 lovaniense
815 3579 931 3636 exeant
946 3570 1018 3636 sine
1030 3568 1163 3652 speciali
1179 3568 1309 3636 licentia

220 3672 342 3740 domiui
359 3673 522 3739 Rectoris.

260 3805 290 3868 b.
315 3804 458 3886 Singulis
480 3804 594 3870 diebus
618 3804 681 3879 bis,
704 3803 856 3870 videlicet
880 3819 973 3870 mane
996 3802 1075 3868 bora
1101 3809 1215 3868 octava
1237 3811 1308 3867 eta

221 3903 355 3970 meridie
378 3904 457 3970 bora
481 3903 635 3980 secunda,
658 3920 695 3968 se
717 3903 893 3985 promotori
918 3901 1101 3977 exhibeant,
1125 3910 1169 3978 et,
1186 3901 1215 3966 si
1239 3900 1310 3982 ipse

218 4001 1308 4085 iudicaveritexpedirepumipsoexibuntapraedictaburaoclava

222 4119 325 4184 usque
346 4101 386 4168 ad
411 4101 647 4180 duodecimam,
672 4109 703 4167 ei
729 4117 746 4165 a
769 4101 911 4168 secunda
935 4101 1099 4183 usquead
1123 4115 1306 4182 vesperam.

221 4200 312 4282 Quod
334 4201 364 4270 si
389 4201 472 4268 sorte
498 4209 664 4284 promotor
685 4200 781 4267 dictis
804 4200 894 4267 boris
916 4200 996 4268 nolit
1018 4199 1118 4276 exire,
1136 4207 1308 4268 teneantur
