3222 4944
711 462 833 530 -686
854 499 894 512 -

261 643 375 709 habeat
402 643 611 709 advisamenti
639 645 770 711 strictae
798 645 968 724 facultatis,
989 646 1182 712 attendendo
1205 647 1242 712 ad
1267 665 1347 713 cco-

261 742 463 808 suitationem
495 751 536 817 et,
569 743 597 808 si
627 744 698 825 quis
737 761 813 825 prac
850 745 968 811 ceteris
1005 747 1100 827 longe
1137 746 1347 812 excellentius

261 842 514 916 commendetur,
532 843 616 924 quod
643 859 704 908 oon
723 853 873 924 poterunt
887 845 1036 910 conterre
1052 845 1222 911 lectionem
1240 845 1347 910 minus

261 940 382 1019 capaci,
397 941 627 1021 praetermisso
643 941 737 1024 longe
752 942 924 1024 capaciori.
938 945 1028 1018 Quod
1045 943 1072 1008 si
1089 943 1212 1021 iecerit,
1230 945 1346 1010 eiectio

262 1056 319 1120 per
343 1039 437 1105 Suam
469 1040 662 1122 Maiestatem
694 1043 849 1108 cassanda
880 1043 952 1122 erit,
977 1052 1007 1109 et
1036 1043 1222 1110 conteretur
1250 1043 1346 1109 lectio

261 1139 487 1220 capacissimo.

656 1399 658 1404 ¹
780 1324 830 1388 aa.

304 1520 509 1601 Praecipitor·
525 1520 555 1582 in
580 1521 769 1586 visitatione
792 1521 992 1603 singularum
1009 1521 1194 1586 facultatum
1210 1521 1347 1588 bedeitis

265 1630 298 1684 ut
313 1619 485 1684 observent
499 1629 530 1684 et
548 1628 658 1684 notent
673 1619 800 1700 quoties
817 1619 934 1702 singuli
952 1621 1155 1700 professores
1171 1637 1274 1703 neque
1291 1639 1349 1702 per

264 1736 300 1783 so
317 1735 420 1800 neque
437 1735 493 1799 per
508 1719 715 1784 substitutum
732 1721 880 1795 doceant,
898 1730 930 1786 et
950 1737 966 1784 a
990 1721 1142 1801 deputato
1165 1720 1275 1786 moniti
1298 1721 1349 1786 vet

265 1817 411 1898 requisiti
430 1817 534 1882 eidem
552 1817 646 1897 hujus
662 1817 707 1882 rei
725 1818 890 1883 veritatem
907 1818 1062 1899 aperiant.

307 2013 427 2078 Bedetti
456 2030 518 2078 non
546 2014 711 2094 invigilant
739 2033 798 2080 neo
824 2015 1017 2081 lectionibus
1044 2015 1217 2090 intersunt,
1246 2033 1352 2098 neque

266 2111 410 2178 detectus
427 2121 548 2187 notant,
568 2129 671 2192 neone
687 2123 737 2178 est
752 2113 924 2193 deputatus
940 2115 990 2179 cui
1007 2115 1158 2179 reserant.
1175 2113 1354 2195 liapropter

266 2211 307 2273 de
330 2227 413 2276 novo
435 2211 583 2276 executio
607 2211 692 2275 itlius
714 2212 934 2277 demandanda
957 2213 1028 2288 erit,
1046 2222 1077 2278 ct
1100 2231 1140 2278 ex
1163 2222 1253 2294 parte
1269 2212 1353 2278 Suae

269 2307 441 2389 Maiestatis
468 2310 715 2375 constituendus
741 2311 856 2392 aliquis
883 2311 1055 2376 distinctus
1081 2312 1271 2387 stipatore,
1297 2313 1352 2393 qui

267 2407 381 2473 sedulo
396 2408 540 2489 invigilet
557 2425 614 2488 pro
632 2410 821 2474 executione
837 2410 1041 2476 decretorum
1057 2410 1266 2486 visitationis,
1279 2427 1354 2476 cum

269 2517 426 2588 potestate
442 2507 633 2572 emendandi
652 2518 682 2573 et
700 2508 871 2574 mulctandi
890 2519 951 2574 etc.

788 2903 843 2968 ΙΙΙ.

315 3136 417 3198 Lettre
440 3135 480 3197 du
503 3136 561 3198 duc
582 3137 620 3199 dc
640 3134 868 3210 Viliudctmoaa,
893 3151 1083 3215 pouuerneur
1106 3133 1159 3197 dea
1183 3133 1360 3212 Papa-Bos,

270 3235 462 3313 prescriuont
484 3253 552 3316 que,
576 3237 653 3298 dotas
675 3235 702 3298 lc
723 3253 774 3298 cus
796 3237 835 3298 cit
856 3235 900 3298 tea
920 3233 1050 3311 familiia
1074 3239 1176 3296 serent
1192 3231 1363 3294 certauittes

273 3349 327 3393 sur
341 3332 371 3394 to
386 3335 523 3413 capacite
535 3340 562 3396 et
577 3333 605 3396 ic
619 3334 728 3396 merite
743 3335 780 3398 dc
795 3334 959 3396 candidata
974 3333 1116 3412 dripuout
1131 3349 1191 3394 une
1205 3331 1308 3394 chaire
1323 3331 1363 3393 de

272 3434 459 3512 proieaaeur,
483 3431 527 3495 tes
550 3431 697 3496 membres
719 3434 757 3496 de
778 3441 852 3497 cette
873 3432 992 3510 [oculte
1012 3437 1105 3513 cpont
1128 3430 1208 3492 droit
1229 3429 1266 3492 de
1280 3433 1363 3492 veter

181 3533 185 3542 '
275 3532 394 3594 dotueut
421 3531 523 3612 preter
550 3541 681 3596 serment
712 3541 740 3595 et
766 3550 805 3595 ne
833 3533 949 3596 duttuer
977 3533 1044 3595 deur
1068 3537 1133 3594 eote
1163 3529 1247 3611 qu’cu
1277 3534 1363 3592 toute

274 3633 450 3694 conscience
465 3649 505 3694 ou
517 3629 590 3712 pius
605 3633 696 3712 dipne
712 3641 740 3694 et
756 3650 798 3695 ou
812 3632 882 3714 plus
898 3629 1034 3714 copobie.

717 3829 813 3900 ejutn
837 3827 916 3885 toto.

318 4001 385 4064 Don
420 4001 530 4066 Garios
566 4002 606 4066 dc
646 3971 778 4075 Guerra,
809 4003 934 4082 Aragon
960 4007 992 4065 et
1019 3997 1137 4078 Borjia,
1164 3996 1291 4076 ducque
1317 3994 1360 4060 de

277 4098 519 4173 Vittatrermosa,
529 4099 953 4172 ccrrtedeLuna,ohevaticr
965 4098 1006 4163 de
1021 4095 1186 4162 t'ordrede
1198 4093 1227 4158 ta
1239 4093 1360 4158 Toison

278 4197 348 4270 dor,
367 4197 594 4277 gentittromme
608 4199 647 4264 de
663 4198 691 4263 la
708 4199 866 4263 chambre
881 4198 922 4262 du
939 4197 1007 4278 Roy
1024 4195 1224 4268 nostraene,
1243 4192 1358 4257 tiente-
