3246 4944
751 415 936 488 -effo-

302 577 534 670 Universitalis.
553 602 611 679 Qui
628 611 733 668 autem
751 621 912 686 nunquam
931 613 1127 685 oppugnant,
1143 604 1229 687 iuxta
1256 605 1386 672 decreta

204 717 214 738 ·
299 703 496 768 Visitationis
519 719 615 785 supra
635 703 732 768 relata
754 703 919 770 deserendi
942 707 1025 768 Suae
1042 703 1253 770 Excellentiae
1268 718 1299 770 et
1317 714 1385 770 tan-

299 820 395 886 quam
411 802 515 884 ignavi
533 803 681 875 labendi.
698 815 729 867 et
745 819 805 868 suo
821 811 964 885 tempore
980 804 1119 884 desuper
1140 805 1384 885 providendum.

820 969 871 1032 19.

342 1103 419 1166 item
438 1101 584 1166 visitatio
607 1101 751 1166 decernit
773 1109 805 1165 ul
827 1119 957 1166 examen
980 1103 1317 1167 dumuleurearuiorum
1332 1105 1386 1184 fini

299 1208 402 1264 aloto
427 1201 551 1282 eolleqio
576 1199 617 1264 ad
642 1201 697 1263 leur
721 1200 898 1264 solemniter
923 1207 1095 1277 reiterentu,
1117 1209 1146 1264 el
1173 1220 1233 1264 rrorr
1260 1202 1297 1265 at
1324 1221 1385 1266 uuo

297 1301 345 1364 uel
358 1298 488 1364 duodus.

340 1447 459 1512 llodem
482 1446 577 1512 modo
601 1455 727 1527 putatur
753 1447 985 1513 instituendum
1011 1463 1142 1512 examen
1170 1447 1382 1514 lieentiando-

299 1563 382 1611 rum.
401 1546 439 1611 Et
461 1546 579 1612 dietum
602 1546 766 1612 decretum
783 1563 846 1611 non
863 1545 1070 1622 observatum
1087 1547 1185 1630 aliqui
1201 1546 1385 1628 frequenter

300 1647 339 1711 ab
368 1646 514 1712 examine
543 1663 578 1710 se
607 1646 789 1720 absentant,
820 1656 851 1712 et
888 1655 991 1712 tamen
1026 1646 1097 1727 jura
1134 1648 1382 1712 examinatorum

298 1745 430 1811 trahunt
445 1761 482 1809 ae
498 1745 523 1808 sl
542 1755 728 1826 praesentes
745 1745 893 1811 luissent.

341 1895 401 1959 Pro
427 1893 571 1959 remedio
598 1911 655 1974 per
680 1893 839 1960 bedellum
867 1895 1041 1960 annotandi
1065 1904 1158 1960 erunt
1180 1895 1385 1973 absenteset

298 1993 426 2059 illorum
460 1993 530 2074 jura
566 1992 753 2074 applicanda
791 1993 896 2058 erario
933 1993 1168 2068 Universitatis‚
1204 1993 1248 2058 uti
1286 2011 1384 2076 supra

299 2093 403 2159 adhue
418 2092 537 2158 dietum
555 2100 615 2156 est.

816 2239 866 2304 20.

661 2389 706 2452 De
726 2388 872 2468 seruitute
891 2389 1020 2453 medieu.

340 2535 485 2602 visitatio
507 2536 575 2600 vult
596 2544 628 2600 ut
650 2537 681 2599 lri
703 2543 836 2618 quatuor
854 2539 1041 2617 professores
1059 2535 1111 2616 (de
1127 2536 1242 2617 quibus
1258 2536 1381 2617 egerat)

296 2637 358 2699 elul
373 2637 543 2699 rrecessuru'o
559 2636 597 2698 tle
610 2637 718 2699 slrielo
733 2634 858 2716 rollepio
873 2635 963 2715 liuius
978 2636 1151 2714 facultatis
1169 2642 1197 2698 el
1214 2644 1381 2718 praeerunt

297 2737 435 2796 curamini
457 2740 484 2796 et
505 2735 685 2797 admissione
706 2733 990 2815 promovendorum,
1009 2741 1037 2796 el
1059 2736 1092 2796 in
1101 2733 1225 2812 iuribus
1240 2733 1380 2796 omnibus

295 2833 447 2914 equaliter
459 2834 702 2914 perrepunt,
719 2835 802 2897 soluo
820 2842 880 2900 ete.
898 2833 962 2898 Alit
977 2841 1080 2897 aulem
1098 2834 1131 2895 in
1153 2833 1210 2896 leue
1230 2833 1380 2912 [urullule

295 2934 434 2997 duriores
456 2951 516 2996 nou
537 2933 667 3013 tepentes
681 2933 834 2996 iubebunt
849 2934 969 2996 mitiora
985 2932 1135 3014 quaedum
1144 2934 1220 3012 iura
1234 2949 1379 3013 proesen-

295 3033 409 3095 tiueiu
432 3033 625 3096 examinari
651 3032 779 3094 uolutus
803 3030 933 3112 publicis
959 3031 999 3093 ud
1024 3048 1093 3094 eum
1118 3029 1242 3093 modum
1268 3031 1321 3110 qui
1346 3035 1378 3092 iu

293 3130 440 3206 seruitute
455 3132 614 3211 utriusque
622 3132 705 3208 juris
720 3129 907 3194 obsonator.

335 3278 532 3343 Universalis
562 3287 593 3343 et
621 3277 787 3342 sensibilis
817 3277 916 3342 totius
944 3276 1167 3342 Universitatis
1195 3285 1242 3343 est
1270 3277 1378 3360 queri-

295 3378 400 3441 monia
427 3377 458 3440 in
485 3377 546 3442 ista
573 3376 721 3442 laoultate
745 3384 868 3441 tantum
896 3377 1022 3441 unieum
1053 3375 1083 3439 in
1114 3376 1273 3456 praesenti
1304 3393 1378 3441 esse

293 3474 470 3541 duetorem.
489 3476 589 3552 Quem
612 3476 639 3539 si
662 3475 826 3558 contingat
849 3475 941 3550 mori,
959 3491 1031 3539 eum
1053 3474 1227 3556 opprobrio
1244 3475 1377 3540 Univer·
1446 3536 1451 3542 ,

293 3574 397 3639 sitatis
437 3575 565 3640 aliunde
605 3575 809 3656 quaerendus
849 3575 910 3638 erit
949 3575 1122 3656 graduales
1159 3573 1284 3647 doctor,
1322 3574 1375 3655 qui

294 3681 467 3754 sequentes
482 3675 633 3739 doctores
650 3674 766 3754 poterit
782 3671 952 3755 graduare.

334 3772 397 3836 lste
420 3772 534 3837 uniens
557 3773 670 3837 doctor
693 3773 788 3836 modo
810 3772 902 3836 solus
924 3771 1125 3835 administrat
1147 3771 1230 3836 hane
1248 3769 1378 3835 laeulla·

292 3878 368 3945 tem,
385 3871 475 3935 solus
495 3871 653 3938 examinat
674 3879 706 3936 et
729 3869 867 3934 admittit
890 3869 1114 3952 graduandos;
1139 3870 1223 3950 qnod
1248 3879 1378 3950 putatur

293 3969 509 4048 periculosum
537 3986 594 4050 pro
622 3968 760 4049 publico,
783 3967 870 4049 quia,
893 3967 1106 4033 interludente
1133 3965 1261 4043 affeetu,
1284 3967 1376 4032 iaoile

292 4065 414 4131 admitti
432 4069 556 4146 possint
571 4067 670 4150 ignari
688 4075 717 4132 et
735 4065 845 4148 inepti.

335 4164 398 4228 lsle
425 4167 538 4231 unicus
560 4168 666 4230 omnia
685 4166 757 4248 iura
781 4165 1063 4230 examinandorum
1088 4175 1118 4232 et
1141 4166 1372 4231 aetuandorum
