3236 4944
775 425 895 506 aest
920 461 960 486 -a

212 613 222 630 '
317 607 1405 706 allegarepoteritcancellarius,quontansepeabexordiornluera

316 718 422 783 sitatis
437 717 521 783 inter
535 717 762 784 cancellarium
778 727 809 784 et
825 719 1007 788 facultatem
1023 739 1123 806 super
1137 725 1252 793 ordine
1268 737 1403 809 tempta·

318 816 413 882 minis
429 825 461 882 et
480 817 636 882 examinis
655 817 814 883 altricatie
836 819 905 900 pic)
927 827 959 885 et
978 823 1143 890 contentio
1160 824 1327 907 bucusque
1343 845 1403 910 pro

319 925 352 979 ut
374 933 459 982 nunc
482 926 532 982 est
555 916 660 981 babila
685 917 752 981 fnit.
773 917 860 983 Vnde
877 935 933 1000 per
948 922 1154 988 concordiam
1178 933 1209 990 et
1234 935 1404 993 tractatum

316 1016 516 1082 amicabilem
532 1016 745 1081 cancellarius
761 1025 792 1081 et
808 1016 943 1083 facultas
966 1036 1052 1086 nunc
1068 1023 1201 1103 primam
1226 1041 1311 1090 nnnc
1326 1043 1404 1092 vero

315 1117 492 1182 secundam
509 1114 690 1181 babuerunt
705 1115 868 1180 noticiam.
891 1115 1039 1184 Facultas
1061 1120 1158 1202 igitur
1181 1123 1259 1204 petit
1278 1133 1309 1191 et
1331 1142 1404 1191 cum

315 1215 467 1280 instantia
491 1213 624 1296 requirit
642 1223 675 1279 nt
690 1231 759 1279 earn
776 1214 838 1280 boc
856 1214 930 1297 jnre
951 1220 1126 1299 temptandi
1143 1229 1207 1287 etc.
1225 1223 1358 1304 pacifice
1373 1233 1404 1289 cl

313 1314 420 1396 quiete
435 1313 576 1395 gaudere
591 1323 696 1379 restra
713 1314 868 1381 discretio
884 1317 1055 1399 permittat,
1072 1319 1215 1402 alioquin
1238 1321 1306 1388 suis
1328 1322 1402 1389 loco

314 1423 346 1480 et
362 1423 506 1494 tempore
522 1414 563 1478 de
579 1423 740 1494 oportuno
756 1414 898 1479 remedio
916 1415 1088 1496 prouidere
1105 1417 1252 1485 intendit.
1269 1443 1283 1482 s

360 1512 470 1578 sltem
501 1521 722 1594 proponantur
747 1513 850 1578 eidem
880 1515 1012 1582 domino
1040 1519 1235 1585 cancellario
1264 1520 1327 1586 due
1353 1523 1402 1589 vie

314 1611 492 1677 amicabilis
514 1611 688 1677 concordie
710 1628 844 1692 duarum
869 1613 970 1694 prima
994 1624 1043 1680 est
1068 1626 1100 1682 ut
1123 1617 1188 1683 sint
1211 1617 1274 1685 due
1291 1621 1402 1687 nntitie

314 1711 437 1777 scilicet
449 1710 666 1792 temptaminis
679 1721 710 1776 et
721 1711 894 1786 examinis;
910 1713 1010 1794 prima
1025 1714 1067 1780 sit
1083 1715 1401 1794 facultatissecunda

314 1826 390 1875 vero
406 1809 601 1875 cancellarii.
630 1809 663 1873 ln
681 1811 781 1890 prima
797 1811 913 1876 babeat
928 1812 1063 1878 facultas
1078 1815 1231 1882 ordinare
1248 1817 1355 1884 locare
1369 1829 1402 1884 et

314 1911 525 1992 solempniter
555 1909 664 1990 preuia
695 1911 867 1976 collatione
899 1927 1027 1988 vocare,
1061 1930 1119 1995 pro
1149 1916 1291 1980 secunda
1321 1933 1400 1984 varo

315 2007 430 2074 babeat
451 2009 664 2074 caricellarius
686 2025 765 2074 suos
788 2011 1023 2076 examinatores
1045 2015 1245 2080 constituere
1266 2015 1320 2097 qui
1337 2015 1399 2081 sibi

315 2125 414 2192 super
428 2117 615 2174 vocatorum
632 2108 814 2188 ydoneltate
830 2119 884 2174 aut
899 2110 1115 2191 inpdoncitate
1132 2112 1228 2178 fldem
1244 2114 1400 2180 tenebun-

315 2217 368 2274 tur
399 2208 573 2289 plenariam
604 2207 730 2282 facere;
762 2208 912 2291 quodque
939 2211 971 2273 ln
998 2210 1110 2276 cadem
1138 2213 1256 2278 noticia
1287 2215 1401 2295 poterit

315 2307 527 2373 cancellarius
541 2324 581 2372 ex
596 2305 659 2372 lldc
675 2307 737 2371 sibi
755 2307 834 2372 lacta
851 2323 984 2372 suorum
1002 2312 1257 2376 examinatorum
1274 2323 1401 2378 seruata

314 2423 442 2487 semper
459 2405 585 2471 iusticia
602 2407 752 2480 refutare,
772 2421 974 2488 rrennaquarn
992 2415 1096 2473 tamen
1114 2407 1186 2475 loca
1207 2419 1239 2476 et
1255 2411 1400 2477 ordinem

313 2522 397 2586 quos
414 2505 547 2571 l'acultas
564 2505 766 2570 distribuerit
782 2505 963 2571 immutare.

359 2605 498 2670 »Altera
524 2605 575 2670 via
602 2614 651 2669 est
678 2613 710 2668 ut
742 2604 956 2690 cancellarius
989 2622 1117 2671 omnem
1149 2616 1337 2688 potestatem
1367 2618 1398 2676 et

315 2707 519 2771 autoritatem
544 2721 638 2786 quam
662 2705 693 2767 in
719 2703 899 2768 ordinando
922 2703 1059 2771 locando
1074 2715 1107 2772 et
1122 2707 1265 2773 vocando
1281 2707 1401 2774 babere

319 2805 487 2886 presumit,
506 2805 537 2867 in
554 2803 734 2869 facultatem
751 2811 782 2868 et
797 2803 942 2868 eiusdem
959 2805 1120 2871 facultatis
1133 2806 1289 2872 decanum
1303 2815 1403 2873 trans·

319 2907 400 2970 terat
414 2911 445 2970 et
461 2904 604 2985 resignet
622 2902 668 2984 jla
692 2912 725 2966 ut
745 2902 830 2984 quod
852 2902 886 2984 jn
911 2901 1026 2968 talibus
1041 2905 1256 2971 cancellarius
1272 2905 1402 2973 nomine

318 3004 449 3085 proprio
471 3003 578 3067 facere
600 3003 755 3067 hactenus
778 3011 1006 3078 consueuerat,
1030 3001 1060 3066 id
1084 3003 1168 3068 idem
1193 3004 1320 3084 penitus
1343 3021 1401 3085 per

315 3100 1398 3181 decanumfacultatisnominetociusfacultatisammcdcliat,saluis

316 3211 420 3267 tamen
444 3201 504 3266 sibi
527 3199 665 3270 duobus.
684 3215 821 3280 quorum
845 3217 941 3265 unum
958 3210 1007 3266 est
1024 3209 1057 3264 ut
1073 3217 1131 3280 pro
1147 3201 1246 3266 altera
1264 3202 1399 3267 noticia·

315 3318 385 3366 rum
407 3299 581 3366 officiarios
603 3315 681 3364 suos
705 3316 744 3362 ex
760 3298 908 3365 facultate
924 3301 1109 3377 constituat,
1128 3316 1145 3364 a
1162 3300 1280 3382 quibus
1303 3301 1398 3368 tidem

314 3399 497 3466 idoneitatis
524 3409 692 3480 antequam
713 3398 855 3465 licentiat
878 3398 905 3463 si
930 3399 1005 3465 velit
1029 3399 1164 3482 accipiat
1187 3409 1218 3465 et
1241 3399 1397 3482 inquirat;

314 3500 493 3566 secundum
509 3509 559 3564 est
575 3505 608 3563 ut
623 3515 641 3563 a
656 3498 800 3579 quolibet
823 3499 854 3562 in
871 3497 1020 3564 facultate
1035 3501 1158 3564 artium
1176 3500 1397 3581 promouendo

315 3599 523 3666 rationabiles
544 3598 708 3680 sportulas
728 3598 767 3660 ad
790 3597 957 3662 arbitrium
981 3598 1154 3678 proborum
1171 3600 1396 3680 deputatorum

314 3699 390 3765 binc
404 3699 479 3764 inde
493 3698 672 3764 dandorum
688 3696 885 3762 estimandas
900 3705 933 3762 et
948 3699 1101 3761 laxandas
1118 3697 1247 3780 exigere
1261 3707 1294 3764 et
1314 3699 1396 3764 reci-

314 3814 389 3879 pere
415 3797 543 3880 poterit,
572 3797 676 3880 exigat
705 3805 736 3862 et
765 3795 943 3876 recipiat.»
974 3797 1053 3860 Acta
1086 3797 1247 3863 facultatis
1277 3798 1394 3862 artium

312 3897 350 3961 at
367 3896 518 3963 februarii
535 3896 626 3972 flet,
644 3896 708 3961 vol.
727 3896 751 3972 l,
770 3895 824 3961 fol.
843 3893 902 3959 itti
918 3894 1026 3960 velte
1042 3906 1081 3960 r⁰.

355 4047 504 4112 nlladem
530 4046 584 4111 die
608 4043 730 4124 [ultima
756 4044 920 4123 februarii]
946 4054 1019 4126 post
1044 4043 1235 4110 electionem
1258 4043 1395 4110 rectoris

311 4148 457 4231 pluribus
486 4145 526 4213 de
556 4145 706 4211 facultate
736 4144 940 4226 presentibus
972 4144 1136 4227 proposita
1166 4153 1241 4210 sunl
1269 4145 1392 4211 decano

232 4281 236 4290 ·
310 4247 413 4316 sancti
430 4246 514 4316 Petri
531 4252 565 4312 ut
579 4244 773 4312 cancellario
789 4243 849 4310 tria
865 4251 981 4330 puncta
997 4243 1140 4328 predicta
1152 4243 1206 4327 qui
1221 4251 1254 4310 nt
1267 4240 1390 4312 audiuit
