<?xml version="1.0" encoding="UTF-8"?>
<!DOCTYPE html PUBLIC "-//W3C//DTD XHTML 1.0 Transitional//EN"
    "http://www.w3.org/TR/xhtml1/DTD/xhtml1-transitional.dtd">
<html xmlns="http://www.w3.org/1999/xhtml" xml:lang="en" lang="en">
 <head>
  <title>
</title>
<meta http-equiv="Content-Type" content="text/html;charset=utf-8" />
  <meta name='ocr-system' content='tesseract 3.04.00' />
  <meta name='ocr-capabilities' content='ocr_page ocr_carea ocr_par ocr_line ocrx_word'/>
</head>
<body>
  <div class='ocr_page' id='page_1' title='image "./documentsrelati00reusgoog_0158.png"; bbox 0 0 3100 4942; ppageno 0'>
   <div class='ocr_carea' id='block_1_1' title="bbox 734 400 920 466">
    <p class='ocr_par' dir='ltr' id='par_1_1' title="bbox 734 400 920 466">
     <span class='ocr_line' id='line_1_1' title="bbox 734 400 920 466; baseline -0.005 0"><span class='ocrx_word' id='word_1_1' title='bbox 734 400 920 466; x_wconf 79' lang='lat' dir='ltr'><strong>-tlll-</strong></span> 
     </span>
    </p>
   </div>
   <div class='ocr_carea' id='block_1_2' title="bbox 265 580 1378 3921">
    <p class='ocr_par' dir='ltr' id='par_1_2' title="bbox 265 580 1378 3921">
     <span class='ocr_line' id='line_1_2' title="bbox 280 580 1376 664; baseline 0.001 -16"><span class='ocrx_word' id='word_1_2' title='bbox 280 580 515 664; x_wconf 75' lang='lat' dir='ltr'><strong>lldedignorum</strong></span> <span class='ocrx_word' id='word_1_3' title='bbox 541 581 670 648; x_wconf 88' lang='lat' dir='ltr'><strong>testium</strong></span> <span class='ocrx_word' id='word_1_4' title='bbox 696 582 882 648; x_wconf 88' lang='lat' dir='ltr'><strong>testimonio</strong></span> <span class='ocrx_word' id='word_1_5' title='bbox 908 581 1111 663; x_wconf 77' lang='lat' dir='ltr'>repperimus</span> <span class='ocrx_word' id='word_1_6' title='bbox 1136 592 1263 650; x_wconf 85' lang='lat' dir='ltr'><strong>ramata</strong></span> <span class='ocrx_word' id='word_1_7' title='bbox 1289 601 1376 651; x_wconf 87' lang='lat' dir='ltr'><strong>con-</strong></span> 
     </span>
     <span class='ocr_line' id='line_1_3' title="bbox 280 680 1371 765; baseline 0.001 -18"><span class='ocrx_word' id='word_1_8' title='bbox 280 685 366 747; x_wconf 84' lang='lat' dir='ltr'><strong>tenta</strong></span> <span class='ocrx_word' id='word_1_9' title='bbox 395 689 491 762; x_wconf 81' lang='lat' dir='ltr'><strong>etque</strong></span> <span class='ocrx_word' id='word_1_10' title='bbox 515 680 678 762; x_wconf 86' lang='lat' dir='ltr'><strong>descripta</strong></span> <span class='ocrx_word' id='word_1_11' title='bbox 708 682 741 745; x_wconf 94' lang='lat' dir='ltr'><strong>in</strong></span> <span class='ocrx_word' id='word_1_12' title='bbox 770 681 867 746; x_wconf 90' lang='lat' dir='ltr'><strong>dictis</strong></span> <span class='ocrx_word' id='word_1_13' title='bbox 895 680 1013 746; x_wconf 92' lang='lat' dir='ltr'><strong>litteris</strong></span> <span class='ocrx_word' id='word_1_14' title='bbox 1042 682 1231 762; x_wconf 87' lang='lat' dir='ltr'><strong>apostolicis</strong></span> <span class='ocrx_word' id='word_1_15' title='bbox 1260 684 1371 765; x_wconf 82' lang='lat' dir='ltr'><strong>quoad</strong></span> 
     </span>
     <span class='ocr_line' id='line_1_4' title="bbox 278 779 1378 861; baseline 0.001 -16"><span class='ocrx_word' id='word_1_16' title='bbox 278 779 428 845; x_wconf 88' lang='lat' dir='ltr'><strong>ellectum</strong></span> <span class='ocrx_word' id='word_1_17' title='bbox 450 779 635 845; x_wconf 84' lang='lat' dir='ltr'><strong>eorumdem</strong></span> <span class='ocrx_word' id='word_1_18' title='bbox 659 780 840 846; x_wconf 77' lang='lat' dir='ltr'><strong>litterarum</strong></span> <span class='ocrx_word' id='word_1_19' title='bbox 863 779 1124 861; x_wconf 84' lang='lat' dir='ltr'><strong>exequendarum</strong></span> <span class='ocrx_word' id='word_1_20' title='bbox 1147 781 1282 847; x_wconf 83' lang='lat' dir='ltr'><strong>ueritate</strong></span> <span class='ocrx_word' id='word_1_21' title='bbox 1307 781 1378 847; x_wconf 80' lang='lat' dir='ltr'><strong>lul-</strong></span> 
     </span>
     <span class='ocr_line' id='line_1_5' title="bbox 279 875 1378 959; baseline 0.003 -17"><span class='ocrx_word' id='word_1_22' title='bbox 279 875 350 954; x_wconf 89' lang='lat' dir='ltr'><strong>ciri‚</strong></span> <span class='ocrx_word' id='word_1_23' title='bbox 368 887 463 958; x_wconf 90' lang='lat' dir='ltr'><strong>prout</strong></span> <span class='ocrx_word' id='word_1_24' title='bbox 484 895 521 944; x_wconf 85' lang='lat' dir='ltr'><strong>en</strong></span> <span class='ocrx_word' id='word_1_25' title='bbox 538 893 612 944; x_wconf 81' lang='lat' dir='ltr'><strong>vere</strong></span> <span class='ocrx_word' id='word_1_26' title='bbox 634 893 710 944; x_wconf 85' lang='lat' dir='ltr'><strong>esse</strong></span> <span class='ocrx_word' id='word_1_27' title='bbox 734 878 940 943; x_wconf 87' lang='lat' dir='ltr'><strong>decernimus</strong></span> <span class='ocrx_word' id='word_1_28' title='bbox 963 893 1020 958; x_wconf 90' lang='lat' dir='ltr'><strong>per</strong></span> <span class='ocrx_word' id='word_1_29' title='bbox 1036 887 1215 959; x_wconf 86' lang='lat' dir='ltr'><strong>presentes.</strong></span> <span class='ocrx_word' id='word_1_30' title='bbox 1233 880 1264 944; x_wconf 92' lang='lat' dir='ltr'><strong>id</strong></span> <span class='ocrx_word' id='word_1_31' title='bbox 1280 880 1378 946; x_wconf 87' lang='lat' dir='ltr'><strong>circo</strong></span> 
     </span>
     <span class='ocr_line' id='line_1_6' title="bbox 278 976 1377 1057; baseline 0.005 -19"><span class='ocrx_word' id='word_1_32' title='bbox 278 976 425 1042; x_wconf 89' lang='lat' dir='ltr'><strong>volentes</strong></span> <span class='ocrx_word' id='word_1_33' title='bbox 446 976 628 1042; x_wconf 80' lang='lat' dir='ltr'><strong>mandalum</strong></span> <span class='ocrx_word' id='word_1_34' title='bbox 651 977 863 1057; x_wconf 84' lang='lat' dir='ltr'><strong>apostolicum</strong></span> <span class='ocrx_word' id='word_1_35' title='bbox 887 977 959 1042; x_wconf 90' lang='lat' dir='ltr'><strong>siue</strong></span> <span class='ocrx_word' id='word_1_36' title='bbox 982 977 1106 1042; x_wconf 75' lang='lat' dir='ltr'><strong>litteras</strong></span> <span class='ocrx_word' id='word_1_37' title='bbox 1128 977 1216 1057; x_wconf 87' lang='lat' dir='ltr'><strong>ipses</strong></span> <span class='ocrx_word' id='word_1_38' title='bbox 1241 979 1377 1044; x_wconf 72' lang='lat' dir='ltr'><strong>nobisa</strong></span> 
     </span>
     <span class='ocr_line' id='line_1_7' title="bbox 278 1074 1375 1158; baseline 0.004 -18"><span class='ocrx_word' id='word_1_39' title='bbox 278 1083 390 1140; x_wconf 84' lang='lat' dir='ltr'><strong>saneta</strong></span> <span class='ocrx_word' id='word_1_40' title='bbox 415 1074 493 1141; x_wconf 85' lang='lat' dir='ltr'><strong>sede</strong></span> <span class='ocrx_word' id='word_1_41' title='bbox 518 1075 693 1158; x_wconf 85' lang='lat' dir='ltr'><strong>apostolice</strong></span> <span class='ocrx_word' id='word_1_42' title='bbox 721 1077 841 1158; x_wconf 82' lang='lat' dir='ltr'><strong>prelbta</strong></span> <span class='ocrx_word' id='word_1_43' title='bbox 866 1075 1008 1140; x_wconf 83' lang='lat' dir='ltr'><strong>directas</strong></span> <span class='ocrx_word' id='word_1_44' title='bbox 1033 1085 1067 1141; x_wconf 87' lang='lat' dir='ltr'><strong>vt</strong></span> <span class='ocrx_word' id='word_1_45' title='bbox 1090 1076 1249 1157; x_wconf 72' lang='lat' dir='ltr'><strong>precemur</strong></span> <span class='ocrx_word' id='word_1_46' title='bbox 1275 1093 1375 1144; x_wconf 85' lang='lat' dir='ltr'><strong>reus·-</strong></span> 
     </span>
     <span class='ocr_line' id='line_1_8' title="bbox 278 1173 1367 1256; baseline 0.005 -19"><span class='ocrx_word' id='word_1_47' title='bbox 278 1183 387 1239; x_wconf 88' lang='lat' dir='ltr'><strong>renter</strong></span> <span class='ocrx_word' id='word_1_48' title='bbox 411 1173 526 1256; x_wconf 85' lang='lat' dir='ltr'><strong>exequi</strong></span> <span class='ocrx_word' id='word_1_49' title='bbox 556 1179 589 1239; x_wconf 88' lang='lat' dir='ltr'><strong>vl</strong></span> <span class='ocrx_word' id='word_1_50' title='bbox 614 1181 770 1246; x_wconf 89' lang='lat' dir='ltr'><strong>tenemur,</strong></span> <span class='ocrx_word' id='word_1_51' title='bbox 798 1191 857 1255; x_wconf 90' lang='lat' dir='ltr'><strong>pro</strong></span> <span class='ocrx_word' id='word_1_52' title='bbox 883 1173 1062 1238; x_wconf 77' lang='lat' dir='ltr'><strong>directione</strong></span> <span class='ocrx_word' id='word_1_53' title='bbox 1088 1173 1223 1240; x_wconf 75' lang='lat' dir='ltr'><strong>feliciori</strong></span> <span class='ocrx_word' id='word_1_54' title='bbox 1250 1175 1367 1242; x_wconf 89' lang='lat' dir='ltr'><strong>subse·</strong></span> 
     </span>
     <span class='ocr_line' id='line_1_9' title="bbox 279 1271 1376 1354; baseline 0.002 -18"><span class='ocrx_word' id='word_1_55' title='bbox 279 1272 416 1353; x_wconf 84' lang='lat' dir='ltr'><strong>quencie</strong></span> <span class='ocrx_word' id='word_1_56' title='bbox 439 1279 472 1337; x_wconf 93' lang='lat' dir='ltr'><strong>et</strong></span> <span class='ocrx_word' id='word_1_57' title='bbox 497 1271 740 1338; x_wconf 79' lang='lat' dir='ltr'><strong>confirmatione</strong></span> <span class='ocrx_word' id='word_1_58' title='bbox 767 1273 879 1353; x_wconf 83' lang='lat' dir='ltr'><strong>prolati</strong></span> <span class='ocrx_word' id='word_1_59' title='bbox 905 1271 1006 1353; x_wconf 80' lang='lat' dir='ltr'><strong>studii</strong></span> <span class='ocrx_word' id='word_1_60' title='bbox 1035 1272 1123 1354; x_wconf 93' lang='lat' dir='ltr'><strong>opidi</strong></span> <span class='ocrx_word' id='word_1_61' title='bbox 1154 1273 1376 1339; x_wconf 81' lang='lat' dir='ltr'><strong>bononiensis</strong></span> 
     </span>
     <span class='ocr_line' id='line_1_10' title="bbox 278 1371 1365 1454; baseline 0.003 -20"><span class='ocrx_word' id='word_1_62' title='bbox 278 1371 469 1436; x_wconf 86' lang='lat' dir='ltr'><strong>auctorittte</strong></span> <span class='ocrx_word' id='word_1_63' title='bbox 490 1371 667 1452; x_wconf 84' lang='lat' dir='ltr'><strong>apostolica</strong></span> <span class='ocrx_word' id='word_1_64' title='bbox 690 1372 783 1436; x_wconf 86' lang='lat' dir='ltr'><strong>nobis</strong></span> <span class='ocrx_word' id='word_1_65' title='bbox 806 1371 837 1434; x_wconf 93' lang='lat' dir='ltr'><strong>in</strong></span> <span class='ocrx_word' id='word_1_66' title='bbox 857 1373 915 1434; x_wconf 79' lang='lat' dir='ltr'><strong>luae</strong></span> <span class='ocrx_word' id='word_1_67' title='bbox 937 1384 1027 1452; x_wconf 84' lang='lat' dir='ltr'><strong>parte</strong></span> <span class='ocrx_word' id='word_1_68' title='bbox 1050 1373 1223 1437; x_wconf 84' lang='lat' dir='ltr'><strong>commissa</strong></span> <span class='ocrx_word' id='word_1_69' title='bbox 1247 1381 1280 1438; x_wconf 90' lang='lat' dir='ltr'><strong>et</strong></span> <span class='ocrx_word' id='word_1_70' title='bbox 1303 1390 1365 1454; x_wconf 80' lang='lat' dir='ltr'><strong>qua</strong></span> 
     </span>
     <span class='ocr_line' id='line_1_11' title="bbox 277 1469 1375 1550; baseline 0.004 -17"><span class='ocrx_word' id='word_1_71' title='bbox 277 1469 451 1550; x_wconf 77' lang='lat' dir='ltr'><strong>fungimur,</strong></span> <span class='ocrx_word' id='word_1_72' title='bbox 488 1471 529 1535; x_wconf 92' lang='lat' dir='ltr'><strong>de</strong></span> <span class='ocrx_word' id='word_1_73' title='bbox 565 1471 805 1545; x_wconf 86' lang='lat' dir='ltr'><strong>ileeltendouel‚</strong></span> <span class='ocrx_word' id='word_1_74' title='bbox 842 1471 883 1534; x_wconf 88' lang='lat' dir='ltr'><strong>de</strong></span> <span class='ocrx_word' id='word_1_75' title='bbox 920 1469 1092 1545; x_wconf 86' lang='lat' dir='ltr'><strong>llolsbelte,</strong></span> <span class='ocrx_word' id='word_1_76' title='bbox 1131 1470 1172 1535; x_wconf 89' lang='lat' dir='ltr'><strong>de</strong></span> <span class='ocrx_word' id='word_1_77' title='bbox 1207 1471 1375 1537; x_wconf 69' lang='lat' dir='ltr'><strong>fortbeke</strong></span> 
     </span>
     <span class='ocr_line' id='line_1_12' title="bbox 278 1569 1365 1646; baseline 0.001 -11"><span class='ocrx_word' id='word_1_78' title='bbox 278 1569 429 1644; x_wconf 83' lang='lat' dir='ltr'><strong>Ouerloc,</strong></span> <span class='ocrx_word' id='word_1_79' title='bbox 442 1570 483 1634; x_wconf 90' lang='lat' dir='ltr'><strong>de</strong></span> <span class='ocrx_word' id='word_1_80' title='bbox 494 1569 657 1635; x_wconf 84' lang='lat' dir='ltr'><strong>Lintberls</strong></span> <span class='ocrx_word' id='word_1_81' title='bbox 670 1570 826 1644; x_wconf 81' lang='lat' dir='ltr'><strong>interiori,</strong></span> <span class='ocrx_word' id='word_1_82' title='bbox 841 1569 1026 1644; x_wconf 78' lang='lat' dir='ltr'><strong>delineret,</strong></span> <span class='ocrx_word' id='word_1_83' title='bbox 1042 1585 1167 1634; x_wconf 91' lang='lat' dir='ltr'><strong>necnon</strong></span> <span class='ocrx_word' id='word_1_84' title='bbox 1182 1570 1365 1646; x_wconf 72' lang='lat' dir='ltr'><strong>delicerent,</strong></span> 
     </span>
     <span class='ocr_line' id='line_1_13' title="bbox 278 1667 1365 1750; baseline 0.001 -15"><span class='ocrx_word' id='word_1_85' title='bbox 278 1669 319 1735; x_wconf 91' lang='lat' dir='ltr'><strong>de</strong></span> <span class='ocrx_word' id='word_1_86' title='bbox 339 1667 535 1742; x_wconf 66' lang='lat' dir='ltr'><strong>sanctione</strong></span> <span class='ocrx_word' id='word_1_87' title='bbox 558 1669 691 1740; x_wconf 84' lang='lat' dir='ltr'><strong>drbore.</strong></span> <span class='ocrx_word' id='word_1_88' title='bbox 715 1678 748 1734; x_wconf 89' lang='lat' dir='ltr'><strong>et</strong></span> <span class='ocrx_word' id='word_1_89' title='bbox 769 1669 810 1734; x_wconf 92' lang='lat' dir='ltr'><strong>de</strong></span> <span class='ocrx_word' id='word_1_90' title='bbox 833 1667 927 1748; x_wconf 84' lang='lat' dir='ltr'><strong>Erps,</strong></span> <span class='ocrx_word' id='word_1_91' title='bbox 954 1668 1143 1734; x_wconf 86' lang='lat' dir='ltr'><strong>Leodiensis</strong></span> <span class='ocrx_word' id='word_1_92' title='bbox 1167 1669 1311 1750; x_wconf 88' lang='lat' dir='ltr'><strong>predicte</strong></span> <span class='ocrx_word' id='word_1_93' title='bbox 1333 1679 1365 1736; x_wconf 81' lang='lat' dir='ltr'><strong>ot</strong></span> 
     </span>
     <span class='ocr_line' id='line_1_14' title="bbox 278 1765 1363 1847; baseline 0.002 -16"><span class='ocrx_word' id='word_1_94' title='bbox 278 1767 520 1833; x_wconf 80' lang='lat' dir='ltr'><strong>Cameracensis</strong></span> <span class='ocrx_word' id='word_1_95' title='bbox 531 1766 708 1832; x_wconf 83' lang='lat' dir='ltr'><strong>diocesium</strong></span> <span class='ocrx_word' id='word_1_96' title='bbox 722 1766 939 1847; x_wconf 73' lang='lat' dir='ltr'><strong>parrochiales</strong></span> <span class='ocrx_word' id='word_1_97' title='bbox 951 1765 1200 1842; x_wconf 87' lang='lat' dir='ltr'><strong>ecclesias,oum</strong></span> <span class='ocrx_word' id='word_1_98' title='bbox 1213 1768 1363 1833; x_wconf 84' lang='lat' dir='ltr'><strong>omnibus</strong></span> 
     </span>
     <span class='ocr_line' id='line_1_15' title="bbox 274 1865 1365 1948; baseline -0.001 -17"><span class='ocrx_word' id='word_1_99' title='bbox 274 1865 403 1948; x_wconf 83' lang='lat' dir='ltr'><strong>juribus</strong></span> <span class='ocrx_word' id='word_1_100' title='bbox 418 1873 450 1930; x_wconf 90' lang='lat' dir='ltr'><strong>et</strong></span> <span class='ocrx_word' id='word_1_101' title='bbox 466 1865 667 1947; x_wconf 76' lang='lat' dir='ltr'><strong>pertinentiis</strong></span> <span class='ocrx_word' id='word_1_102' title='bbox 683 1865 752 1930; x_wconf 90' lang='lat' dir='ltr'><strong>suis</strong></span> <span class='ocrx_word' id='word_1_103' title='bbox 768 1865 937 1946; x_wconf 77' lang='lat' dir='ltr'><strong>colleginto</strong></span> <span class='ocrx_word' id='word_1_104' title='bbox 959 1873 991 1930; x_wconf 91' lang='lat' dir='ltr'><strong>el</strong></span> <span class='ocrx_word' id='word_1_105' title='bbox 1008 1865 1201 1946; x_wconf 79' lang='lat' dir='ltr'><strong>parrochiali</strong></span> <span class='ocrx_word' id='word_1_106' title='bbox 1225 1866 1365 1931; x_wconf 86' lang='lat' dir='ltr'><strong>ecclesie</strong></span> 
     </span>
     <span class='ocr_line' id='line_1_16' title="bbox 277 1963 1375 2044; baseline -0.002 -14"><span class='ocrx_word' id='word_1_107' title='bbox 277 1965 380 2030; x_wconf 85' lang='lat' dir='ltr'><strong>sancti</strong></span> <span class='ocrx_word' id='word_1_108' title='bbox 403 1963 487 2030; x_wconf 86' lang='lat' dir='ltr'><strong>Petri</strong></span> <span class='ocrx_word' id='word_1_109' title='bbox 511 1963 624 2042; x_wconf 84' lang='lat' dir='ltr'><strong>prelati</strong></span> <span class='ocrx_word' id='word_1_110' title='bbox 646 1963 733 2044; x_wconf 92' lang='lat' dir='ltr'><strong>opidi</strong></span> <span class='ocrx_word' id='word_1_111' title='bbox 751 1964 833 2028; x_wconf 87' lang='lat' dir='ltr'><strong>ultra</strong></span> <span class='ocrx_word' id='word_1_112' title='bbox 856 1964 931 2028; x_wconf 89' lang='lat' dir='ltr'><strong>illos</strong></span> <span class='ocrx_word' id='word_1_113' title='bbox 946 1963 1058 2028; x_wconf 88' lang='lat' dir='ltr'><strong>decern</strong></span> <span class='ocrx_word' id='word_1_114' title='bbox 1082 1973 1114 2028; x_wconf 90' lang='lat' dir='ltr'><strong>et</strong></span> <span class='ocrx_word' id='word_1_115' title='bbox 1136 1973 1210 2029; x_wconf 90' lang='lat' dir='ltr'><strong>octo</strong></span> <span class='ocrx_word' id='word_1_116' title='bbox 1232 1965 1375 2030; x_wconf 86' lang='lat' dir='ltr'><strong>canoni-</strong></span> 
     </span>
     <span class='ocr_line' id='line_1_17' title="bbox 278 2061 1366 2144; baseline -0.001 -15"><span class='ocrx_word' id='word_1_117' title='bbox 278 2074 369 2129; x_wconf 85' lang='lat' dir='ltr'><strong>catus</strong></span> <span class='ocrx_word' id='word_1_118' title='bbox 385 2072 416 2128; x_wconf 92' lang='lat' dir='ltr'><strong>et</strong></span> <span class='ocrx_word' id='word_1_119' title='bbox 432 2061 610 2144; x_wconf 83' lang='lat' dir='ltr'><strong>prebendas</strong></span> <span class='ocrx_word' id='word_1_120' title='bbox 629 2063 682 2144; x_wconf 82' lang='lat' dir='ltr'><strong>ptri</strong></span> <span class='ocrx_word' id='word_1_121' title='bbox 699 2061 731 2126; x_wconf 92' lang='lat' dir='ltr'><strong>in</strong></span> <span class='ocrx_word' id='word_1_122' title='bbox 748 2063 859 2128; x_wconf 87' lang='lat' dir='ltr'><strong>eadem</strong></span> <span class='ocrx_word' id='word_1_123' title='bbox 875 2069 985 2143; x_wconf 88' lang='lat' dir='ltr'><strong>preter</strong></span> <span class='ocrx_word' id='word_1_124' title='bbox 999 2062 1088 2126; x_wconf 89' lang='lat' dir='ltr'><strong>illius</strong></span> <span class='ocrx_word' id='word_1_125' title='bbox 1105 2061 1297 2143; x_wconf 76' lang='lat' dir='ltr'><strong>plorantum,</strong></span> <span class='ocrx_word' id='word_1_126' title='bbox 1313 2064 1366 2128; x_wconf 90' lang='lat' dir='ltr'><strong>cui</strong></span> 
     </span>
     <span class='ocr_line' id='line_1_18' title="bbox 278 2161 1373 2242; baseline -0.001 -13"><span class='ocrx_word' id='word_1_127' title='bbox 278 2161 423 2229; x_wconf 86' lang='lat' dir='ltr'><strong>eiusdem</strong></span> <span class='ocrx_word' id='word_1_128' title='bbox 446 2161 729 2242; x_wconf 84' lang='lat' dir='ltr'><strong>parrochianorum</strong></span> <span class='ocrx_word' id='word_1_129' title='bbox 746 2161 923 2225; x_wconf 84' lang='lat' dir='ltr'><strong>animarum</strong></span> <span class='ocrx_word' id='word_1_130' title='bbox 938 2177 1016 2225; x_wconf 80' lang='lat' dir='ltr'><strong>cura</strong></span> <span class='ocrx_word' id='word_1_131' title='bbox 1038 2161 1182 2226; x_wconf 80' lang='lat' dir='ltr'><strong>imminet</strong></span> <span class='ocrx_word' id='word_1_132' title='bbox 1198 2161 1267 2226; x_wconf 88' lang='lat' dir='ltr'><strong>lore</strong></span> <span class='ocrx_word' id='word_1_133' title='bbox 1290 2179 1373 2228; x_wconf 84' lang='lat' dir='ltr'><strong>nos·</strong></span> 
     </span>
     <span class='ocr_line' id='line_1_19' title="bbox 278 2259 1375 2342; baseline -0.002 -15"><span class='ocrx_word' id='word_1_134' title='bbox 278 2270 407 2336; x_wconf 87' lang='lat' dir='ltr'><strong>cuntur,</strong></span> <span class='ocrx_word' id='word_1_135' title='bbox 425 2278 483 2342; x_wconf 92' lang='lat' dir='ltr'><strong>pro</strong></span> <span class='ocrx_word' id='word_1_136' title='bbox 499 2260 681 2342; x_wconf 87' lang='lat' dir='ltr'><strong>quindecim</strong></span> <span class='ocrx_word' id='word_1_137' title='bbox 697 2261 748 2326; x_wconf 92' lang='lat' dir='ltr'><strong>uel</strong></span> <span class='ocrx_word' id='word_1_138' title='bbox 770 2267 818 2324; x_wconf 87' lang='lat' dir='ltr'><strong>lot</strong></span> <span class='ocrx_word' id='word_1_139' title='bbox 831 2260 917 2325; x_wconf 88' lang='lat' dir='ltr'><strong>sicul</strong></span> <span class='ocrx_word' id='word_1_140' title='bbox 932 2259 1027 2325; x_wconf 85' lang='lat' dir='ltr'><strong>nobis</strong></span> <span class='ocrx_word' id='word_1_141' title='bbox 1050 2259 1214 2324; x_wconf 86' lang='lat' dir='ltr'><strong>uidebitur</strong></span> <span class='ocrx_word' id='word_1_142' title='bbox 1230 2259 1309 2324; x_wconf 89' lang='lat' dir='ltr'><strong>inibi</strong></span> <span class='ocrx_word' id='word_1_143' title='bbox 1325 2263 1375 2325; x_wconf 89' lang='lat' dir='ltr'><strong>de·</strong></span> 
     </span>
     <span class='ocr_line' id='line_1_20' title="bbox 278 2358 1372 2441; baseline -0.001 -18"><span class='ocrx_word' id='word_1_144' title='bbox 278 2375 365 2425; x_wconf 92' lang='lat' dir='ltr'><strong>nouo</strong></span> <span class='ocrx_word' id='word_1_145' title='bbox 377 2358 526 2424; x_wconf 83' lang='lat' dir='ltr'><strong>creandis</strong></span> <span class='ocrx_word' id='word_1_146' title='bbox 542 2365 573 2423; x_wconf 91' lang='lat' dir='ltr'><strong>el</strong></span> <span class='ocrx_word' id='word_1_147' title='bbox 588 2358 794 2424; x_wconf 79' lang='lat' dir='ltr'><strong>instituendis</strong></span> <span class='ocrx_word' id='word_1_148' title='bbox 809 2358 1052 2423; x_wconf 79' lang='lat' dir='ltr'><strong>canonicatibus</strong></span> <span class='ocrx_word' id='word_1_149' title='bbox 1064 2367 1097 2422; x_wconf 93' lang='lat' dir='ltr'><strong>et</strong></span> <span class='ocrx_word' id='word_1_150' title='bbox 1110 2358 1295 2438; x_wconf 85' lang='lat' dir='ltr'><strong>prebendis,</strong></span> <span class='ocrx_word' id='word_1_151' title='bbox 1309 2359 1372 2441; x_wconf 85' lang='lat' dir='ltr'><strong>qni·</strong></span> 
     </span>
     <span class='ocr_line' id='line_1_21' title="bbox 277 2457 1364 2540; baseline -0.003 -16"><span class='ocrx_word' id='word_1_152' title='bbox 277 2474 335 2539; x_wconf 89' lang='lat' dir='ltr'><strong>per</strong></span> <span class='ocrx_word' id='word_1_153' title='bbox 350 2457 432 2523; x_wconf 84' lang='lat' dir='ltr'><strong>alios</strong></span> <span class='ocrx_word' id='word_1_154' title='bbox 447 2473 542 2539; x_wconf 83' lang='lat' dir='ltr'><strong>quam</strong></span> <span class='ocrx_word' id='word_1_155' title='bbox 562 2458 594 2520; x_wconf 91' lang='lat' dir='ltr'><strong>in</strong></span> <span class='ocrx_word' id='word_1_156' title='bbox 609 2457 682 2540; x_wconf 90' lang='lat' dir='ltr'><strong>ipso</strong></span> <span class='ocrx_word' id='word_1_157' title='bbox 697 2457 810 2522; x_wconf 82' lang='lat' dir='ltr'><strong>Studio</strong></span> <span class='ocrx_word' id='word_1_158' title='bbox 826 2458 971 2539; x_wconf 79' lang='lat' dir='ltr'><strong>legentes</strong></span> <span class='ocrx_word' id='word_1_159' title='bbox 994 2465 1027 2522; x_wconf 90' lang='lat' dir='ltr'><strong>et</strong></span> <span class='ocrx_word' id='word_1_160' title='bbox 1041 2470 1192 2538; x_wconf 77' lang='lat' dir='ltr'><strong>regentes</strong></span> <span class='ocrx_word' id='word_1_161' title='bbox 1208 2473 1267 2537; x_wconf 92' lang='lat' dir='ltr'><strong>pro</strong></span> <span class='ocrx_word' id='word_1_162' title='bbox 1283 2468 1364 2522; x_wconf 88' lang='lat' dir='ltr'><strong>tem-</strong></span> 
     </span>
     <span class='ocr_line' id='line_1_22' title="bbox 276 2555 1373 2638; baseline 0.001 -17"><span class='ocrx_word' id='word_1_163' title='bbox 276 2573 354 2635; x_wconf 89' lang='lat' dir='ltr'><strong>pore</strong></span> <span class='ocrx_word' id='word_1_164' title='bbox 370 2556 507 2622; x_wconf 87' lang='lat' dir='ltr'><strong>obtineri</strong></span> <span class='ocrx_word' id='word_1_165' title='bbox 524 2555 701 2638; x_wconf 82' lang='lat' dir='ltr'><strong>nequibunt</strong></span> <span class='ocrx_word' id='word_1_166' title='bbox 717 2557 952 2638; x_wconf 88' lang='lat' dir='ltr'><strong>imperpetuum</strong></span> <span class='ocrx_word' id='word_1_167' title='bbox 970 2555 1133 2621; x_wconf 84' lang='lat' dir='ltr'><strong>vniuimus</strong></span> <span class='ocrx_word' id='word_1_168' title='bbox 1148 2557 1373 2622; x_wconf 86' lang='lat' dir='ltr'><strong>annexuimus·</strong></span> 
     </span>
     <span class='ocr_line' id='line_1_23' title="bbox 274 2653 1368 2736; baseline 0 -16"><span class='ocrx_word' id='word_1_169' title='bbox 274 2663 306 2720; x_wconf 89' lang='lat' dir='ltr'><strong>et</strong></span> <span class='ocrx_word' id='word_1_170' title='bbox 323 2653 610 2735; x_wconf 70' lang='lat' dir='ltr'><strong>incorporaremus,</strong></span> <span class='ocrx_word' id='word_1_171' title='bbox 628 2654 670 2719; x_wconf 86' lang='lat' dir='ltr'><strong>ita</strong></span> <span class='ocrx_word' id='word_1_172' title='bbox 687 2655 771 2736; x_wconf 85' lang='lat' dir='ltr'><strong>quod</strong></span> <span class='ocrx_word' id='word_1_173' title='bbox 789 2654 927 2736; x_wconf 82' lang='lat' dir='ltr'><strong>singulis</strong></span> <span class='ocrx_word' id='word_1_174' title='bbox 950 2653 1133 2720; x_wconf 90' lang='lat' dir='ltr'><strong>earumdem</strong></span> <span class='ocrx_word' id='word_1_175' title='bbox 1149 2655 1368 2720; x_wconf 85' lang='lat' dir='ltr'><strong>ecclesiarum</strong></span> 
     </span>
     <span class='ocr_line' id='line_1_24' title="bbox 275 2751 1370 2834; baseline 0.001 -17"><span class='ocrx_word' id='word_1_176' title='bbox 275 2753 524 2834; x_wconf 81' lang='lat' dir='ltr'><strong>parrochialium</strong></span> <span class='ocrx_word' id='word_1_177' title='bbox 549 2753 732 2819; x_wconf 87' lang='lat' dir='ltr'><strong>rectoribus</strong></span> <span class='ocrx_word' id='word_1_178' title='bbox 758 2751 854 2818; x_wconf 90' lang='lat' dir='ltr'><strong>simul</strong></span> <span class='ocrx_word' id='word_1_179' title='bbox 881 2754 932 2819; x_wconf 89' lang='lat' dir='ltr'><strong>cel</strong></span> <span class='ocrx_word' id='word_1_180' title='bbox 959 2754 1148 2819; x_wconf 90' lang='lat' dir='ltr'><strong>successiue</strong></span> <span class='ocrx_word' id='word_1_181' title='bbox 1171 2753 1370 2819; x_wconf 85' lang='lat' dir='ltr'><strong>cedentibus-</strong></span> 
     </span>
     <span class='ocr_line' id='line_1_25' title="bbox 274 2851 1358 2936; baseline 0 -19"><span class='ocrx_word' id='word_1_182' title='bbox 274 2851 324 2918; x_wconf 89' lang='lat' dir='ltr'><strong>uel</strong></span> <span class='ocrx_word' id='word_1_183' title='bbox 340 2851 583 2928; x_wconf 78' lang='lat' dir='ltr'><strong>decedentibus,</strong></span> <span class='ocrx_word' id='word_1_184' title='bbox 597 2851 843 2936; x_wconf 85' lang='lat' dir='ltr'><strong>siueillesslies</strong></span> <span class='ocrx_word' id='word_1_185' title='bbox 856 2851 1358 2934; x_wconf 86' lang='lat' dir='ltr'><strong>quomodolibetdimittentibus.</strong></span> 
     </span>
     <span class='ocr_line' id='line_1_26' title="bbox 271 2949 1360 3032; baseline 0.001 -19"><span class='ocrx_word' id='word_1_186' title='bbox 271 2950 366 3016; x_wconf 88' lang='lat' dir='ltr'><strong>liceat</strong></span> <span class='ocrx_word' id='word_1_187' title='bbox 383 2950 514 3030; x_wconf 83' lang='lat' dir='ltr'><strong>prelatis</strong></span> <span class='ocrx_word' id='word_1_188' title='bbox 533 2950 735 3015; x_wconf 81' lang='lat' dir='ltr'><strong>uniuersitati</strong></span> <span class='ocrx_word' id='word_1_189' title='bbox 752 2949 853 3031; x_wconf 79' lang='lat' dir='ltr'><strong>studii</strong></span> <span class='ocrx_word' id='word_1_190' title='bbox 877 2967 934 3032; x_wconf 90' lang='lat' dir='ltr'><strong>per</strong></span> <span class='ocrx_word' id='word_1_191' title='bbox 949 2949 1098 3016; x_wconf 89' lang='lat' dir='ltr'><strong>seatium</strong></span> <span class='ocrx_word' id='word_1_192' title='bbox 1121 2951 1171 3015; x_wconf 92' lang='lat' dir='ltr'><strong>uel</strong></span> <span class='ocrx_word' id='word_1_193' title='bbox 1187 2950 1270 3015; x_wconf 90' lang='lat' dir='ltr'><strong>alios</strong></span> <span class='ocrx_word' id='word_1_194' title='bbox 1285 2967 1360 3016; x_wconf 91' lang='lat' dir='ltr'><strong>cnr·</strong></span> 
     </span>
     <span class='ocr_line' id='line_1_27' title="bbox 272 3047 1367 3130; baseline -0.002 -16"><span class='ocrx_word' id='word_1_195' title='bbox 272 3047 413 3130; x_wconf 85' lang='lat' dir='ltr'><strong>poralem</strong></span> <span class='ocrx_word' id='word_1_196' title='bbox 436 3049 554 3116; x_wconf 86' lang='lat' dir='ltr'><strong>realem</strong></span> <span class='ocrx_word' id='word_1_197' title='bbox 572 3059 605 3114; x_wconf 92' lang='lat' dir='ltr'><strong>et</strong></span> <span class='ocrx_word' id='word_1_198' title='bbox 627 3049 784 3114; x_wconf 82' lang='lat' dir='ltr'><strong>actualem</strong></span> <span class='ocrx_word' id='word_1_199' title='bbox 809 3049 1051 3130; x_wconf 88' lang='lat' dir='ltr'><strong>possessionem</strong></span> <span class='ocrx_word' id='word_1_200' title='bbox 1074 3049 1273 3130; x_wconf 81' lang='lat' dir='ltr'><strong>singularum</strong></span> <span class='ocrx_word' id='word_1_201' title='bbox 1291 3063 1367 3130; x_wconf 85' lang='lat' dir='ltr'><strong>par·</strong></span> 
     </span>
     <span class='ocr_line' id='line_1_28' title="bbox 269 3147 1358 3228; baseline 0.001 -16"><span class='ocrx_word' id='word_1_202' title='bbox 269 3147 460 3214; x_wconf 88' lang='lat' dir='ltr'><strong>roclrinlium</strong></span> <span class='ocrx_word' id='word_1_203' title='bbox 486 3149 698 3214; x_wconf 85' lang='lat' dir='ltr'><strong>ecclesiarum</strong></span> <span class='ocrx_word' id='word_1_204' title='bbox 722 3148 906 3213; x_wconf 84' lang='lat' dir='ltr'><strong>huiusmodi</strong></span> <span class='ocrx_word' id='word_1_205' title='bbox 929 3149 1025 3213; x_wconf 88' lang='lat' dir='ltr'><strong>etiam</strong></span> <span class='ocrx_word' id='word_1_206' title='bbox 1048 3149 1075 3213; x_wconf 90' lang='lat' dir='ltr'><strong>si</strong></span> <span class='ocrx_word' id='word_1_207' title='bbox 1101 3147 1285 3228; x_wconf 89' lang='lat' dir='ltr'><strong>specialiter</strong></span> <span class='ocrx_word' id='word_1_208' title='bbox 1307 3149 1358 3213; x_wconf 88' lang='lat' dir='ltr'><strong>uel</strong></span> 
     </span>
     <span class='ocr_line' id='line_1_29' title="bbox 270 3247 1366 3330; baseline -0.002 -17"><span class='ocrx_word' id='word_1_209' title='bbox 270 3247 463 3330; x_wconf 76' lang='lat' dir='ltr'><strong>generaliter</strong></span> <span class='ocrx_word' id='word_1_210' title='bbox 476 3263 515 3313; x_wconf 83' lang='lat' dir='ltr'><strong>ex</strong></span> <span class='ocrx_word' id='word_1_211' title='bbox 529 3247 644 3328; x_wconf 84' lang='lat' dir='ltr'><strong>queuis</strong></span> <span class='ocrx_word' id='word_1_212' title='bbox 659 3259 756 3312; x_wconf 83' lang='lat' dir='ltr'><strong>conse</strong></span> <span class='ocrx_word' id='word_1_213' title='bbox 772 3247 979 3329; x_wconf 88' lang='lat' dir='ltr'><strong>dispositioni</strong></span> <span class='ocrx_word' id='word_1_214' title='bbox 995 3248 1174 3327; x_wconf 77' lang='lat' dir='ltr'><strong>apostolice</strong></span> <span class='ocrx_word' id='word_1_215' title='bbox 1190 3256 1366 3313; x_wconf 85' lang='lat' dir='ltr'><strong>reserante·</strong></span> 
     </span>
     <span class='ocr_line' id='line_1_30' title="bbox 269 3343 1356 3428; baseline 0 -18"><span class='ocrx_word' id='word_1_216' title='bbox 269 3345 398 3421; x_wconf 85' lang='lat' dir='ltr'><strong>luerint,</strong></span> <span class='ocrx_word' id='word_1_217' title='bbox 422 3343 608 3428; x_wconf 87' lang='lat' dir='ltr'><strong>juriumquc</strong></span> <span class='ocrx_word' id='word_1_218' title='bbox 633 3356 665 3411; x_wconf 91' lang='lat' dir='ltr'><strong>et</strong></span> <span class='ocrx_word' id='word_1_219' title='bbox 690 3345 955 3426; x_wconf 81' lang='lat' dir='ltr'><strong>pertinentiarum</strong></span> <span class='ocrx_word' id='word_1_220' title='bbox 983 3345 1199 3426; x_wconf 89' lang='lat' dir='ltr'><strong>predictorum</strong></span> <span class='ocrx_word' id='word_1_221' title='bbox 1225 3345 1356 3427; x_wconf 86' lang='lat' dir='ltr'><strong>propria</strong></span> 
     </span>
     <span class='ocr_line' id='line_1_31' title="bbox 266 3444 1364 3527; baseline 0 -17"><span class='ocrx_word' id='word_1_222' title='bbox 266 3445 457 3511; x_wconf 80' lang='lat' dir='ltr'><strong>auctoritate</strong></span> <span class='ocrx_word' id='word_1_223' title='bbox 479 3444 567 3510; x_wconf 91' lang='lat' dir='ltr'><strong>licite</strong></span> <span class='ocrx_word' id='word_1_224' title='bbox 589 3445 846 3527; x_wconf 80' lang='lat' dir='ltr'><strong>apprehendere,</strong></span> <span class='ocrx_word' id='word_1_225' title='bbox 863 3445 998 3526; x_wconf 85' lang='lat' dir='ltr'><strong>eiusque</strong></span> <span class='ocrx_word' id='word_1_226' title='bbox 1013 3445 1137 3510; x_wconf 83' lang='lat' dir='ltr'><strong>tructus</strong></span> <span class='ocrx_word' id='word_1_227' title='bbox 1160 3445 1309 3511; x_wconf 88' lang='lat' dir='ltr'><strong>redditus</strong></span> <span class='ocrx_word' id='word_1_228' title='bbox 1323 3455 1364 3511; x_wconf 86' lang='lat' dir='ltr'><strong>et</strong></span> 
     </span>
     <span class='ocr_line' id='line_1_32' title="bbox 267 3543 1356 3626; baseline 0 -18"><span class='ocrx_word' id='word_1_229' title='bbox 267 3551 455 3625; x_wconf 86' lang='lat' dir='ltr'><strong>prouentus,</strong></span> <span class='ocrx_word' id='word_1_230' title='bbox 481 3544 656 3609; x_wconf 86' lang='lat' dir='ltr'><strong>reserunlis</strong></span> <span class='ocrx_word' id='word_1_231' title='bbox 679 3543 769 3626; x_wconf 91' lang='lat' dir='ltr'><strong>prius</strong></span> <span class='ocrx_word' id='word_1_232' title='bbox 794 3552 899 3608; x_wconf 85' lang='lat' dir='ltr'><strong>tamen</strong></span> <span class='ocrx_word' id='word_1_233' title='bbox 923 3559 981 3624; x_wconf 93' lang='lat' dir='ltr'><strong>per</strong></span> <span class='ocrx_word' id='word_1_234' title='bbox 1007 3559 1067 3608; x_wconf 89' lang='lat' dir='ltr'><strong>nos</strong></span> <span class='ocrx_word' id='word_1_235' title='bbox 1088 3549 1121 3609; x_wconf 92' lang='lat' dir='ltr'><strong>el</strong></span> <span class='ocrx_word' id='word_1_236' title='bbox 1146 3553 1220 3608; x_wconf 84' lang='lat' dir='ltr'><strong>ante</strong></span> <span class='ocrx_word' id='word_1_237' title='bbox 1247 3543 1356 3608; x_wconf 84' lang='lat' dir='ltr'><strong>omnin</strong></span> 
     </span>
     <span class='ocr_line' id='line_1_33' title="bbox 267 3641 1357 3724; baseline -0.001 -19"><span class='ocrx_word' id='word_1_238' title='bbox 267 3641 371 3707; x_wconf 88' lang='lat' dir='ltr'><strong>decis</strong></span> <span class='ocrx_word' id='word_1_239' title='bbox 394 3657 452 3724; x_wconf 95' lang='lat' dir='ltr'><strong>pro</strong></span> <span class='ocrx_word' id='word_1_240' title='bbox 468 3643 605 3724; x_wconf 82' lang='lat' dir='ltr'><strong>singulis</strong></span> <span class='ocrx_word' id='word_1_241' title='bbox 622 3643 787 3723; x_wconf 86' lang='lat' dir='ltr'><strong>perpetuis</strong></span> <span class='ocrx_word' id='word_1_242' title='bbox 808 3641 939 3723; x_wconf 85' lang='lat' dir='ltr'><strong>ricerijs</strong></span> <span class='ocrx_word' id='word_1_243' title='bbox 961 3642 994 3706; x_wconf 94' lang='lat' dir='ltr'><strong>in</strong></span> <span class='ocrx_word' id='word_1_244' title='bbox 1010 3642 1148 3723; x_wconf 81' lang='lat' dir='ltr'><strong>singulis</strong></span> <span class='ocrx_word' id='word_1_245' title='bbox 1171 3642 1357 3723; x_wconf 86' lang='lat' dir='ltr'><strong>parrochia·</strong></span> 
     </span>
     <span class='ocr_line' id='line_1_34' title="bbox 265 3739 1363 3822; baseline 0.001 -19"><span class='ocrx_word' id='word_1_246' title='bbox 265 3739 352 3804; x_wconf 89' lang='lat' dir='ltr'><strong>libus</strong></span> <span class='ocrx_word' id='word_1_247' title='bbox 373 3741 522 3822; x_wconf 78' lang='lat' dir='ltr'><strong>ecclesiis</strong></span> <span class='ocrx_word' id='word_1_248' title='bbox 545 3741 698 3822; x_wconf 85' lang='lat' dir='ltr'><strong>predictis</strong></span> <span class='ocrx_word' id='word_1_249' title='bbox 722 3757 779 3822; x_wconf 92' lang='lat' dir='ltr'><strong>per</strong></span> <span class='ocrx_word' id='word_1_250' title='bbox 803 3741 947 3806; x_wconf 89' lang='lat' dir='ltr'><strong>locorum</strong></span> <span class='ocrx_word' id='word_1_251' title='bbox 971 3741 1154 3806; x_wconf 90' lang='lat' dir='ltr'><strong>ordinarios</strong></span> <span class='ocrx_word' id='word_1_252' title='bbox 1169 3741 1207 3805; x_wconf 87' lang='lat' dir='ltr'><strong>ed</strong></span> <span class='ocrx_word' id='word_1_253' title='bbox 1230 3740 1363 3806; x_wconf 59' lang='lat' dir='ltr'><strong>exerci*</strong></span> 
     </span>
     <span class='ocr_line' id='line_1_35' title="bbox 266 3837 1361 3921; baseline 0.001 -20"><span class='ocrx_word' id='word_1_254' title='bbox 266 3837 345 3902; x_wconf 92' lang='lat' dir='ltr'><strong>tium</strong></span> <span class='ocrx_word' id='word_1_255' title='bbox 361 3855 438 3904; x_wconf 91' lang='lat' dir='ltr'><strong>cure</strong></span> <span class='ocrx_word' id='word_1_256' title='bbox 449 3839 626 3904; x_wconf 83' lang='lat' dir='ltr'><strong>animorum</strong></span> <span class='ocrx_word' id='word_1_257' title='bbox 640 3839 926 3921; x_wconf 85' lang='lat' dir='ltr'><strong>parrocbisnnrum</strong></span> <span class='ocrx_word' id='word_1_258' title='bbox 941 3840 1128 3905; x_wconf 87' lang='lat' dir='ltr'><strong>eorumdem</strong></span> <span class='ocrx_word' id='word_1_259' title='bbox 1143 3839 1361 3904; x_wconf 84' lang='lat' dir='ltr'><strong>instituendis</strong></span> 
     </span>
    </p>
   </div>
   <div class='ocr_carea' id='block_1_3' title="bbox 262 3937 1360 4219">
    <p class='ocr_par' dir='ltr' id='par_1_3' title="bbox 262 3937 1360 4219">
     <span class='ocr_line' id='line_1_36' title="bbox 263 3937 1352 4020; baseline -0.001 -18"><span class='ocrx_word' id='word_1_260' title='bbox 263 3937 401 4020; x_wconf 82' lang='lat' dir='ltr'><strong>singulis</strong></span> <span class='ocrx_word' id='word_1_261' title='bbox 417 3939 570 4020; x_wconf 81' lang='lat' dir='ltr'><strong>congruis</strong></span> <span class='ocrx_word' id='word_1_262' title='bbox 586 3939 802 4020; x_wconf 87' lang='lat' dir='ltr'><strong>portionibus,</strong></span> <span class='ocrx_word' id='word_1_263' title='bbox 819 3939 993 4020; x_wconf 85' lang='lat' dir='ltr'><strong>dequibus</strong></span> <span class='ocrx_word' id='word_1_264' title='bbox 1015 3939 1077 4020; x_wconf 91' lang='lat' dir='ltr'><strong>ipsi</strong></span> <span class='ocrx_word' id='word_1_265' title='bbox 1092 3938 1204 4019; x_wconf 76' lang='lat' dir='ltr'><strong>vicarii</strong></span> <span class='ocrx_word' id='word_1_266' title='bbox 1220 3947 1352 4004; x_wconf 87' lang='lat' dir='ltr'><strong>susten·</strong></span> 
     </span>
     <span class='ocr_line' id='line_1_37' title="bbox 262 4035 1360 4119; baseline 0 -19"><span class='ocrx_word' id='word_1_267' title='bbox 262 4035 334 4113; x_wconf 85' lang='lat' dir='ltr'><strong>tari,</strong></span> <span class='ocrx_word' id='word_1_268' title='bbox 352 4037 547 4119; x_wconf 85' lang='lat' dir='ltr'><strong>episcopalia</strong></span> <span class='ocrx_word' id='word_1_269' title='bbox 562 4037 635 4118; x_wconf 81' lang='lat' dir='ltr'><strong>iura</strong></span> <span class='ocrx_word' id='word_1_270' title='bbox 651 4037 792 4112; x_wconf 90' lang='lat' dir='ltr'><strong>soluere,</strong></span> <span class='ocrx_word' id='word_1_271' title='bbox 809 4053 848 4103; x_wconf 89' lang='lat' dir='ltr'><strong>ee</strong></span> <span class='ocrx_word' id='word_1_272' title='bbox 862 4039 923 4102; x_wconf 86' lang='lat' dir='ltr'><strong>alia</strong></span> <span class='ocrx_word' id='word_1_273' title='bbox 946 4055 1004 4119; x_wconf 93' lang='lat' dir='ltr'><strong>pro</strong></span> <span class='ocrx_word' id='word_1_274' title='bbox 1019 4047 1165 4119; x_wconf 91' lang='lat' dir='ltr'><strong>tempore</strong></span> <span class='ocrx_word' id='word_1_275' title='bbox 1186 4037 1238 4102; x_wconf 89' lang='lat' dir='ltr'><strong>eis</strong></span> <span class='ocrx_word' id='word_1_276' title='bbox 1252 4051 1360 4102; x_wconf 76' lang='lat' dir='ltr'><strong>onera.</strong></span> 
     </span>
     <span class='ocr_line' id='line_1_38' title="bbox 263 4135 1358 4219; baseline 0.002 -21"><span class='ocrx_word' id='word_1_277' title='bbox 263 4135 479 4202; x_wconf 80' lang='lat' dir='ltr'><strong>incumbentia</strong></span> <span class='ocrx_word' id='word_1_278' title='bbox 502 4147 695 4219; x_wconf 86' lang='lat' dir='ltr'><strong>supportare</strong></span> <span class='ocrx_word' id='word_1_279' title='bbox 718 4137 887 4203; x_wconf 91' lang='lat' dir='ltr'><strong>commode</strong></span> <span class='ocrx_word' id='word_1_280' title='bbox 910 4145 1060 4218; x_wconf 89' lang='lat' dir='ltr'><strong>poterunt</strong></span> <span class='ocrx_word' id='word_1_281' title='bbox 1083 4137 1116 4200; x_wconf 92' lang='lat' dir='ltr'><strong>in</strong></span> <span class='ocrx_word' id='word_1_282' title='bbox 1137 4151 1217 4202; x_wconf 85' lang='lat' dir='ltr'><strong>rsus</strong></span> <span class='ocrx_word' id='word_1_283' title='bbox 1240 4143 1273 4202; x_wconf 88' lang='lat' dir='ltr'><strong>ot</strong></span> <span class='ocrx_word' id='word_1_284' title='bbox 1293 4136 1358 4200; x_wconf 62' lang='lat' dir='ltr'><strong>ep.</strong></span> 
     </span>
    </p>
   </div>
   <div class='ocr_carea' id='block_1_4' title="bbox 0 0 1554 4940">
    <p class='ocr_par' dir='ltr' id='par_1_4' title="bbox 0 0 1554 4940">
     <span class='ocr_line' id='line_1_39' title="bbox 0 0 1554 4940; baseline 0 0"><span class='ocrx_word' id='word_1_285' title='bbox 0 0 1554 4940; x_wconf 95' lang='lat' dir='ltr'><strong> </strong></span> 
     </span>
    </p>
   </div>
  </div>
 </body>
</html>
