3240 4946
659 477 778 549 -bol
806 519 846 533 -

156 715 160 722 ,
246 658 295 728 ll.
323 661 472 744 Magister
492 659 836 743 lobannasi.(l1litrs‘ll
856 667 1006 733 lobannis
1026 667 1133 752 ducobp'
1154 659 1195 735 de
1212 665 1294 734 Gan·

203 764 287 828 dano
299 763 493 844 supplicauit
506 763 600 829 etiarn
616 765 656 830 ci
669 766 851 832 decembris
866 769 946 833 ldl8
965 768 1088 833 admitti
1101 769 1139 834 ad
1154 768 1294 834 officium

205 862 459 943 procurationis3
489 862 582 943 cuius
612 865 879 946 supplicationem
916 866 1109 933 universitas
1137 867 1298 933 commisit

205 960 321 1042 rectorj
338 969 369 1026 et
384 961 544 1042 deputatis
561 963 784 1028 assumendis.

247 1085 286 1148 ti
302 1094 333 1151 et
351 1085 401 1150 l3.
425 1085 586 1150 lebannes
610 1088 751 1152 custodis
775 1097 807 1153 et
828 1088 993 1154 lebannes
1018 1091 1062 1154 lle
1087 1091 1202 1168 Pullar,
1229 1106 1295 1154 me·

176 1205 183 1214 ’
207 1194 372 1250 morantur
384 1184 414 1248 in
428 1187 513 1250 Actis
528 1187 741 1250 {inienuitatis
755 1187 791 1251 nd
808 1187 892 1254 diem
906 1187 941 1250 3l
959 1185 1030 1250 maii
1047 1178 1153 1251 liiii:
1171 1211 1184 1248 ι
1202 1190 1295 1253 Lecta

206 1285 264 1349 luit
279 1283 471 1366 supplicatio
486 1283 639 1359 lobannis
656 1287 693 1349 de
710 1287 816 1350 Putter·
832 1303 892 1367 qua
916 1287 1114 1368 supplicauit
1137 1287 1235 1368 recipj
1257 1287 1295 1351 ad

206 1383 339 1448 cilitium
376 1383 613 1462 procurationis
648 1401 754 1449 coram
780 1385 919 1466 domino
957 1396 1096 1460 rectore,
1127 1385 1162 1468 jn
1191 1386 1296 1451 locum

207 1481 326 1548 domini
342 1481 497 1547 lobannis
514 1484 655 1548 Custodis
679 1483 727 1564 snj
754 1485 897 1566 magistri
922 1484 974 1566 quj
999 1495 1171 1550 contentus
1194 1495 1244 1549 est
1267 1493 1298 1550 et

210 1589 338 1662 paratus
353 1581 414 1661 sibi
431 1598 524 1646 suum
542 1581 676 1647 offitium
691 1581 930 1663 procurationis
943 1599 1053 1648 coram
1066 1583 1152 1649 dicto
1165 1583 1295 1648 domino

209 1688 334 1746 rectore
347 1680 463 1745 cadere
479 1689 509 1744 et
521 1681 695 1746 dimittere.
713 1682 816 1762 Super
829 1699 892 1764 quo
905 1682 1099 1748 uniuersitas
1112 1683 1296 1748 deliberans

209 1779 370 1844 commisit
382 1796 515 1845 examen
531 1780 606 1845 dieti
623 1781 781 1846 lobannis
797 1781 1012 1863 supplicantis
1024 1781 1296 1864 super'qualtfioa-

208 1878 295 1944 tione
324 1877 455 1944 domino
482 1879 597 1960 rectorj
629 1890 660 1944 et
689 1881 863 1961 deputetis,
892 1891 922 1945 et
952 1897 1027 1945 casu
1056 1899 1119 1962 quo
1152 1882 1299 1962 ydoneus

209 1977 386 2060 reperiatur
402 1976 539 2042 eundem
554 1977 685 2043 admisit
705 2000 733 2040 u.

252 2153 309 2216 Les
344 2153 470 2234 sappils
506 2153 543 2215 dc
579 2153 779 2216 l'llniuersiti.
813 2153 878 2216 lloc
917 2152 1046 2218 nomine
1083 2153 1298 2218 censebantur

210 2269 323 2316 omnes
349 2267 552 2333 quocumque
580 2251 669 2316 titulo
696 2251 902 2316 Universitati
930 2251 1066 2333 subjecti
1095 2269 1151 2317 seu
1179 2253 1296 2318 adbae-

212 2358 330 2415 rentes.
346 2350 391 2414 lie
407 2349 446 2415 iis
462 2349 575 2414 scribit
592 2349 713 2430 Paquot
729 2359 860 2414 secutus
878 2349 1043 2415 Nicolaum
1057 2350 1270 2416 Vernulacnm
1288 2369 1296 2415 :

212 2452 254 2514 lle
289 2450 472 2513 Academiae
509 2448 640 2513 subditis
677 2468 743 2524 acte,
775 2455 808 2512 at
847 2447 1014 2530 appellunt,
1046 2451 1223 2531 suppositis.
1255 2484 1295 2496 -

212 2548 426 2624 «Academia,
457 2549 544 2612 uelut
584 2547 786 2628 respublicae
823 2547 995 2625 literariao,
1026 2549 1294 2630 quemadmodum

213 2647 416 2728 magistratus
446 2664 536 2722 suoS,
558 2647 600 2712 tta
630 2657 660 2712 et
690 2663 784 2712 suum
815 2647 910 2712 babet
942 2647 1115 2728 populum;
1142 2656 1238 2729 atquc
1267 2647 1300 2712 in

214 2746 323 2811 eadem
342 2747 420 2811 urbe
438 2745 625 2810 lovaniensi
643 2745 770 2827 quidam
786 2745 918 2810 'urbano
943 2746 1152 2828 magistratui,
1170 2747 1299 2828 quidam

215 2845 399 2909 academico
416 2855 538 2928 parent.
558 2845 601 2909 De
622 2845 685 2909 illis
701 2860 808 2909 sermo
826 2846 918 2910 nobis
936 2847 1044 2911 nullus
1062 2855 1129 2920 est;
1148 2847 1208 2910 bos
1224 2863 1300 2910 vcro

216 2959 387 3007 recensere
410 2959 528 3024 operae
551 2943 698 3022 pretinm,
718 2960 756 3007 nc
778 2943 850 3024 quis
873 2943 998 3024 ignoret
1021 2943 1198 3026 exquibus
1221 2944 1299 3008 Aca-

216 3041 319 3106 demia
342 3041 613 3106 contemnebant
637 3057 748 3107 eorum
770 3050 845 3106 sunt
867 3041 1011 3118 ordines,
1028 3042 1080 3123 qni
1107 3042 1296 3108 Academiae

218 3140 347 3206 nomine
362 3149 547 3206 censentur.

259 3239 398 3306 ll’rimo
435 3239 465 3302 in
502 3239 616 3304 ordine
648 3247 723 3303 sunt
751 3237 945 3319 quicumque
974 3237 1166 3304 academicis
1196 3238 1300 3303 titulis

216 3341 399 3424 insignes:
431 3343 593 3418 doctores,
624 3339 774 3404 licentiati
816 3347 847 3404 ot
886 3339 1085 3404 baccalaurei
1127 3339 1302 3405 cuiuslibet

217 3442 392 3517 facultatis;
431 3458 467 3507 ea
506 3449 610 3504 tamen
641 3439 710 3520 lege
741 3447 773 3503 ut
803 3455 883 3520 quac
913 3437 1073 3504 literariae
1103 3437 1301 3519 protessioni

216 3541 439 3618 adversantur,
457 3555 656 3622 nequaqnam
683 3547 904 3604 excerceant:
931 3555 993 3602 non
1020 3547 1210 3620 quaestores
1236 3539 1303 3604 sint

216 3641 351 3705 aliorum
389 3640 626 3722 toparcharum,
658 3653 721 3702 non
757 3637 902 3701 vicorum
933 3645 1111 3718 praetores,
1143 3653 1206 3701 non
1237 3636 1299 3700 alio

217 3739 372 3804 saeculari
402 3738 584 3822 magistratu
616 3738 796 3818 iungentes,
821 3736 920 3800 multo
950 3735 1056 3800 minus
1085 3745 1298 3801 mercaturam

218 3847 272 3902 ant
288 3837 380 3901 ullum
398 3837 534 3919 aliquam
550 3845 650 3901 artem
666 3843 865 3900 exercentes.
883 3834 940 3910 Qui
958 3843 1062 3900 autem
1080 3835 1168 3900 urbis
1187 3836 1304 3916 magis·

218 3946 332 4001 tratum
357 3946 472 4016 gerunt
498 3935 607 3999 autin
634 3934 704 4016 ejus
731 3933 909 3998 ministerio
936 3933 1066 4015 degunt,
1084 3933 1217 4009 civitati,
1237 3951 1303 3998 non

216 4035 417 4108 Academiae,
435 4034 569 4115 subjecti
586 4044 673 4098 sunt.

259 4133 473 4196 «Secundum
506 4131 650 4196 ordinem
680 4131 879 4196 constituunt
908 4130 1102 4214 quicumque
1132 4129 1300 4196 scholares

218 4233 285 4296 sire
315 4230 464 4295 studiosi.
487 4231 544 4304 Qui
574 4246 686 4294 omnes
713 4229 859 4295 Rectoris
885 4239 916 4295 et
941 4229 1131 4296 Academiae
1158 4229 1298 4294 subsunt

302 4346 325 4394 r.
1181 4325 1219 4390 37
